3025 4892
1093 228 1140 280 H
1151 226 1520 281 ESYCHIUS.
2322 226 2451 292 203

163 388 457 475 ξάνδρου
511 390 936 474 ἐφημερίδων
997 387 1108 455 καὶ
1176 391 1294 475 τῆς
1349 384 1791 473 Ἀλεξάνδρου
1852 390 2157 471 τελευτῆς
2219 392 2447 471 βιβλία

165 496 392 579 πέντε,
437 494 720 585 Ιέγραψε
765 495 916 582 περὶ
961 498 1276 581 ποταμῶν
1324 494 1434 561 καὶ
1479 482 1751 579 κ’ρηνῶν
1796 494 1906 559 καὶ
1953 492 2274 583 λιμνῶνΙ.

349 602 650 669 DOGLII.
715 600 1090 684 Στράτων
1135 598 1424 686 κωμικὸς
1467 604 1585 686 τῆς
1630 601 1833 687 μέσης
1866 602 2236 689 κωμῳδίας.
2308 604 2447 667 τῶν

166 705 524 791 δραμάτων
573 704 782 775 αὐτοῦ
828 698 913 791 ἦν
965 709 1220 789 Φοῖνιξ.

349 813 686 881 DCOLIII.
761 812 1139 899 Στράτων
1187 812 1648 900 Λαμψακηνὴς
1692 810 2097 899 φιλόσοφος,
2154 812 2450 899 Θεοφρά-
2483 830 2509 869 5

163 939 336 985 στου
366 918 698 1006 γνώριμος
733 919 845 987 καὶ
887 922 1218 1007 διάδοχος,
1265 918 1414 999 υίὸς
1451 918 1525 987 δὲ
1558 918 1983 1007 Ἀρκεσιλάου
2019 915 2060 1006 ἢ
2094 918 2457 1005 Ἀρκεσίου,

163 1022 238 1104 ὃς
313 1025 638 1113 ἐπεκλήθη
695 1024 980 1112 φυσικὸς
1035 1024 1148 1093 διὰ
1203 1023 1278 1093 τὸ
1335 1023 1494 1112 παρ’
1556 1023 1919 1093 ὁντιναοῦν
1975 1028 2457 1113 ἐπιμεληθῆναι

163 1134 284 1216 τῆς
339 1136 624 1218 φυσικῆς
676 1138 986 1217 θεωρίας.
1081 1132 1539 1218 [καθηγήσατο
1598 1131 1671 1199 δὲ
1712 1132 1822 1199 καὶ
1870 1138 2293 1218 Πτολεμαίου
2336 1134 2457 1199 τοῦ

163 1239 646 1323 ἐπικληθέντος
695 1240 1154 1325 Φιλαδέλφου]
1201 1239 1312 1305 καὶ
1360 1244 1607 1327 ἔγραψε
1654 1244 1881 1324 βιβλία
1927 1237 2156 1306 πολλά.

347 1346 682 1413 DCOLIV
739 1346 1134 1424 Συνέσιος
1161 1344 1644 1425 Πενταπόλεως
1686 1350 1805 1431 τῆς
1840 1348 1915 1413 έν
1954 1343 2175 1433 Λιβύῃ
2212 1350 2451 1431 Θηβαΐ-
2488 1364 2539 1403 10

167 1454 312 1534 δος,
358 1450 750 1538 φιλόσοφος,
789 1453 1140 1531 ἐπίσκοπος
1178 1455 1659 1538 Πτολεμαΐδος,
1696 1455 2045 1538 ίερατικων
2080 1450 2459 1539 γενόμενος.

161 1563 413 1644 ἔγραψε
478 1564 706 1643 βιβλία
775 1557 1070 1644 διάφορα
1137 1557 1556 1645 γραμματικά
1619 1584 1689 1627 τε
1746 1559 1857 1625 καὶ
1915 1556 2287 1643 φιλόσοφα,
2350 1557 2460 1624 καὶ

161 1663 412 1751 λόγους
456 1664 873 1750 βασιλικούς,
928 1689 1430 1751 πανηγυρικους
1473 1660 1514 1750 ἢ
1566 1666 2071 1747 ἐπιδεικτικούς,
2129 1660 2459 1749 ἐγκωμιόν

159 1798 228 1838 τε
279 1774 652 1859 φαλάκρας,
697 1771 807 1839 καὶ
854 1770 1004 1876 περὶ
1046 1777 1368 1858 προνοίας
1404 1769 1611 1856 λόγον
1648 1770 2059 1859 θαυμάσιον,
2096 1768 2459 1858 Ἑλληνικῷ

161 1882 556 1966 χαρακτῆρι·
603 1878 713 1944 καὶ
751 1906 866 1956 τας
901 1878 1413 1965 θαυμαζομένας
1449 1878 1798 1956 ἐπιστολάς
1836 1877 1946 1944 καὶ
1982 1875 2151 1945 ἄλλα
2189 1884 2459 1943 πλεῖστα
2490 1893 2541 1932 ¹⁵

163 1986 276 2052 καὶ
327 1983 628 2071 διάφορα
674 1990 898 2070 βιβλία
949 1984 1280 2067 συνέταξε.

346 2091 657 2159 DGCLV.
749 2088 1159 2175 Συριανὸς
1217 2088 1686 2176 Ἀλεξανδρεὺς
1748 2089 2155 2175 φιλόσοφος,
2220 2087 2463 2176 ἡγησά-

163 2226 371 2284 μενος
425 2202 544 2284 τῆς
595 2200 667 2265 ἐν
709 2194 1026 2283 Ἀθήναις
1072 2200 1313 2283 σχολῆς
1356 2222 1426 2265 τε
1471 2198 1581 2263 καὶ
1631 2200 2005 2282 διατριβῆς,
2064 2195 2465 2273 διδάσκαλος

163 2306 532 2393 γενόμενος
570 2302 907 2389 Πρόκλου,
957 2299 1033 2382 ὃς
1075 2304 1180 2369 καὶ
1223 2302 1537 2388 διάδοχος
1574 2300 1783 2369 αὐτοῦ
1822 2304 2098 2387 ἐγένετο.
2172 2306 2461 2389 ἔγραψεν

166 2411 298 2502 Ιείς
327 2401 628 2499 Ὅμηρον
673 2408 838 2477 ὅλον
872 2406 1235 2497 ὑπόμνημα
1274 2411 1348 2476 ἐν
1383 2415 1672 2495 βιβλίοις
1710 2408 1786 2493 ζ’,
1832 2413 1927 2487 είς
1960 2406 2085 2494 τὴν
2122 2412 2461 2475 πολιτείαν
2492 2425 2543 2464 2⁰

168 2520 542 2597 Πλάτωνος
594 2523 820 2604 βιβλία
879 2516 970 2601 δ’,
1026 2521 1120 2595 είς
1173 2517 1298 2603 τὴν
1340 2514 1629 2604 Ὀρφέως
1682 2521 2046 2602 θεολογίαν
2097 2520 2323 2601 βιβλία
2370 2514 2462 2600 β’,

98 2710 104 2715 -
167 2698 218 2747 p.
251 2688 355 2734 121
393 2682 452 2733 et
483 2684 582 2732 125
612 2680 756 2744 not.;
797 2677 981 2743 Daub‚
1023 2674 1176 2730 Stud.
1211 2693 1264 2745 p.
1299 2680 1362 2728 18
1477 2683 1540 2730 17
1583 2674 1796 2745 ἔγραψε
1828 2676 1919 2730 hic
1958 2676 2082 2730 add.
2112 2676 2280 2742 Eud„
2319 2675 2466 2729 infra

167 2762 300 2815 ante
338 2758 474 2828 περὶ
509 2778 630 2812 ποτ.
661 2762 707 2811 Δ
863 2763 890 2809 1
941 2772 1085 2825 quae
1132 2754 1330 2823 scripsi
1377 2757 1669 2811 monuerat
1702 2757 2059 2827 Bernhardy3
2110 2755 2205 2809 καὶ
2250 2755 2382 2824 περὶ
2418 2774 2465 2809 τ.

163 2834 258 2896 'AL
299 2844 412 2893 τελ.
454 2856 494 2893 s,
538 2839 630 2894 fin.
669 2835 933 2891 exhibent
978 2852 1168 2889 omnes
1205 2834 1360 2901 libri;
1405 2838 1590 2909 βιβλία
1628 2833 1796 2890 πέντε
1836 2856 1878 2889 ε.
1916 2836 2009 2889 fin.
2048 2840 2094 2889 A
2141 2835 2259 2903 (qui
2295 2835 2463 2891 etiam

168 2918 265 2972 καὶ
305 2920 408 2987 τῆς
441 2914 535 2973 Ἆλ.
573 2920 730 2986 τελ.),
770 2916 920 2985 quod
957 2918 1086 2985 post
1125 2911 1292 2985 ἐφημ.
1324 2914 1448 2969 edd.
1479 2918 1615 2969 vett.
1655 2920 1712 2970 et
1748 2918 1891 2985 vuly.
1923 2916 2149 2969 habent.
2208 2914 2466 2969 Ceterum

169 3000 269 3051 aut
309 2998 643 3053 Strattidem
681 2998 740 3051 et
775 2995 1135 3066 Ephipphum
1165 2994 1491 3063 Olynthium
1531 2994 1790 3049 confusos
1818 3011 1963 3061 esse,
2007 2998 2106 3047 aut
2140 2992 2291 3047 idem
2328 3011 2467 3062 opus

173 3096 300 3131 mox
347 3078 447 3133 uni
490 3094 619 3131 mox
664 3075 830 3131 alteri
865 3078 1060 3130 datum
1107 3075 1394 3144 probabile
1439 3077 1548 3141 σοὺς
1600 3074 1827 3129 lectoris
1866 3091 2034 3127 manu
2080 3072 2173 3127 hio
2212 3072 2467 3127 additum

170 3161 340 3227 putat
377 3158 548 3211 Daub
693 3163 724 3211 2
764 3176 819 3211 π.
858 3176 979 3211 ποτ.
1021 3155 1300 3211 Stratonis
1337 3153 1557 3224 physici
1594 3171 1711 3209 esse
1750 3154 1895 3209 vidit
1924 3155 2245 3209 Gutschmid

175 3238 276 3291 καὶ
313 3234 458 3292 ἄλλα
489 3237 614 3292 add.
645 3238 796 3291 Eud.

317 3316 564 3373 DCCLII
602 3318 752 3371 Eud.
791 3335 845 3385 p.
879 3321 998 3370 648.
1065 3316 1295 3371 Tractat
1329 3314 1587 3370 Meineke
1624 3316 1648 3367 I
1686 3333 1739 3383 p.
1770 3320 1875 3369 426
1906 3333 2019 3383 seq.
2078 3312 2163 3367 Ab
2201 3314 2471 3383 Hesychii

176 3397 592 3467 Onomatologo
641 3396 882 3451 alienam
934 3398 1099 3465 putat
1137 3397 1334 3461 Daub,
1383 3398 1450 3451 de
1501 3396 1655 3451 said.
1695 3414 1749 3465 p.
1788 3400 1893 3449 484
2073 3402 2107 3448 4
2148 3396 2471 3462 Φοινικίδης

174 3479 328 3547 apud
365 3478 568 3533 Athen.
609 3477 687 3531 IX
724 3496 776 3547 p.
809 3482 910 3531 382
2556 3532 2571 3545 ,

319 3556 591 3611 DchuI
625 3557 778 3611 Eud.
816 3575 870 3625 p.
904 3562 1023 3611 653.
1099 3556 1180 3612 Cf.
1219 3556 1383 3627 Diog.
1415 3505 1482 3623 V,
1511 3562 1580 3611 58
1726 3560 1759 3609 8
1797 3550 2167 3622 καθηγήσατο
2200 3586 2263 3591 -
2308 3558 2471 3607 Φιλα-

179 3636 398 3709 δέλφου
429 3656 537 3692 om.
567 3638 738 3703 Eud„
776 3638 926 3691 certe
956 3636 1206 3691 ordinem
1240 3637 1497 3703 turbant;
1536 3634 1901 3703 transscripta
1928 3635 2057 3686 sunt
2084 3650 2152 3686 ex
2180 3630 2343 3701 Diog.
2364 3632 2399 3685 1.
2424 3650 2468 3686 ο.

323 3716 589 3772 DCCLlV
627 3718 779 3773 Eud.
809 3735 861 3787 p
883 3723 984 3772 653
1081 3724 1146 3771 10
1175 3720 1312 3772 Συν.
1345 3712 1525 3771 ἐπισκ.
1557 3711 1621 3769 ἐκ
1650 3718 1750 3769 Πτ.
1784 3717 1952 3769 Πεντ.
1982 3712 2132 3767 Eud.
2238 3716 2302 3764 14
2330 3706 2472 3780 πρὸς

175 3792 462 3867 Ἀρκάδων
490 3794 590 3853 τὸν
621 3794 853 3871 βασιλέα
873 3798 1004 3868 post
1026 3794 1346 3869 βασιλικούς
1367 3795 1492 3850 add.
1513 3796 1685 3863 Eud,
1715 3812 1855 3864 quae
1879 3810 1944 3849 ex
1963 3792 2134 3863 ipsius
2154 3791 2470 3860 cognitione

182 3892 305 3931 eam
325 3876 605 3932 addidisse
625 3880 790 3948 putat
805 3878 994 3946 Daub‚
1015 3877 1084 3932 de
1096 3877 1241 3931 Viol.
1263 3891 1317 3947 p.
1341 3883 1372 3931 9
1451 3880 1516 3929 15
1534 3876 1707 3929 verba
1726 3874 1822 3928 καὶ
1841 3864 2028 3935 vdes—-
2051 3866 2345 3931 ἐπιστολάς
2361 3869 2471 3923 hue

183 3956 456 4011 collocavi
494 3957 801 4012 Eudociam
839 3960 1086 4021 secutum
1126 3959 1256 4026 post
1303 3955 1571 4019 συνέταξε
1609 3954 1757 4007 male
1794 3951 2061 4007 exhibent
2096 3951 2309 4005 Suidae
2342 3947 2471 4003 libri

326 4035 564 4105 DCOLV
602 4038 755 4092 Eud.
793 4056 848 4106 p.
880 4042 1010 4106 654,
1049 4053 1192 4103 quae
1229 4054 1336 4091 om.
1374 4030 1728 4103 ἡγησάμενος
1757 4065 1797 4071 -
1804 4028 2093 4100 -ἔγένετο,
2159 4030 2241 4085 cf.
2270 4027 2473 4083 Marini

188 4116 284 4171 vit
323 4103 509 4172 Procli
547 4135 591 4173 e
622 4123 716 4182 263
754 4116 1002 4183 Lobeek‚
1040 4116 1166 4185 Agl.
1196 4135 1249 4185 p.
1280 4122 1386 4170 344
1553 4120 1615 4167 17
1655 4111 1987 4179 ἰσοκρατίων
2023 4113 2155 4180 post
2190 4115 2305 4179 φιλ.
2344 4110 2469 4164 add.

191 4198 340 4249 AVB
449 4203 517 4251 20
554 4196 742 4251 Verba
777 4197 992 4251 seclusa
1028 4196 1100 4249 ad
1126 4196 1310 4250 Procli
1345 4195 1524 4251 vitam
1562 4194 1833 4263 spectare,
1869 4190 2015 4245 unde
2046 4190 2273 4245 lectoris
2304 4209 2472 4244 manu

189 4272 246 4327 in
283 4275 505 4345 Syriani
545 4274 1014 4345 immigraverint‚
1061 4273 1206 4328 vidit
1243 4275 1601 4344 Bernhardy,
1647 4277 1688 4324 B
1723 4270 1871 4326 inter
1906 4287 2047 4325 vere.
2086 4270 2261 4325 habet
2302 4266 2473 4341 ζήτει,

191 4355 337 4420 quod
371 4357 524 4411 recte
561 4355 866 4425 coniungas
905 4373 1031 4409 cum
1071 4352 1150 4415 εἰς
1186 4350 1255 4407 τὰ
1291 4350 1553 4422 Πρόκλου
