3025 4892
529 820 554 859 5

505 1354 554 1391 10

582 208 711 273 226
1500 205 1927 261 HESYOHIUS.

758 367 1314 435 DGOOXXXVII.
1383 371 1764 445 Φιλίσκος
1798 364 2416 453 Μιλήσιος-ῥήτωρ,
2456 361 2844 452 Ἰσοκράτους

581 471 906 560 ἀκουστὴς
958 477 1079 542 τοῦ
1131 472 1433 561 ῥήτορος.
1526 472 1783 557 ἐγένετο
1832 470 1909 539 δὲ
1954 470 2283 559 πρότερον
2329 467 2617 557 αὐλητὴς
2657 494 2844 557 παρα-

583 580 964 667 δοξότατος,
1031 579 1138 648 διὸ
1212 581 1323 647 καὶ
1382 575 1834 666 Αὐλοτρύπην
1894 575 2273 667 Ἰσοκράτης
2344 575 2553 645 αὐτὸν
2634 575 2844 645 ἐκάλει.

491 710 497 718 ·
579 687 937 774 γέγραπται
987 687 1060 755 δὲ
1108 684 1285 779 αὐτῷ
1322 685 1510 753 τάδε·
1556 684 2007 771 Μιλησιακός,
2048 682 2629 771 Ἀμφικτυονικός,
2672 684 2845 770 τέχνη

581 793 898 882 ῥητορικὴ
945 796 1018 861 ἐν
1064 798 1352 879 βιβλίοις
1394 790 1489 879 β’,
1533 790 1956 881 Ἰσοκράτους
1999 789 2355 879 ἀπόφασις.

758 901 1348 968 DCCCXXXVIII.
1415 904 1857 983 [Φιλίσκος,
1902 894 1973 984 ἢ]
2019 904 2354 983 Φίλιστος,
2401 894 2846 985 Συρακούσιος

581 1006 930 1095 ἱστορικός.
1002 998 1088 1093 ἦν
1128 1006 1200 1074 δὲ
1239 1004 1568 1093 συγγενὴς
1608 1010 1988 1074 Διονυσίου
2023 1010 2145 1074 τοῦ
2187 1003 2532 1094 τυράννου
2561 1007 2847 1081 Σικελίας

580 1115 690 1181 καὶ
737 1116 810 1181 ἐν
855 1116 936 1202 τῇ
973 1111 1138 1201 πρὸς
1173 1115 1690 1200 Καρχηδονίους
1733 1117 2070 1204 ναυμαχία
2109 1112 2504 1198 ἐτελεύτησε.
2574 1106 2852 1197 μαθητὴς

582 1218 658 1287 δὲ
702 1212 788 1306 ἦν
827 1216 1105 1306 Εὐήνου
1139 1222 1260 1287 τοῦ
1299 1222 1769 1305 ἐλεγειοποιοῦ.
1844 1224 2089 1307 ἔγραψε
2118 1217 2435 1287 Σικελικὰ
2476 1220 2643 1307 (ἔστι
2684 1214 2851 1284 δὲτὰ

581 1324 746 1413 πρὸς
775 1324 1103 1413 εἝλληνάς
1147 1323 1376 1405 αὐτοῖς
1414 1325 1800 1413 πραχθέντα
1840 1324 2213 1414 διαφόρως)
2259 1326 2371 1393 καὶ
2416 1326 2850 1413 γενεαλογίαν,

586 1429 600 1519 Ι
636 1431 786 1517 περὶ
839 1437 1181 1519 Φοινίκης,
1223 1431 1236 1523 Ι
1282 1433 1394 1500 καὶ
1441 1430 1610 1500 ἄλλα
1655 1430 1807 1500 τινὰ
1852 1432 2001 1520 περὶ
2046 1436 2163 1519 τῆς
2205 1430 2419 1519 νήσου
2458 1436 2774 1510 Σικελίας.

759 1538 1287 1607 DGCOXXXIX.
1367 1545 1807 1609 Φιλιστίων
1853 1537 2304 1629 ΙΠρουσαεύς,
2349 1534 2456 1629 ἢΙ,
2504 1537 2596 1618 ὥς
2648 1544 2850 1605 Φίλων

582 1643 987 1733 Σαρδιανός,
1024 1643 1329 1732 κωμικός.
1376 1644 1671 1736 Ιτελευτᾷ
1710 1644 1785 1713 δὲ
1814 1643 1942 1714 ὑπὸ
1983 1644 2445 1736 ΣωκράτουςΙ.
2513 1642 2591 1726 ὃς
2630 1650 2848 1733 ἔγραψε

581 1755 933 1843 κωμῳδίας
995 1750 1398 1839 βιολογικάς.
1488 1750 1523 1842 ΙΙ
1540 1756 1808 1842 τελευτᾷ
1866 1750 1941 1819 δὲ
1994 1749 2125 1820 ὑπὸ
2184 1753 2471 1838 γέλωτος
2527 1749 2853 1840 άπείρουΙΙ.

533 1887 557 1925 5
588 1856 891 1945 δράματα
958 1857 1033 1924 δὲ
1097 1854 1306 1926 αὐτοῦ
1362 1863 1907 1945 Μιμοψηφισταί.
2006 1850 2203 1937 οὗτός
2265 1859 2445 1926 ἐστιν
2512 1856 2549 1927 ὃ
2617 1857 2852 1946 γράψας

582 1961 703 2029 τὸν
745 1962 1132 2051 Φιλόγελων
1178 1963 1393 2052 ἤγουν
1437 1962 1512 2031 τὸ
1563 1969 1832 2051 βιβλίον
1876 1962 1949 2032 τὸ
1991 1964 2371 2053 φερόμενον
2408 1969 2504 2044 είς
2542 1964 2661 2033 τὸν
2699 1971 2852 2031 Κου-

585 2072 721 2157 ρέα.
813 2069 1136 2161 ΙΝικαεὺς
1194 2072 1268 2139 δὲ
1319 2073 1578 2159 μᾶλλον
1623 2071 1800 2159 παρὰ
1846 2074 2055 2142 πᾶσιν
2102 2069 2361 2163 ᾅδεται,
2424 2068 2517 2151 ὡς
2563 2083 2859 2159 μαρτυρεῖ

581 2174 658 2242 τὸ
722 2178 1097 2264 ἐπίγραμμα
1145 2175 1213 2246 εὁ
1259 2174 1381 2246 τὸν
1427 2180 1966 2246 πολυστένακτον
2011 2175 2400 2267 ἀνθρώπων
2446 2183 2602 2264 βίον
2646 2179 2855 2263 γέλωτι

580 2282 867 2370 κεράσας
912 2283 1209 2365 Νικαεὺς
1260 2287 1625 2353 Φιλιστίων
1638 2283 1716 2375 Ἰ.

724 2506 1170 2562 DCCOXXXVII
1217 2506 1366 2561 Eud.
1405 2524 1460 2575 p.
1501 2511 1625 2561 715.
1696 2505 1779 2561 Of.
1826 2524 1878 2561 v.
1922 2509 2171 2576 Τίμαιος.
2248 2506 2591 2575 compilavit
2638 2507 2855 2561 Pseudo-

582 2587 715 2642 Hes.
754 2604 799 2642 ο.
831 2593 897 2641 ’73
1028 2593 1060 2641 2
1099 2582 1372 2655 πρότερον
1410 2602 1519 2640 om.
1558 2566 1711 2641 Eub.
1857 2592 1889 2639 3
1926 2586 2033 2640 hoo
2072 2586 2274 2641 falsum
2314 2604 2434 2641 esse
2472 2586 2711 2655 videtur,
2747 2602 2857 2639 cum

586 2666 785 2721 comici
825 2668 1124 2721 Isocratem
1173 2667 1252 2719 sic
1289 2665 1727 2735 appellaverint,
1777 2665 1848 2723 ef.
1886 2665 2145 2721 Meineke
2182 2666 2235 2720 II
2272 2686 2328 2737 p.
2358 2672 2462 2722 ’165
2607 2672 2643 2719 4
2676 2664 2856 2735 τέχνην

585 2743 887 2818 ῥητορικήν
924 2751 970 2798 Δ
1104 2751 1135 2800 5
1175 2746 1336 2799 δυσὶν
1365 2750 1411 2797 Δ
1448 2740 1555 2799 δύο
1595 2762 1704 2800 om.
1732 2751 1775 2798 Ε

726 2825 1199 2881 DCCCXXXVIII
1236 2825 1387 2881 Eud.
1429 2843 1483 2894 p.
1518 2831 1637 2880 713.
1694 2825 1899 2878 Totam
1936 2824 2110 2880 vitam
2149 2844 2199 2883 o.
2237 2832 2299 2881 A.
2358 2826 2592 2881 Tractat
2616 2823 2851 2879 Mullerl

580 2924 632 2974 p.
664 2904 920 2975 XLVIII,
967 2904 1158 2973 Daub‚
1199 2904 1355 2960 Stud.
1394 2924 1448 2974 p.
1480 2912 1545 2959 22
1578 2922 1691 2974 seq.
1836 2912 1867 2959 6
1908 2908 2026 2961 Φιλ.
2064 2900 2099 2976 ἢ
2140 2907 2346 2962 Suidae
2391 2924 2575 2961 errore
2623 2906 2851 2961 additum

579 2980 615 3055 ἢ
656 2988 774 3040 Φιλ.
815 3002 922 3039 om.
962 2986 1116 3040 Eud.
1261 2989 1295 3039 8
1332 2986 1584 3053 Καρχηὸ.
1631 2984 1833 3040 vitiose
1882 3002 1949 3039 ex
1995 2987 2343 3056 confusione,
2382 3004 2511 3041 eum
2548 2988 2656 3041 Dio
2699 2985 2856 3041 nomi·
2974 3034 2976 3057 ;

581 3066 703 3120 nari
740 3065 996 3120 debuerit
1107 3070 1172 3118 10
1210 3064 1577 3134 γενεαλογίαν
1611 3067 1877 3127 Σικελίας
1905 3106 1916 3118 .
1953 3108 1964 3120 .
1995 3107 2007 3120 .
2047 3068 2145 3121 καὶ
2172 3063 2314 3123 ἄλλα
2344 3064 2472 3123 τινὰ
2502 3069 2634 3140 περὶ
2659 3070 2755 3139 τῆς
2780 3062 2856 3134 νή·
2974 3066 2976 3109 3

581 3166 683 3200 σου
733 3148 820 3215 (ut
866 3144 1198 3213 genealogia
1253 3146 1468 3213 septem
1525 3144 1694 3213 primi
1750 3148 2063 3201 Σικελικῶν
2120 3148 2253 3202 libri
2307 3149 2690 3219 designentur)
2738 3148 2856 3201 Gut-

581 3226 812 3292 schmid‚
854 3226 952 3293 qui
987 3243 1126 3294 opus
1163 3225 1292 3294 περὶ
1332 3226 1599 3293 Φοινίκης
1634 3225 1997 3281 Naucratitae
2035 3228 2192 3283 dedit
2311 3226 2486 3298 νήσου
2516 3246 2627 3284 om.
2656 3228 2797 3282 Eud.

729 3303 1148 3359 DCCCXXXIX
1202 3305 1354 3361 Eud.
1391 3323 1444 3373 p.
1485 3311 1616 3372 724,
1661 3305 2047 3361 Pseudo-Hes.
2086 3325 2131 3361 ο.
2173 3314 2256 3362 Ἷ2.
2332 3307 2491 3363 Certe
2537 3325 2653 3362 non
2688 3305 2852 3361 omnia

585 3384 855 3452 Hesychii
881 3387 1011 3439 sunt
1037 3385 1096 3439 in
1123 3386 1230 3440 hae
1257 3385 1376 3440 vita
1397 3382 1728 3453 corruptelis
1748 3385 2137 3454 erroribusque
2167 3390 2433 3443 scatente.
2478 3388 2655 3442 Unice
2676 3386 2855 3441 Suidae

587 3464 761 3519 errori
797 3464 990 3519 deberi
1025 3466 1250 3533 putavit
1287 3464 1565 3530 Mainake,
1602 3464 1775 3532 praef.
1814 3466 1957 3520 Men.
1998 3485 2053 3535 p.
2077 3466 2205 3521 v111
2244 3471 2303 3522 et
2339 3468 2405 3522 fr.
2438 3483 2579 3522 com.
2608 3446 2721 3536 ΓΡ.
2751 3470 2854 3519 270.

586 3544 781 3598 Plures
811 3546 997 3599 autem
1025 3544 1386 3600 Philistiones
1417 3560 1539 3599 esse
1568 3542 1825 3600 confusos
1854 3545 1999 3600 vidit
2026 3546 2236 3614 Rohde,
2265 3547 2408 3603 Mus·
2435 3549 2615 3603 Rhen.
2643 3542 2854 3601 XXXIV
2972 3622 2974 3637 Ι

587 3644 640 3695 p.
676 3631 780 3680 568
820 3626 960 3681 not:
1014 3627 1064 3694 1)
1103 3625 1434 3679 histrionem
1470 3623 1865 3696 Nicaeensem,
1914 3629 1986 3681 ad
2030 3645 2196 3696 quem
2243 3628 2593 3697 epigramma
2638 3628 2853 3683 referen-

587 3706 739 3774 dum,
777 3710 829 3773 2)
858 3705 1327 3775 mimographum‚
1360 3705 1455 3774 qui
1486 3705 1713 3761 Tiberio
1740 3710 2013 3775 regnante
2039 3707 2199 3776 vixit,
2236 3709 2290 3775 3)
2316 3708 2555 3762 fortasse
2586 3706 2855 3775 antiquum
2972 3740 2974 3777 2

586 3788 813 3854 poetam
851 3786 1125 3840 comicum
1155 3785 1245 3855 (of.
1278 3782 1372 3840 ἐπὶ
1399 3782 1762 3855 Σωκράτους)
1801 3788 1929 3843 ooll.
1956 3786 2183 3854 Kohler,
2222 3788 2409 3842 Mitth.
2439 3788 2609 3841 Arch.
2638 3786 2768 3841 Inst.
2793 3782 2855 3835 Ill

587 3882 641 3933 p.
673 3871 774 3919 243
894 3871 957 3919 12
996 3866 1316 3934 Magnetem
1353 3866 1442 3921 vel
1483 3864 1818 3921 Sardianum
1854 3867 1926 3920 ab
1962 3866 2307 3937 Hieronymo
2337 3868 2537 3922 Chron.
2567 3872 2709 3922 2023
2746 3863 2855 3918 scri-

588 3947 748 4013 ptum
784 3944 956 4000 fuisse
993 3945 1138 4001 vidit
1162 3946 1377 4013 Βοὴᾶο,
1417 3942 1511 3999 ἐπὶ
1540 3946 1837 4019 Σεβαστοῦ
1876 3941 2291 4017 αὐτοκράτορος
2328 3949 2468 4004 coni.
2498 3948 2751 4017 Hilbery,
2786 3962 2853 4013 ep.

589 4025 710 4078 orit.
742 4024 814 4078 ad
832 4024 1088 4093 Vahlen,
1115 4025 1296 4083 minus
1324 4026 1692 4094 probabiliter
1802 4032 1867 4079 13
1896 4021 2011 4080 ὑπὸ
2032 4031 2133 4089 AV,
2164 4022 2258 4081 ἐπὶ
2284 4029 2447 4097 υα19.,
2482 4025 2857 4097 ίσοκράτουςΑ

591 4110 658 4158 14
692 4100 1010 4177 βιολογικάς
1037 4105 1310 4159 Kasterus
1338 4107 1514 4174 βαιολ.
1544 4108 1690 4178 vuly.
1719 4107 1951 4180 τελευτᾷ
1972 4123 2087 4173 seq.
2114 4107 2414 4163 manifesto
2443 4108 2516 4161 ad
2542 4106 2856 4163 Philemona

588 4187 848 4252 spectant
957 4191 1021 4239 15
1052 4188 1362 4254 Μιμοψηφ.
1392 4190 1599 4239 ABVE
1626 4189 1771 4256 ναῖς.
1808 4189 2243 4257 Μιμσψηρισταί
2264 4188 2415 4244 Eud.
2490 4188 2559 4242 de
2596 4186 2854 4243 locutione
2970 4194 2972 4209 ¹

587 4262 658 4317 of.
696 4282 747 4317 v.
781 4262 1150 4334 Δεξικράτης,
1188 4268 1248 4319 et
1278 4282 1422 4333 quae
1450 4266 1532 4320 ibi
1562 4267 1677 4320 dixi
1788 4274 1855 4322 16
1892 4266 1975 4329 εἰς
2001 4263 2271 4337 Ἑρμείαν
2296 4263 2397 4321 τὸν
2425 4265 2655 4336 Κουρέα
2683 4268 2854 4322 Reim-

587 4343 704 4395 είιιε
743 4343 868 4400 coll.
908 4345 1106 4399 Athen.
1138 4346 1267 4399 XIII
1303 4364 1357 4414 p.
1389 4354 1494 4401 349
1646 4355 1708 4403 19
1746 4346 1917 4404 Anth.
1954 4346 2073 4402 Pal.
2113 4346 2245 4417 Vll,
2287 4352 2387 4401 155

2401 4539 2449 4567 A
