3025 4892
532 189 616 253 88
1461 182 1891 239 HESYCHIUS.
1932 261 1937 265 ·

533 348 890 435 ὀνομάτων
951 342 1179 432 βιβλία
1243 344 1312 431 γ’
1316 397 1334 431 ,
1409 342 1729 431 ἐπιτομὴν
1793 346 1927 410 τῶν
1983 334 2422 429 Ἡρακλείδου
2488 341 2845 427 ἱστοριῶν,

532 456 680 541 περὶ
717 458 853 523 τῶν
891 451 1188 542 ἀρχαίων
1227 452 1532 541 ῥητόρων
1570 452 1681 519 καὶ
1716 456 1854 519 τῶν
1892 448 2136 537 λόγων,
2175 444 2276 528 οἶς
2314 450 2630 534 ἐνίκησαν
2661 443 2848 534 πρὸς

534 558 865 647 ἀλλήλους
910 558 1411 647 ἀγωνιζόμενοι.

715 665 846 751 [ὅτι
877 664 1134 750 Ἥρωνι
1181 667 1537 752 ἐπέτρεψεν
1589 661 1831 733 ἑαυτὸν
1879 660 1916 730 ὃ
1964 662 2301 752 Πρόκλος,
2356 660 2557 750 ἀνδρὶ
2601 671 2847 729 θεοσε-

482 800 506 839 5
534 782 644 861 βεῖ
684 775 796 841 καὶ
832 777 1092 840 τελείαν
1129 770 1559 859 παρασκευὴν
1599 771 1901 856 ἐσχηκότι
1935 774 2073 837 τῶν
2108 766 2273 837 κατὰ
2307 765 2433 855 τὴν
2471 772 2837 837 παίδευσιν

538 879 758 965 ὁδῶν,
800 877 1266 963 Ἀλεξανδρεῖ]

717 987 1082 1054 ΟΟΟΧΧΧ.
1151 981 1519 1063 Ἡσίοδος
1566 989 1902 1070 Κυμαῖος,
1964 984 2116 1062 νέος
2172 981 2246 1051 δὲ
2298 983 2649 1069 κομισθεὶς
2698 980 2839 1049 ὑπὸ

539 1098 660 1163 τοῦ
706 1091 952 1181 πατρὸς
991 1097 1168 1160 Δίου
1214 1092 1326 1159 καὶ
1366 1089 1615 1178 μητρὸς
1653 1088 2051 1177 Πυκιμήδης
2088 1088 2433 1179 ἐν”Ασκρῃ
2471 1094 2589 1177 τῆς
2624 1096 2841 1157 Βοίω-

536 1208 698 1281 τίας.
792 1207 1280 1287 γενεαλογεῖται
1340 1197 1415 1265 δὲ
1471 1194 1643 1264 εἶναι
1698 1200 1821 1264 τοῦ
1881 1202 2059 1263 Δίου
2106 1201 2229 1265 τοῦ
2282 1195 2660 1276 ’Λπέλλιδος
2710 1199 2839 1263 τοῦ

464 1336 512 1374 ιο
542 1308 1005 1392 Μελανῶπου,
1069 1303 1152 1373 ὅν
1215 1311 1387 1390 φασί
1448 1330 1625 1382 τινες
1675 1306 1798 1372 τοῦ
1842 1300 2132 1392 Ὁμήρου
2184 1304 2605 1392 προπάτορος
2662 1302 2839 1371 εἶναι

539 1413 832 1499 πάππον,
875 1410 966 1492 ὡς
1002 1410 1419 1495 άνεψιαδοῦν
1454 1409 1628 1479 εἶναι
1656 1402 1980 1478 “Ησιόδου
2016 1408 2133 1476 τὸν
2154 1407 2476 1497 Ὅμηρον,
2517 1409 2831 1497 ἑκάτερον

482 1582 487 1588 .
543 1521 619 1589 δὲ
656 1518 784 1589 ἀπὸ
823 1523 945 1589 τοῦ
970 1518 1333 1599 ’Ἄτλαντος
1367 1517 1794 1603 κατάγεσθαι.
1858 1516 2191 1604 ποιήματα
2231 1516 2306 1585 δὲ
2344 1515 2553 1586 αὐτοῦ
2591 1520 2827 1586 ταῦτα·

540 1633 900 1715 Θεογονία,
961 1625 1173 1716 ’Ἑργα
1246 1628 1357 1693 καὶ
1411 1623 1719 1712 Ἡμέραι,
1778 1621 2034 1709 Ἀσπίς,
2103 1629 2458 1693 Γυναικῶν
2524 1622 2836 1712 ἡρωινῶν

543 1737 907 1821 κατάλογος
953 1735 1026 1802 ἐν
1070 1738 1358 1821 βιβλίοις
1403 1732 1480 1821 ε’,
1530 1730 1909 1819 ἐπικήδειον
1958 1736 2054 1810 εἰς
2089 1731 2443 1821 Βάτραχόν
2490 1757 2641 1799 τινα
2680 1731 2835 1819 ε’ρω’-

468 1866 517 1906 15
545 1868 752 1929 μενον
805 1840 1045 1927 αὐτοῦ,
1105 1840 1256 1927 περὶ
1300 1843 1434 1907 τῶν
1476 1838 1743 1906 Ἰδαίων
1791 1836 2162 1905 Δακτύλων
2216 1838 2327 1905 καὶ
2381 1836 2555 1905 ἄλλα
2609 1837 2835 1906 πολλά.

547 1946 925 2033 ἐτελεύτησε
992 1946 1064 2013 δὲ
1136 1946 1562 2027 ἐπιξενωθεὶς
1622 1941 1778 2032 παρ’
1845 1942 2132 2035 Ἀντίφςο
2194 1945 2306 2012 καὶ
2370 1948 2713 2038 Κτιμένφ,
2774 1951 2843 2012 οἳ

547 2054 808 2142 νύκτωρ
875 2052 1188 2135 δόξαντες
1245 2049 1553 2144 ἀναιρεῖν
1612 2052 1879 2140 φθορέα
1936 2049 2233 2139 ἀδελφῆς
2288 2049 2515 2122 αὐτῶν
2573 2051 2835 2121 ἀνεῖλον

547 2160 667 2231 τὸν
710 2158 1030 2229 Ἡσίοδον
1087 2158 1376 2241 ἄκοντες.
1477 2153 1564 2248 ἦν
1623 2159 1698 2227 δὲ
1742 2156 2038 2249 Ὁμήρου
2100 2158 2266 2227 κατά
2320 2186 2509 2239 τινας
2563 2158 2836 2247 πρεσβύ-

548 2295 756 2356 τερος,
793 2265 956 2336 κατὰ
999 2268 1073 2336 δὲ
1113 2266 1360 2347 ἄλλους
1397 2265 1791 2353 σύγχρονος.
1866 2265 2262 2353 Πορφύριος
2300 2266 2462 2353 <δὲ>
2504 2269 2615 2335 καὶ
2654 2264 2837 2334 ἄλλοι

473 2401 525 2439 20
555 2382 851 2445 πλείστοι
911 2374 1240 2464 νεώτερον
1305 2374 1370 2464 ρ’
1430 2376 1764 2452 ἐνιαυτοῖς
1837 2370 2207 2459 ὁρίζουσιν,
2273 2370 2364 2453 ὥς
2426 2372 2537 2459 λβ’
2598 2372 2840 2460 μόνους

562 2480 910 2562 ἐνιαυτοὺς
957 2494 1442 2570 συμπροτερεῖν
1485 2482 1602 2567 τῆς
1647 2478 1912 2567 πρώτης
1958 2477 2387 2565 ὀλυμπιάδος.

657 2610 660 2613 ’
739 2590 1134 2657 GCOXXXI.
1207 2585 1573 2674 ‘Ho‘dxtog
1618 2583 1983 2673 Μιλήσιος,
2031 2584 2179 2664 υίὸς
2214 2583 2537 2673 “Ησυχιόυ
2584 2583 2839 2673 δικηγό-

554 2723 680 2783 ρου
759 2696 897 2801 καὶἱ
943 2700 1385 2781 Φιλοσοφίας,
1459 2691 1752 2780 γεγονώς
1831 2694 1936 2761 ἐπὶ
1993 2691 2431 2762 Ἀναστασίου
2509 2695 2841 2779 βασιλέως.

703 2897 731 2944 1
769 2890 1080 2947 Heraclidis
1111 2890 1446 2961 Lembijesse
1468 2889 1783 2961 suspicatur
1815 2891 2024 2945 Mamer
2114 2895 2149 2943 4
2176 2890 2328 2944 Haec
2356 2890 2430 2944 ad
2451 2890 2692 2944 alterum
2718 2890 2839 2943 Her.

569 2970 884 3042 spectantia
919 2988 1179 3042 perverse
1221 2971 1417 3027 Suidas
1455 2970 1583 3025 add.
1618 2988 1685 3025 ex
1713 2968 1912 3024 Marin.
1950 2968 2053 3025 viis.
2082 2969 2265 3025 Procli
2303 2986 2349 3025 ο.
2379 2976 2411 3025 9

700 3050 988 3107 CCCXXX
1026 3050 1105 3107 Cf.
1149 3052 1341 3121 Sfieph.
1380 3052 1506 3119 Byz.
1547 3070 1599 3106 v.
1628 3046 1840 3120 Ἄσκρη.
1891 3046 2172 3119 Ἡσίοδος,
2208 3054 2491 3121 Κυμαῖος,
2536 3045 2747 3117 πατρὸς
2782 3048 2841 3103 δὲ

557 3134 700 3186 Δίου
729 3130 828 3186 καὶ
856 3126 1062 3201 μητρὸς
1081 3126 1430 3200 Πυκιμήδης.
1480 3129 1609 3194 νέος
1638 3128 1702 3185 δὲ
1734 3129 2030 3201 κομισθεὶς
2058 3124 2169 3185 ὑπὸ
2200 3131 2302 3185 τοῦ
2330 3128 2542 3199 πατρὸς
2573 3125 2635 3185 ἒν
2654 3126 2841 3199 ’Ἄσκρῃ

557 3211 692 3267 olim
730 3212 943 3266 dictum
981 3209 1152 3265 fuisse
1190 3209 1564 3280 probabiliter
1600 3212 1912 3279 suspicatus
1950 3214 2037 3266 esf,
2071 3212 2409 3282 Bernhardy
2572 3215 2605 3264 8
2644 3205 2841 3280 μητρὸς

559 3309 666 3347 om.
706 3297 751 3344 A
895 3291 1133 3353 Βιωτιάς
1170 3296 1215 3343 Δ
1359 3296 1390 3344 9
1430 3286 1569 3353 Διὸς
1607 3295 1813 3344 ABVE
1854 3292 1997 3345 Alov
2035 3293 2179 3361 vuly.
2266 3286 2573 3353 Ἀπελλίδος
2611 3295 2710 3343 AV
2746 3286 2843 3360 άμ-

558 3374 788 3426 πελίδου
827 3372 972 3441 vulg.
1014 3366 1322 3440 ἄμπέλιδος
1357 3377 1400 3424 Ε
1551 3379 1614 3427 11
1654 3369 1979 3442 ἄνεψιάδην
2016 3374 2161 3442 vuly.
2202 3366 2562 3437 άνεψιαδοῦν
2600 3375 2696 3423 BV

563 3458 626 3505 12
666 3446 779 3519 ἀπὸ
809 3451 911 3505 τοῦ
946 3446 1278 3513 ’Λπόλλωνος
1308 3452 1448 3507 coni.
1481 3453 1754 3507 Westerm.
1794 3452 2125 3509 memoriam
2160 3451 2442 3507 Hellanici
2473 3448 2845 3513 Ἀτλαντωὶδος

561 3532 786 3586 subesse
825 3532 1017 3585 monet
1045 3530 1368 3587 Gutsehmid
1513 3538 1579 3586 13
1617 3531 1882 3586 mutilum
1922 3548 2040 3587 esse
2076 3532 2319 3587 indicem
2354 3532 2644 3602 perspexit
2677 3534 2843 3587 Bern—

558 3613 736 3681 hardy
893 3617 959 3666 14
1001 3606 1322 3679 ἐπικήδειος
1357 3614 1503 3682 vulg).
1546 3609 1874 3683 ἐπικήδειον
1914 3616 2066 3664 ARV
2214 3618 2279 3665 16
2318 3608 2644 3683 κεκτημένῳ
2674 3616 2718 3663 V

563 3698 627 3746 17
669 3685 859 3745 αὐτῶν
896 3695 943 3743 Δ
983 3685 1202 3745 ἑαυτῶν
1237 3692 1382 3761 υιιῖρ.
1421 3687 1670 3745 αὑτῶνΕ
1785 3698 1848 3747 19
1889 3695 2074 3759 Πορφ.
2112 3690 2175 3746 δὲ
2218 3690 2316 3745 καὶ
2352 3690 2549 3761 scripsi
2580 3684 2841 3745 Westerm.

560 3772 780 3826 secuhus
820 3773 1004 3838 Πορφ.
1044 3768 1144 3823 καὶ
1180 3769 1326 3823 libri.
1384 3770 1466 3825 De
1503 3772 1816 3842 Porphyrio
1854 3792 1905 3828 v.
1946 3772 2086 3829 Mus,
2118 3773 2291 3827 Rhen.
2321 3771 2528 3826 XXXV
2563 3790 2618 3842 p.
2662 3778 2759 3827 197

703 3849 1018 3907 OCCXXXI
1063 3848 1257 3905 Vitam
1296 3850 1563 3920 Hesychii
1607 3855 1679 3908 ab
1726 3853 2097 3921 epitomatore
2144 3852 2397 3907 additam
2446 3869 2567 3907 esse
2617 3854 2838 3907 constat.

563 3933 643 3988 Cf.
675 3933 892 3987 UnterS.
931 3948 986 3999 p.
1017 3936 1085 3985 96
1119 3932 1233 3985 not.
1265 3936 1314 3984 2.
1390 3930 1648 3987 Ceterum
1686 3933 1753 3987 ef.
1793 3933 2015 3999 Miiller,
2053 3932 2121 3987 fr.
2159 3932 2288 3987 hist.
2318 3931 2389 3985 IV
2432 3951 2486 4002 p.
2521 3937 2643 4001 154,
2680 3932 2842 3997 Daub‚

409 4032 428 4049 ·
521 4060 535 4075 ,
563 4012 718 4067 stud.
749 4030 804 4081 p.
833 4018 864 4065 3
976 4017 1044 4065 23
1073 4012 1298 4079 Σοφίας
1327 4028 1356 4065 e
1386 4012 1527 4065 coni.
1558 4014 1720 4082 vuly„
1755 4013 2100 4081 Φιλοσοφίας
2128 4015 2332 4064 ABVE
2363 4010 2659 4066 doctrinae
2682 4028 2843 4081 genus

561 4096 620 4149 in
665 4096 773 4148 hoc
817 4092 1090 4148 vocabulo
1137 4091 1316 4146 labere
1361 4092 1587 4162 putavit
1631 4094 1963 4163 Bernhardy
2010 4094 2348 4161 φιλοσοφίας
2393 4089 2666 4161 γέμοντας
2710 4090 2844 4145 haud

562 4174 932 4244 probabiliizer
966 4174 1164 4243 Daub,
1210 4170 1514 4243 δικηγόρου
1561 4172 1660 4227 καὶ
1707 4170 2025 4243 φιλοσόφου
2072 4174 2189 4243 ipse
2235 4173 2452 4228 tentavi
2497 4173 2638 4225 Mus,
2678 4172 2839 4227 Rhen.

562 4254 782 4309 XXXV·
805 4272 859 4322 p.
900 4258 1001 4307 231
1039 4255 1154 4307 not.
1195 4258 1255 4321 2,
1301 4270 1410 4322 quo
1457 4254 1583 4308 loco
1622 4254 1849 4309 uberius
1893 4254 1963 4308 de
2009 4251 2276 4321 Hesychii
2322 4252 2508 4307 aetate
2558 4250 2841 4321 disputavi.

567 4334 787 4387 Addere
820 4335 1076 4403 poteram
1111 4350 1162 4387 v.
1206 4328 1483 4401 Γαληνόςε
1532 4328 1699 4388 ἅτινα
1737 4332 1834 4388 διὰ
1880 4329 1944 4387 τὸ
1984 4333 2154 4387 πᾶσιν
2196 4328 2344 4385 εἶναι
2389 4328 2644 4401 γνώριμα
2690 4351 2841 4386 κατα-
