3025 4892
583 192 713 253 202
1507 192 1935 248 HESYCHIUS.

577 349 966 438 ἀναβλέψαι.
1069 351 1322 439 ἐκλήθη
1388 354 1463 420 δὲ
1520 356 1935 439 Στησίχορος
2000 350 2103 421 ὅτι
2167 356 2424 438 πρῶτος
2487 358 2855 445 κιθαρῳδίᾳ
2953 356 2961 365 ’

578 458 784 547 χορὸν
824 464 1127 544 ἔστησεν,
1175 460 1313 527 ἐπεὶ
1357 458 1432 527 τὸ
1479 458 1812 546 πρότερον
1868 465 2097 539 Τισίας
2144 462 2454 529 ἐκαλεῖτο.

753 567 1218 635 DCOXLVIII.
1291 573 1659 634 Στίλπων
1709 564 2061 652 Μεγαρεὺς
2116 567 2520 653 φιλόσοφος,
2574 566 2856 655 γεγονὼς

574 670 752 759 παρὰ
806 675 894 763 τῷ
951 670 1188 763 πρώτῳ
1246 676 1673 762 Πτολεμαίῳ,
1737 670 2043 759 μαθητὴς
2098 674 2514 752 Πασικλέους
2568 678 2683 741 τοῦ
2724 684 2853 760 Θη-

524 794 549 835 ⁵
576 785 806 866 βαίου,
863 776 937 858 ὃς
991 776 1364 866 ἠκροάσατο
1413 777 1761 867 Κράτητος
1814 781 1936 846 τοῦ
1984 776 2285 865 ἀδελφοῦ
2332 780 2443 847 καὶ
2489 778 2855 848 Εὐκλείδου

576 890 697 953 τοῦ
754 886 1146 972 Μεγαρέως,
1213 889 1284 952 οἱ
1345 884 1420 953 δὲ
1476 881 1853 951 Εὐκλείδου
1904 888 2029 952 τοῦ
2083 885 2449 965 Πλάτωνος
2504 892 2855 973 γνωρίμου.

576 994 861 1079 προέστη
911 991 984 1059 δὲ
1029 993 1137 1059 καὶ
1186 995 1301 1078 τῆς
1340 994 1727 1078 Μεγαρικῆς
1764 996 2009 1077 σχολῆς
2059 992 2170 1058 καὶ
2220 997 2464 1080 ἔγραψε
2509 991 2857 1079 διαλόγους

582 1096 703 1166 οὐκ
750 1097 1060 1177 ἐλάττους
1105 1102 1241 1164 τῶν
1285 1095 1369 1165 κ’.

755 1205 1152 1272 DOOXLIX.
1225 1202 1609 1290 Στράβων
1649 1200 1967 1289 Ἀμασεὺς
2017 1203 2412 1291 φιλόσοφος,
2450 1208 2723 1293 γέγονεν
2752 1208 2855 1275 ἐπὶ

500 1325 552 1365 1⁰
587 1315 899 1398 Τιβερίου
943 1316 1300 1398 Καίσαρος.
1393 1314 1638 1397 ἔγραψε
1684 1315 2117 1397 γεωγραφίαν
2164 1313 2237 1378 ἐν
2284 1317 2571 1398 βιβλίοις
2618 1313 2713 1395 ιζ’.

755 1419 994 1485 DGOL.
1071 1416 1460 1504 Στράττις
1509 1412 1871 1501 Ἀθηναῖος
1924 1415 2229 1503 κωμικός.
2319 1422 2453 1485 τῶν
2512 1420 2859 1508 δραμάτων

576 1522 785 1592 αὐτοῦ
826 1525 961 1591 ἐστι
996 1527 1230 1593 ταῦτα·
1263 1520 1954 1610 Ἀνθρωπορραίστης,
1989 1521 2370 1611 Ἀταλάντη,
2405 1522 2681 1612 Ἀγαθοὶ
2714 1524 2852 1612 ῆτοι

572 1629 927 1718 Ἀργυρίου
999 1628 1406 1716 ἀφανισμός,
1488 1625 1872 1718 Ἰφιγέρων,
1948 1635 2439 1716 Καλλιππίδης,
2490 1616 2855 1719 ’Κινησίαςῃ

578 1740 1046 1824 Λιμνομέδων,
1095 1736 1509 1821 Μακεδόνες,
1554 1735 1846 1823 Μήδεια,
1893 1742 2203 1824 Τρωίλος,
2246 1745 2627 1825 Φοίνισσαι,
2670 1747 2856 1807 Φιλο-

499 1855 549 1896 1⁵
575 1845 838 1930 κτήτης,
889 1842 1303 1931 Χρύσιππος,
1352 1848 1776 1927 Παυσανίας,
1834 1850 2210 1931 Ψυχασταί,
2259 1843 2375 1929 [ὥς
2421 1864 2631 1933 φησιν
2670 1845 2855 1931 Ἀθή-

583 1976 772 2029 ναιος
820 1952 893 2017 ἐν
939 1953 1028 2039 τῷ
1076 1949 1143 2035 β’
1192 1955 1431 2040 βιβλίῳ
1479 1954 1615 2018 τῶν
1668 1954 2316 2037 Δειπνοσοφιστῶν].

753 2057 1033 2125 DOCLI.
1106 2056 1486 2145 Στράττις
1528 2054 1882 2136 Ὀλύνθιος
1920 2057 2269 2145 ἱστορικός.
2338 2058 2491 2146 περὶ
2528 2063 2661 2127 τῶν
2690 2056 2855 2127 Ἀλε-

721 2259 748 2305 1
789 2254 1143 2325 κιθαρῳδίας
1179 2258 1224 2305 V
1261 2254 1581 2323 κιθαρῳδίᾳ
1618 2254 1759 2322 vulq.
1793 2252 1945 2308 Eud.
2056 2255 2377 2322 κιθαρῳδία
2414 2254 2567 2324 (sicl)
2605 2260 2715 2309 Ald.

574 2340 606 2386 2
645 2353 731 2388 τοι
767 2329 1042 2401 πρότερον
1080 2333 1234 2397 libri,
1276 2349 1413 2387 corr.
1443 2331 1615 2385 Daub

715 2412 1085 2468 DCCXLVIII
1123 2412 1274 2467 Eud.
1315 2430 1370 2481 p.
1401 2416 1522 2465 653.
1600 2410 1681 2467 of.
1721 2411 1883 2480 Diog.
1925 2410 2001 2477 ΙΙ,
2045 2418 2143 2466 113
2300 2421 2331 2468 6
2370 2407 2684 2469 Εὐκλείδου
2721 2431 2854 2469 corr.

573 2492 889 2563 Reimsius,
928 2494 1109 2564 quode
1147 2494 1214 2547 cf.
1255 2492 1418 2560 Diog.
1448 2490 1543 2557 VI,
1581 2496 1649 2545 89
1690 2494 2024 2547 Διοκλείδου
2061 2492 2192 2547 libri
2230 2495 2288 2547 elz
2322 2494 2475 2548 Eud.
2601 2492 2657 2548 οἴ
2688 2492 2749 2546 δὲ
2794 2524 2853 2533 —-

576 2573 771 2641 σχολῆς
808 2591 915 2627 om.
947 2573 1117 2641 Eud„
1155 2589 1298 2641 quae
1337 2572 1545 2627 vitiosa
1581 2590 1698 2629 esse
1735 2571 2014 2639 videntur,
2050 2570 2161 2625 nisi
2188 2571 2436 2641 praefers
2475 2567 2505 2625 ὁ
2534 2572 2597 2626 δὲ
2630 2567 2853 2627 Εὐκλεί-

574 2655 676 2721 δης
706 2684 768 2693 ——-
801 2650 1103 2722 γνώριμοςς
1142 2651 1366 2707 interim
1401 2650 1461 2707 οἷ
1483 2650 1548 2707 δὲ
1580 2652 1776 2722 scripsi
1805 2669 1931 2705 cum
1958 2650 2237 2720 prioribus
2266 2650 2415 2719 edd„
2455 2652 2522 2704 ula
2550 2651 2853 2721 Stilponem

575 2733 877 2787 secundum
917 2732 1055 2787 alios
1103 2734 1356 2787 auctores
1395 2732 1685 2787 Euclidem
1732 2732 2013 2786 audivisse
2062 2732 2383 2800 intellegaS,
2430 2727 2461 2786 ὁ
2502 2732 2566 2788 δὲ
2614 2750 2683 2787 ex
2728 2734 2852 2786 Par.

574 2813 850 2867 Kustews

716 2892 1029 2946 DCOXLIX
1067 2892 1218 2948 Eud.
1248 2911 1300 2962 p.
1323 2900 1446 2960 653,
1485 2908 1627 2962 quae
1658 2908 1785 2946 cum
1814 2890 2020 2945 Suidae
2050 2889 2206 2945 libris
2233 2891 2483 2961 vulgatis
2512 2893 2655 2946 hanc
2686 2893 2853 2947 vii-‚am

575 2971 897 3042 descripsit:
947 2975 1076 3038 Στρ.
1105 2969 1282 3042 Ἅμασ.
1315 2967 1630 3041 φιλόσοφος
1674 2970 1772 3025 καὶ
1808 2968 2142 3039 γεωγράφος
2180 2974 2250 3040 (κ.
2280 2991 2409 3039 γεω.
2440 2987 2550 3029 om.
2578 2976 2657 3040 B).
2709 2972 2853 3037 Quae

573 3051 668 3107 hic
697 3050 911 3121 scripsi,
951 3052 1146 3107 eadem
1177 3069 1301 3106 cum
1331 3052 1537 3108 Suidae
1564 3052 1724 3105 libris
1753 3054 1882 3119 (om.
1912 3054 1979 3117 V)
2007 3050 2155 3106 infra
2182 3070 2223 3106 s.
2253 3046 2525 3117 Στράτων
2551 3053 2741 3121 habeis,
2778 3054 2853 3107 in-

574 3131 788 3200 cipiens
824 3131 923 3185 καὶ
953 3131 1140 3201 ἕτερος
1169 3136 1298 3201 Στρ.
1333 3128 1596 3203 Ἀμασεῦς
1634 3128 1944 3201 φιλόσοφος
1974 3163 2038 3171 -
2070 3133 2303 3204 βιβλίοις
2330 3128 2397 3197 ζ’.
2455 3131 2711 3189 Genuino
2739 3138 2853 3187 loco

574 3211 714 3265 haec
753 3211 902 3266 solus
939 3211 1114 3265 habet
1148 3216 1220 3281 A,
1259 3212 1467 3281 scrith
1501 3208 1773 3281 Στράτων
1813 3215 2183 3282 (repugnante
2211 3212 2501 3267 literarum
2530 3213 2707 3282 serie).
2782 3214 2851 3269 Cf.

575 3291 769 3360 Steph.
798 3292 924 3360 Byz.
956 3311 1005 3346 v.
1042 3287 1315 3362 Ἅμάσεια.
1373 3293 1462 3347 Ad
1489 3294 1637 3348 hanc
1674 3293 1851 3349 vitam
1880 3295 2098 3362 spectat
2125 3292 2335 3361 glossa,
2372 3310 2519 3361 quae
2548 3294 2621 3347 ad
2648 3294 2852 3348 calcem

572 3390 624 3427 v.
647 3365 928 3443 Πολύβιος
955 3370 1178 3426 adjecta
1205 3374 1316 3427 est:
1352 3370 1565 3442 ἔγραψε
1595 3371 1661 3427 δὲ
1691 3373 1789 3427 καὶ
1816 3368 2090 3445 Στράβων
2114 3366 2377 3441 Ἀμασεῦς
2404 3367 2473 3425 τὰ
2503 3368 2644 3442 μετὰ
2675 3371 2851 3428 Πολύ·

573 3452 698 3521 βιον
737 3445 798 3503 ἐν
837 3451 1068 3519 βιβλίοις
1103 3449 1202 3521 ‘vy'
1231 3452 1359 3507 coll.
1391 3452 1573 3507 Strab.
1604 3452 1681 3507 XI
1708 3472 1761 3522 p.
1794 3459 1895 3507 515
1928 3447 2215 3520 εἰρηκότες
2241 3449 2304 3506 δὲ
2335 3446 2511 3505 πολλὰ
2539 3483 2599 3491 -
2620 3452 2851 3525 δευτέρᾳ

573 3528 636 3584 δὲ
666 3530 779 3585 τῶν
807 3528 947 3600 μετὰ
969 3528 1270 3601 Πολύβιον.
1310 3530 1390 3585 Cf.
1420 3552 1472 3587 v.
1495 3530 1789 3607 Πολύβιος.
1829 3534 1911 3587 De
1935 3533 2043 3587 hoc
2072 3548 2240 3601 opere
2269 3551 2319 3585 v.
2340 3531 2548 3585 Mfiller
2574 3532 2651 3586 111
2682 3551 2735 3601 p.
2758 3539 2851 3587 490
2908 3570 2919 3585 .

572 3626 684 3679 seq.
796 3616 827 3664 9
857 3608 1135 3680 γεγονώςῗ
1248 3618 1312 3666 10
1353 3607 1401 3677 ζ’
1442 3612 1598 3679 libri,
1638 3628 1777 3666 corr.
1808 3612 2098 3679 Gaisford3
2139 3610 2205 3665 cf.
2238 3611 2418 3681 Daub,
2448 3611 2606 3665 Sssnd.
2634 3629 2691 3680 p.
2726 3620 2790 3668 18

712 3690 899 3745 DCCL
937 3690 1089 3747 Eud.
1128 3709 1182 3760 p.
1213 3695 1331 3746 648.
1407 3692 1641 3746 Tractat,
1674 3692 1929 3747 Meineke
1967 3692 1991 3744 I
2027 3710 2081 3761 p.
2112 3697 2214 3745 221
2248 3708 2361 3759 seq.
2495 3697 2559 3745 11
2598 3688 2853 3760 τραγικὸς

570 3772 714 3839 vulq.
753 3767 1059 3840 στρατηγὸς
1093 3767 1357 3841 τραγικὸς
1393 3777 1440 3823 V
1484 3769 1731 3841 κωμικός
1780 3789 1917 3827 corr.
1954 3772 2230 3827 Kasterus
2385 3776 2450 3824 12
2486 3766 2851 3840 Ἀνθρωπορέ-

572 3869 701 3919 στης
738 3850 867 3905 libri
901 3845 1414 3920 Ἅνθρωποραίστης
1453 3852 1703 3920 Towpius
1744 3847 2290 3922 Ἀνθρωπορρᾳίστης
2329 3851 2581 3905 Meineke
2736 3846 2852 3921 ἤτοι

573 3949 720 4001 susp.
761 3931 1066 3997 MeinekiO,
1105 3930 1201 3999 qui
1239 3930 1485 3985 diversas
1524 3931 1693 3986 fuisse
1731 3932 1949 3987 fabulas
1988 3932 2299 4001 suspicatus
2336 3932 2421 3987 est
2550 3936 2619 3984 14
2652 3937 2851 4002 Λιμνο-

571 4011 759 4081 μέδων
799 4010 1062 4065 obscurus
1099 4010 1326 4065 fabulae
1362 4010 1589 4081 bibulus,
1628 4010 1971 4081 Λημνομέδα
2007 4011 2098 4066 vel
2136 4010 2463 4082 Λιμνομέδα
2501 4008 2634 4064 libri
2658 4010 2849 4064 Athen.

571 4091 675 4144 VII
711 4110 767 4159 p.
797 4096 918 4159 327,
956 4107 1068 4159 qua
1104 4090 1173 4145 de
1202 4090 1581 4144 inconstantia
1614 4110 1667 4146 v.
1698 4092 1947 4145 Mainake
1981 4097 2168 4161 p..231
2282 4096 2347 4145 15
2386 4085 2460 4153 ὥς
2492 4121 2555 4129 -
2587 4091 2721 4144 exit.
2752 4106 2849 4145 om.

575 4171 745 4239 Eud„
782 4171 1050 4225 nebuloni
1078 4170 1271 4225 deberi
1302 4168 1568 4240 probavit
1596 4172 1974 4237 Wachsmuth,
2004 4170 2191 4240 Symb.
2222 4189 2276 4240 p.
2308 4176 2408 4225 151
2525 4177 2589 4225 16
2620 4165 2685 4224 ἐν
2713 4173 2792 4245 τῷ
2818 4173 2846 4241 β

571 4250 736 4303 nihili
773 4267 891 4304 esse
929 4250 1190 4305 viderunt
1225 4251 1375 4316 edd.;
1415 4247 1478 4306 ἐν
1514 4251 1591 4324 τῷ
1631 4249 1710 4323 ιβ’
1751 4252 2084 4321 Bernhardy
2120 4250 2247 4305 coll.
2275 4250 2379 4302 XII
2408 4268 2461 4318 p.
2494 4255 2597 4303 551

714 4328 923 4383 DCOLI
968 4330 1154 4385 Habet
1189 4335 1235 4383 Δ
1270 4330 1330 4385 in
1367 4347 1545 4400 marg.
1608 4331 1758 4387 Eud.
1799 4349 1850 4400 p.
1882 4336 2001 4385 639.
2070 4330 2149 4386 Cf.
2188 4329 2416 4397 Mt'iller‚
2457 4328 2659 4398 Script.
2702 4331 2849 4385 Alex.

2939 4458 2973 4863 1
