3025 4892
1157 209 1585 268 HESYCHIUS.
2481 215 2523 276 5

217 375 591 461 κωμῳδίας.
683 371 986 459 δράματα
1034 369 1242 440 αὐτοῦ
1279 370 1550 440 ’Ἄντεια
1589 425 1782 442 .....
1823 377 1960 440 ἔστι
2008 372 2083 441 δὲ·
2128 374 2239 440 καὶ
2286 381 2521 453 Αἴνιος

220 478 580 566 σοφιστής,
629 470 712 546 οὗ
756 506 941 559 τινος
985 484 1214 566 βιβλία
1261 483 1335 547 αἱ
1369 478 1753 566 Μετάβολοι
1786 531 1799 546 .
1831 533 1844 547 .
1876 533 1888 546 .
1919 532 1933 547 .

403 587 620 652 XIII2.
685 590 1070 672 Αἰσχίνης
1101 583 1461 672 Ἀθηναῖος
1497 587 1752 674 ῥήτωρ,
1788 586 1937 666 υίὸς
1967 584 2372 672 Ἀτρομήτου
2408 586 2518 653 καὶ

217 691 687 776 Γλαυκοθέας,
743 689 1048 778 μαθητὴς
1093 690 1168 760 δὲ
1212 689 1377 759 κατὰ
1420 690 1545 778 τὴν
1591 691 1952 781 ῥητορικὴν
2003 690 2519 779 Ἀλκιδάμαντος

213 803 348 868 τοῦ
387 797 708 867 Ἐλαΐτου.
795 797 972 878 τινὲς
1027 798 1102 867 δὲ
1155 800 1267 866 καὶ
1324 799 1613 879 δούλους
1666 797 1822 879 τοὺς
1874 811 2099 885 γονεῖς
2154 796 2363 866 αὐτοῦ
2417 825 2515 884 γε·
2544 824 2570 863 ⁵

211 906 664 995 γραφήκασιν.
733 897 957 990 [οὗτος
1003 903 1232 992 ἐπειδὴ
1279 912 1623 993 συναίρων
1668 908 1744 974 έν
1791 909 1941 994 δίκῃ
1988 906 2122 974 τινὶ
2170 907 2516 994 διέφθειρε

211 1011 382 1092 τοὺς
425 1012 772 1098 δικαστάς,
819 1012 1177 1100 ἐμβληθεὶς
1221 1011 1356 1100 ἅμα
1401 1010 1631 1093 αὐτοῖς
1674 1016 1748 1082 ἐν
1792 1018 1885 1105 τῷ
1935 1017 2365 1104 δεσμωτηρίῳ
2405 1014 2526 1080 καὶ·

210 1119 508 1187 κώνειον
553 1119 727 1188 πιὼν
771 1118 1101 1206 ἀπέθανε,
1147 1119 1258 1187 καὶ
1305 1117 1382 1188 τὰ
1431 1118 1783 1206 πράγματα
1820 1118 2042 1188 αὐτῶν
2086 1117 2175 1199 ὥς
2220 1117 2515 1211 ἀτέκνων

213 1225 698 1312 ἐδημοσιωθη.]
783 1224 999 1316 ᾤκησε
1045 1227 1273 1312 μέντοι
1321 1227 1396 1293 ἐν
1433 1223 1643 1316 Ῥόδῳ
1686 1225 1798 1294 καὶ
1842 1226 2267 1311 ἐπαίδευσεν,
2313 1224 2515 1313 ἡσση-

211 1332 375 1410 θεὶς
417 1329 548 1398 ὑπὸ
596 1333 1090 1418 Δημοσθένους
1135 1329 1254 1400 τὸν
1291 1333 1443 1419 περὶ
1477 1335 1605 1399 τοῦ
1640 1331 1981 1419 στεφάνου
2018 1330 2265 1419 ἀγῶνα.
2313 1338 2512 1419 [πρῶ-
2544 1359 2594 1398 ιο

207 1465 330 1517 τος
379 1436 452 1504 δὲ
487 1436 760 1505 πάντων
805 1435 882 1506 τὸ
919 1443 1125 1516 θείως
1168 1439 1389 1523 λέγειν
1433 1435 1680 1524 ἤκουσε
1727 1436 1839 1506 διὰ
1886 1437 1961 1506 τὸ
2009 1442 2375 1526 σχεδιάζειν
2423 1437 2515 1520 ὥς

208 1547 651 1627 ἐνθουσιῶν]

395 1653 611 1720 XIIIb.
676 1655 1059 1738 Αἰσχίνης
1098 1648 1488 1736 Ἀθηναῖος,
1529 1641 1933 1740 Ἀτρομήτου
1973 1657 2509 1740 γραμματοδιδα-

207 1745 470 1827 σκάλου
513 1759 625 1826 καὶ
662 1759 1051 1837 Λευκοθέας
1094 1761 1213 1843 τῆς
1246 1764 1645 1846 τελεστρίας,
1693 1756 1894 1837 αὐτὸς
1938 1756 2321 1847 ὑποκριτής,
2370 1756 2510 1827 εἶτα

203 1864 668 1953 γραμματεύς,
716 1863 855 1933 εἶτα
893 1862 1146 1953 ῥήτωρ,
1190 1863 1525 1953 προδότης
1572 1862 1609 1933 ὁ
1649 1866 2163 1952 Κερσοβλέπτην
2209 1866 2321 1933 καὶ
2362 1874 2507 1934 Φω-
2541 1889 2591 1929 15
2678 1911 2683 1916 ·

199 1974 368 2051 κέας
409 1971 722 2058 προδούς.
803 1971 1231 2060 γραψάμενος
1277 1971 1352 2038 δὲ
1393 1973 1811 2058 παρανόμων
1848 1977 2321 2060 Κτησιφῶντα,
2370 1993 2509 2042 στε-

200 2083 440 2166 φανῖὲν
475 2078 825 2168 γράψαντα
856 2083 1344 2166 Δημοσθένην,
1391 2076 1648 2164 ἡττήθη
1694 2079 1806 2146 καὶ
1844 2084 2092 2166 ἔφυγεν
2140 2085 2236 2159 εἰς
2269 2078 2507 2148 Ῥόδον

201 2175 326 2255 καὶ
374 2189 763 2254 ἐπαίδευσεν
811 2189 958 2254 ἐκεῖ.

389 2295 563 2362 XIV.
637 2296 1022 2380 Αἰσχίνης
1057 2296 1360 2377 Χαρίνου
1397 2289 1924 2378 ἀλλαντοποιοῦ,
1954 2291 2329 2381 φιλόσοφος
2358 2301 2506 2361 Σω-

200 2399 536 2490 κρατικός.
605 2399 784 2478 τινὲς
831 2399 904 2466 δὲ
951 2403 1301 2467 Λυσανίου
1344 2396 1553 2466 παῖδά
1590 2418 1833 2485 φασιν,
1874 2398 2243 2486 Ἀθηναῖον
2278 2400 2505 2487 Σφήτ-
2535 2423 2588 2462 20

199 2533 378 2574 τιον.
453 2504 758 2591 διάλογοι
802 2504 875 2572 δὲ
913 2501 1123 2572 αὐτοῦ
1161 2503 1568 2591 Μιλτιάδης,
1616 2511 1940 2590 Καλλίας,
1969 2503 2240 2592 Ῥίνων,
2274 2505 2505 2574 Ἀσπα-

203 2619 357 2697 σία,
413 2609 732 2699 Ἀξίοχος,
811 2610 1186 2699 Τηλαύγης,
1256 2610 1705 2698 Ἀλκιβιάδης,
1778 2613 1889 2680 καὶ
1964 2616 2034 2680 οἱ
2102 2613 2504 2700 καλούμενοι

199 2719 562 2804 ἀκέφαλοι,
615 2720 922 2803 Φαίδων,
969 2716 1382 2803 Πολύαινος,
1423 2717 1749 2804 Δράκων,
1792 2716 2121 2806 Ἐρυξίας,
2167 2720 2319 2807 περὶ
2354 2716 2499 2808 άρε-

199 2830 354 2912 τῆς,
392 2823 933 2913 Ἐρασίστρατος,
981 2830 1294 2892 σκυτικοί.

355 3063 382 3110 1
423 3052 683 3126 δράματα
720 3061 872 3109 AVE
917 3057 1061 3126 vuly.
1101 3055 1254 3110 Eud.
1293 3050 1595 3124 δραμάτων
1634 3057 1775 3112 coni.
1818 3058 2093 3124 Meineke,
2139 3057 2200 3111 in
2242 3074 2353 3125 quo
2391 3058 2503 3110 τῶν

201 3136 552 3192 desideravit
586 3137 945 3208 Bernhardy,
991 3136 1180 3206 δρᾶμα
1228 3136 1521 3203 Westerm„
1566 3137 1665 3192 sed
1708 3139 2022 3192 correctura.
2067 3155 2178 3193 non
2226 3155 2365 3208 opus
2402 3140 2502 3208 est,

201 3234 335 3270 cum
369 3216 642 3271 nonnulla
675 3215 1021 3271 intercidisse
1067 3215 1361 3285 probabile
1405 3216 1480 3270 sit
1660 3215 1776 3272 ἔστι
1812 3215 1876 3272 δὲ
1919 3250 1984 3256 -
2032 3217 2163 3273 exit.
2204 3236 2311 3272 om.
2350 3217 2499 3273 Eud.

203 3297 398 3356 Αἴνιος
436 3300 534 3347 AV
570 3297 791 3360 Αἴνειος
827 3298 971 3366 vulg.
1037 3295 1116 3350 cf.
1157 3297 1296 3350 Zon.
1334 3314 1388 3365 p.
1423 3303 1488 3351 70
1624 3304 1655 3350 2
1694 3293 1996 3369 μετάβαλοι
2033 3303 2077 3350 7

350 3385 522 3438 xm*
557 3391 592 3440 4
628 3384 963 3449 Λευκοθέας
988 3387 1132 3456 vulg.
1166 3380 1607 3446 ΓλαυκόναςῖΒΕ
1638 3385 2013 3448 Γλαυκοθέας
2030 3390 2130 3439 AV
2168 3403 2407 3454 sequens
2435 3384 2499 3440 δὲ

203 3484 274 3520 ex
312 3469 359 3517 A
407 3465 532 3521 add.
572 3467 838 3534 Gaisford
999 3471 1030 3520 5
1064 3461 1330 3520 Ἐλεάτου
1368 3470 1412 3516 A
1450 3469 1567 3520 Ald.
1611 3458 1865 3520 Ἀλεάτου
1902 3472 1946 3519 7
1993 3483 2132 3520 corr.
2168 3466 2502 3535 Bernhardy

202 3563 354 3608 τινες
390 3575 458 3585 ·-—
499 3564 571 3600 so.
611 3546 967 3616 Hermippum
1033 3546 1113 3603 cf.
1145 3544 1540 3612 Waehsmuth,
1579 3542 1767 3612 Symb.
1806 3564 1859 3615 p.
1902 3551 2003 3599 140
2159 3551 2191 3598 6
2230 3535 2395 3607 οὗτος
2433 3577 2499 3584 -

205 3623 573 3696 ἔδημοσιώθη
612 3643 680 3681 ex
709 3626 860 3683 Sm'd.
890 3645 943 3681 v.
975 3622 1360 3696 ἐδημοσίωσαν
1398 3624 1508 3678 huc
1536 3623 1747 3678 inserta.
1784 3641 1903 3679 esse
1940 3623 2086 3679 vidit
2111 3625 2498 3691 Hemsterhm„

203 3708 277 3761 ab
317 3705 596 3760 Aeschine
633 3724 858 3776 prorsus
896 3706 1082 3761 aliena
1117 3723 1238 3760 esse
1273 3706 1547 3760 Westerm.
1717 3712 1749 3760 8
1786 3705 1887 3758 καὶ
1922 3699 1992 3758 τὰ
2032 3735 2099 3744 -
2138 3698 2499 3772 ἕδημοσιώθη

202 3783 313 3842 oni.
349 3791 393 3838 V
543 3791 609 3841 10
644 3786 864 3856 πρῶτος
901 3817 966 3825 -
1009 3783 1326 3840 ἐνθουσιῶν
1361 3785 1706 3854 interpolata
1742 3801 1809 3838 ex
1836 3784 2158 3839 Philostrat.
2188 3783 2301 3837 vit.
2342 3783 2391 3849 Ι,
2433 3789 2497 3836 17

203 3886 258 3936 p.
297 3873 403 3921 216
441 3865 608 3933 KaJS.
683 3865 765 3920 De
811 3866 984 3920 totius
1030 3864 1253 3920 arficuli
1299 3864 1631 3934 corruptelis
1681 3864 1773 3934 egi
1809 3865 1945 3921 Mus.
1984 3864 2159 3918 Rhen.
2198 3863 2403 3916 XXXV
2443 3881 2497 3932 p.
2558 3859 2562 3864 ’

205 3953 307 4001 201
339 3963 456 4014 seq.
575 3952 669 3999 .11
708 3943 892 4013 λέγεις
928 3952 972 3998 A
1187 3983 1192 3990 -
2211 4003 2231 4024 σ

344 4022 516 4082 XIIIb
557 4031 622 4078 13
658 4020 966 4096 Ἀτρομίτου
1003 4030 1050 4078 A
1210 4031 1276 4078 14
1313 4020 1342 4079 ὃ
1385 4019 1560 4087 αὐτὸς
1597 4025 1918 4080 Gutsohmid
2086 4028 2150 4076 15
2189 4021 2496 4093 Κερσοβλέ-

205 4128 346 4171 πτας
494 4111 560 4160 15
602 4103 826 4168 Φακέας
862 4111 906 4157 A
1052 4112 1115 4160 17
1156 4103 1535 4176 Δημοσθένης
1570 4109 1617 4157 A
2538 4143 2541 4146 .

346 4187 474 4243 XIV
513 4187 665 4241 Eud.
703 4205 756 4256 p.
799 4192 914 4259 124.
982 4186 1064 4243 cf.
1103 4184 1264 4256 Diog.
1304 4186 1381 4254 11,
1421 4191 1488 4240 60
1661 4191 1731 4238 20
1766 4182 1917 4246 τινὲς
1953 4213 2021 4223 ——-
2060 4178 2347 4252 Σφήττιον
2387 4201 2495 4237 om.

207 4271 356 4325 Eud.
531 4274 598 4322 23
631 4262 876 4335 Ἐριξίας
907 4271 954 4319 A
1111 4273 1183 4321 24
1215 4261 1636 4335 Ἐρασίστρατοι
1671 4269 1718 4317 A
1878 4265 2137 4318 σκυτικοί
2165 4264 2497 4335 Bernhardy

210 4349 332 4404 coll.
370 4348 534 4418 Diog.
575 4347 654 4418 Π,
695 4352 812 4415 122,
849 4363 956 4402 reo,
1008 4347 1281 4402 Westerm.
1320 4347 1613 4400 Σκυθικοί
1642 4346 1787 4416 vulq.
