3025 4892
1119 205 1548 263 HESYCHIUS.
2394 210 2473 273 91

217 370 446 455 πρῶτος
497 366 770 457 ἠράσθη
826 366 1066 449 παιδὸς
1100 364 1455 455 ’Τμεναίου
1499 365 1833 454 τοῦνομα,
1888 369 2045 436 υἱοῦ
2092 368 2481 456 Καλλιόπης

215 475 310 542 καὶ
347 473 724 561 Μάγνητος·
775 477 847 542 οἱ
881 474 954 543 δὲ
994 473 1226 561 Κρῆτά
1264 480 1436 561 φασί
1467 500 1620 542 τινα
1667 472 1948 543 Τάλωνα
1969 472 2483 563 Ῥαδαμάνθυος

215 584 588 669 ἐρασθῆναι·
636 583 708 648 οἱ
752 579 826 648 δὲ
864 579 1083 651 Λάϊόν
1120 600 1330 668 φασιν
1367 583 1741 669 ἐρασθῆναι
1778 579 2047 670 πρώτου
2084 588 2483 672 Χρυσίππου

213 692 318 757 τοῦ
357 688 662 767 Πέλοπος
715 690 895 755 υίοῦ·
956 690 1027 755 οί
1076 687 1152 755 δὲ
1192 685 1567 767 Ἰταλιώτας
1618 686 1925 775 πρώτους
1978 686 2122 757 κατ’
2180 686 2480 777 ἀνάγκην

215 800 533 883 στρατείας
587 790 909 881 εὑρέσθαι
967 797 1184 862 τοῦτο.
1274 792 1440 863 κατὰ
1485 794 1561 863 δὲ
1607 792 1937 883 ἀλήθειαν
1984 792 2188 876 αὐτὸς
2234 792 2269 864 ὁ
2311 795 2481 875 Ζεὺς
2506 816 2533 858 ⁶

213 905 449 988 πρῶτος
491 898 762 988 ἠράσθη
809 899 1300 989 Γανυμήδους]

367 1026 862 1095 CCCXXXVII.
935 1031 1362 1115 Θεαίτητος
1401 1025 1761 1115 Ἀθηνατος
1805 1026 2246 1117 ἀστρολόγος,
2292 1027 2482 1116 φιλό-

209 1154 427 1220 σοφος,
485 1131 792 1222 μαθητὴς
839 1132 1274 1221 Σωκράτους,
1323 1136 1626 1217 ἐδίδαξεν
1674 1136 1747 1203 ἐν
1784 1131 2155 1225 Ἡρακλεία.
2246 1138 2481 1223 γέγονε

209 1241 276 1308 δὲ
331 1239 489 1327 μετὰ
551 1238 632 1308 τὰ
686 1239 1310 1326 Πελοποννησιακά.
1409 1243 1672 1329 πρῶτος
1728 1240 1801 1309 δὲ
1856 1239 1935 1310 τὰ
1992 1242 2185 1312 πέντε
2242 1242 2481 1311 καλού-

204 1332 362 1435 μενα
401 1345 634 1435 στερεὰ
681 1352 942 1436 ἔγραψε.
2512 1370 2563 1409 ιο

365 1471 890 1542 CCCXXXVIII.
973 1477 1401 1559 Θεαίτητος
1458 1468 1851 1561 Ἡρακλείας
1914 1470 2223 1559 Πόντου,
2290 1472 2481 1560 φιλό-

202 1599 430 1666 σοφος,
478 1577 809 1668 ἀκροατὴς
853 1579 1239 1659 Πλάτωνος.

367 1706 827 1775 CCCXXXIX.
908 1702 1182 1774 Θεανὼ
1241 1710 1715 1793 Μεταποντίυη
1782 1702 1823 1795 ἢ
1892 1710 2179 1795 Θουριά,
2243 1714 2482 1775 Πυθα-

199 1818 450 1899 γορεία,
506 1811 814 1901 θυγάτηρ
872 1811 1312 1901 Λεώφρονος,
1367 1810 1614 1899 γαμετὴ
1679 1812 1753 1880 δὲ
1798 1812 2163 1902 Καρύστου
2215 1809 2257 1899 ἢ
2304 1811 2482 1901 Κρό-

195 1945 400 1999 τωνος
461 1914 502 2007 ἢ
568 1925 921 2009 Βρωτίνου
984 1922 1107 1988 τοῦ
1173 1923 1676 2005 Πυθαγορείου.
1791 1916 1959 2006 αὕτη
2026 1924 2271 2007 ἔγραψε
2333 1920 2483 2009 περὶ
2514 1940 2563 1980 15

197 2026 641 2116 Πυθαγόρου,
713 2028 864 2115 περὶ
937 2024 1174 2115 ἀρετῆς
1238 2022 1619 2117 Ἰπποὸάμω
1687 2032 1989 2119 Θουρίῳ,
2063 2029 2484 2117 παραινέσεις

201 2140 575 2222 γυναικείας
617 2134 730 2202 καὶ
776 2130 1262 2220 ἀποφθέγματα
1309 2138 1826 2221 Πυθαγορείων.
2516 2226 2523 2233 .

368 2261 664 2332 CCCXL.
755 2258 1058 2357 Θεανὼ
1135 2260 1418 2347 Κρῆσσα
1490 2256 1897 2344 φιλόσοφος,
1977 2258 2285 2348 θυγάτηρ
2360 2258 2483 2347 μὲν

200 2369 680 2451 Πυθώνακτος,
727 2364 973 2455 γαμετὴ
1018 2364 1092 2433 δὲ
1138 2368 1257 2433 τοῦ
1300 2362 1595 2451 μεγάλου
1632 2364 2074 2454 Πυθαγόρου,
2114 2366 2179 2447 ἐξ
2218 2356 2300 2433 οὗ
2340 2370 2485 2452 ἔσχε

204 2476 552 2564 Τηλαύγην
597 2476 709 2543 καὶ
756 2472 1175 2562 Μνήσαρχον
1218 2473 1330 2541 καὶ
1383 2478 1616 2541 Μυῖαν
1663 2472 1773 2539 καὶ
1812 2470 2233 2561 Ἀριγνώτηυ.
2306 2470 2485 2552 τινὲς
2511 2494 2564 2533 ιο

196 2585 270 2653 δὲ
310 2588 664 2672 Βρωτίνου
717 2594 1003 2668 γυναῖκα
1063 2580 1401 2668 γράφουσι
1455 2580 1568 2647 καὶ
1621 2577 1697 2647 τὸ
1760 2582 1955 2666 γένος
1999 2584 2483 2669 Κροτωνιᾶτιν.

194 2689 632 2779 ὑπομνήματα
689 2686 1034 2775 φιλόσοφα
1087 2686 1200 2753 καὶ
1255 2683 1744 2773 ἀποφθέγματα
1799 2687 1936 2754 καὶ’
1964 2686 2216 2775 ποίημά
2268 2714 2330 2755 τι
2388 2684 2482 2754 δι’

195 2800 386 2867 ἐπῶν.

192 3004 378 3057 Verba
412 3001 512 3057 καὶ
545 3002 764 3068 πρῶτος
792 3032 858 3041 -
898 3000 1028 3055 exit.
1059 3000 1130 3054 ab
1159 2996 1426 3069 Hesychii
1462 2997 1655 3053 indole
1684 3001 1880 3067 procul
1908 3000 2129 3054 absunt.
2169 2999 2248 3053 cf.
2280 2999 2483 3054 Athen.

193 3084 320 3139 xm
356 3101 410 3153 p.
450 3088 554 3137 603
593 3082 652 3135 et
687 3097 830 3149 quae
868 3078 1099 3150 exposui
1135 3080 1274 3133 Mus.
1313 3076 1490 3131 Rhen.
1524 3076 1732 3132 XXXV
1768 3097 1823 3148 p.
1854 3084 1957 3134 212
2108 3085 2133 3132 1
2169 3075 2484 3133 Ὑακίνθου

194 3162 510 3231 Lennepius
637 3167 669 3213 2
713 3156 912 3213 Τάλων
951 3159 1274 3214 Gutschmid

332 3240 728 3298 CCCXXXVII
763 3240 916 3295 Eud.
953 3258 1007 3310 p.
1047 3245 1152 3293 369
1245 3242 1293 3293 ’7
1333 3243 1517 3307 φιλοσ.
1548 3238 1647 3293 καὶ
1674 3237 1755 3301 είς
1784 3234 1847 3293 τὸ
1876 3235 2053 3308 α”κρον
2084 3234 2303 3309 άστρολ.
2333 3240 2483 3295 Eud.

197 3326 228 3373 8
264 3321 462 3391 γέγονε
501 3338 613 3390 seq.
653 3321 997 3389 transposui,
1035 3320 1167 3389 post
1196 3316 1410 3387 ἔγραψε
1450 3318 1717 3373 exhibent
1752 3318 1881 3373 libri

335 3399 754 3455 CCCXXXVIII
785 3401 1092 3468 Utramque
1119 3400 1362 3469 glossam
1389 3401 1461 3455 ad
1490 3412 1665 3454 unum
1692 3402 1947 3469 spectare
1974 3401 2137 3470 patet
2225 3406 2287 3454 11
2321 3396 2486 3468 Ἡρα-

198 3480 330 3537 κλέα
350 3486 394 3533 V
434 3477 549 3549 Ἡρ.
581 3475 810 3535 Πόντου
839 3496 908 3534 ex
935 3484 982 3532 A
1007 3481 1306 3545 Kusteruffi
1346 3483 1517 3536 antea.
1551 3481 1847 3551 legebassur
1886 3476 1949 3535 ἐν
1979 3477 2094 3550 Ἡρ.
2134 3481 2234 3536 τοῦ
2262 3478 2489 3534 Πόντου

332 3560 702 3618 CCCXXXIX
739 3560 892 3615 Eud.
931 3579 983 3630 p.
1025 3567 1128 3615 369
1293 3567 1359 3616 13
1395 3556 1803 3631 Μεταποντική
1841 3560 1995 3616 Eud.
2151 3563 2379 3628 Πυθαγ.
2422 3592 2485 3599 -

197 3647 366 3712 Βρωτ.
404 3658 513 3696 om.
551 3640 701 3696 Eud.
845 3647 911 3695 14
947 3637 1245 3708 Καρύστου
1283 3641 1344 3695 et
1377 3638 1675 3709 Κρότωνος
1712 3659 1863 3711 susp.
1908 3640 2275 3712 Bernhardyo

201 3727 264 3776 15
293 3724 579 3790 Βρωτίνου
607 3725 814 3774 Anvn
846 3722 1116 3790 Βροτίνου
1144 3719 1244 3774 rel.
1275 3723 1583 3789 Βροντίνου
1612 3738 1679 3777 ex
1708 3720 2007 3775 Iamblichi
2031 3720 2129 3776 vit.
2152 3722 2313 3789 Pyth.
2343 3718 2485 3774 coni.

197 3802 467 3856 Kusterus
513 3796 587 3863 ὡς
633 3804 922 3863 Πλωτῖνος
964 3800 1025 3855 in
1070 3798 1320 3870 margine
1365 3806 1409 3853 V
1455 3802 1683 3871 legitur.
1758 3800 1947 3855 Verba
1992 3801 2094 3855 τοῦ
2137 3803 2293 3855 Πυθ.
2341 3793 2486 3866 αὕτη

200 3879 410 3953 ἔγραψε
447 3880 576 3949 περὶ
613 3882 754 3936 miro
792 3898 978 3937 enrore
1025 3882 1224 3937 desunt
1267 3880 1326 3935 in
1364 3880 1450 3936 ed.
1489 3879 1713 3937 Bekker.
1793 3876 2174 3949 Πυθαγόρου,
2212 3880 2485 3945 Πυθαγο-

199 3964 318 4027 ρεία
357 3952 499 4016 οὖσα
537 3962 688 4016 Eud.
838 3968 902 4015 16
943 3956 1154 4016 Ἰπποᾶ
1198 3963 1365 4031 Θουρ.
1412 3961 1681 4017 ficticium
1726 3962 1959 4017 titulum
2007 3977 2125 4015 esse
2172 3958 2487 4028 suspicatus

202 4043 282 4095 est
316 4042 676 4112 Bernlmrdy‚
713 4040 812 4109 qui
847 4040 1024 4097 etiam
1060 4039 1189 4109 περὶ
1225 4039 1579 4112 Πυθαγόρου
1618 4042 1916 4098 delendum
1954 4040 2166 4096 censuib

339 4121 566 4177 CCCXL
603 4121 755 4176 Eud.
795 4119 833 4175 l.
873 4137 919 4175 c.
994 4119 1074 4175 Cf.
1112 4138 1166 4174 v.
1209 4119 1504 4191 Τηλαύγης
1679 4127 1743 4175 19
1794 4116 1853 4186 ἐξ
1890 4112 1960 4174 οὗ
2000 4150 2065 4159 -
2104 4117 2488 4189 Κροτωνιᾶτιν

203 4218 305 4257 om.
339 4203 494 4258 Eud.
531 4218 768 4271 pergens
807 4198 1044 4270 φέρεται
1079 4194 1256 4269 αὐτῆς
1289 4196 1460 4270 ὑπομ.
1501 4197 1677 4255 πολλά
1716 4199 1805 4268 (cf.
1845 4199 2007 4269 Diog.
2046 4200 2202 4266 VIII,
2242 4202 2337 4268 43)

205 4286 266 4336 21
303 4284 590 4353 Βρωτίνου
629 4300 698 4337 ex
730 4282 905 4337 Paris.
943 4280 1229 4337 revocavit
1264 4282 1565 4347 Kusteruss,
1614 4282 1781 4335 antea
1816 4280 2003 4334 fuerat
2036 4281 2349 4349 Κρατίνου;
2397 4298 2489 4347 γε-

209 4360 408 4416 νέσθαι
441 4361 573 4432 post
607 4368 850 4431 γυναῖκα
889 4361 1018 4416 add.
1055 4361 1200 4430 vuly.
1241 4377 1346 4417 om.
1384 4365 1431 4413 A
