3025 4892
1154 180 1583 237 HESYOmth.
2386 176 2513 248 133

183 337 738 430 ὠνομάσθησαν.
831 345 959 412 εἰσὶ
1015 344 1090 413 δὲ
1135 347 1211 411 αἰ
1249 348 1616 435 τραγῳδίαι
1662 340 1872 412 αὐτοῦ
1920 352 2200 431 Αἴολος,
2242 342 2511 435 Ἀνδρο-

181 449 396 535 μέδα,
443 446 752 537 Ἀλήτης,
801 456 1137 538 Αἰολίδης,
1178 446 1581 538 Ἐλεφήνωρ,
1618 447 1969 538 Ἡρακλῆς,
2004 449 2259 539 Ἱκέται,
2287 450 2505 521 Ἱππό-

179 564 426 642 λυτος,
473 562 972 645 Κασσανδρεῖς,
1012 557 1242 644 Λάϊος,
1271 556 1751 647 Μαραθώνιοι,
1781 557 2154 645 Ναύπλιος,
2191 564 2513 639 Οἰδίπους

179 662 248 729 α’
299 665 403 749 β’,
453 661 813 753 Ὀρφανός,
859 666 1194 753 Πενθεύς,
1240 669 1636 751 Πελοπίδαι,
1683 664 2063 753 Σύμμαχοι,
2116 668 2507 754 Τηλέγονος,

179 770 621 855 Χρύσιππος.
678 772 996 861 διασκευὴ
1041 771 1102 841 δ’
1138 775 1319 841 ἐστὶν
1358 775 1427 841 ἐκ
1463 772 1725 841 τούτων
1764 770 1799 841 ὁ
1841 773 2208 855 Ναύπλιος.
2264 779 2508 862 ἔγραψε
2537 795 2563 835 5

177 878 294 945 καὶ
345 878 493 967 τὴν
543 882 969 968 καλουμένην
1011 876 1488 965 Ἀλεξάνδραν,
1534 878 1609 947 τὸ
1661 878 2009 949 σκοτεινὸν
2055 887 2321 968 ποίημα.

373 987 808 1056 CCCOXOV.
923 992 1264 1066 Λυσίας
1327 986 1654 1073 Κεφάλου
1720 986 2187 1075 Συρακούσιος
2264 986 2510 1076 ῥήτωρ,

178 1091 520 1180 μαθητὴς
565 1098 802 1161 Τισίου
835 1093 948 1161 καὶ
985 1098 1259 1177 Νικίου,
1306 1086 1400 1173 εἶς
1442 1095 1581 1159 τῶν
1617 1090 1777 1179 μετὰ
1820 1094 2314 1179 Δημοσθένους
2350 1095 2508 1162 δέκα
2593 1169 2599 1183 ,

178 1197 540 1286 ῥητόρων.
613 1201 852 1285 ἐτέχθη
894 1196 956 1265 δ’
1000 1196 1444 1286 ἐν,Ἀθήναις,
1485 1198 2001 1286 μετοικῆσαντος
2036 1203 2158 1267 τοῦ
2188 1200 2509 1286 Κεφάλου

181 1306 434 1391 ἐκεῖσε,
492 1303 785 1392 γεγονὼς
824 1304 898 1373 δὲ
936 1307 1104 1374 ἐτῶν
1143 1304 1234 1373 ιε’
1274 1310 1368 1386 είς
1405 1311 1738 1391 Θουρίους
1774 1303 1981 1398 ᾤχετο
2022 1304 2149 1374 σὺν
2188 1304 2509 1394 ἀδελφοῖς
2538 1329 2588 1369 10

179 1409 348 1500 δύο,
419 1411 872 1500 κοινωνήσων
935 1415 1052 1499 τῆς
1107 1408 1434 1492 ἀποικίας.
1536 1408 1675 1479 εἶτα
1730 1410 2030 1480 ἐκπεσών
2084 1414 2345 1481 ἐκεῖθεν
2402 1411 2503 1481 ἐπ’
2574 1430 2598 1449 s

183 1516 569 1614 ἀττικισμῷ
631 1522 1012 1607 ἐπανῆλθεν
1061 1522 1157 1600 εἰς
1195 1515 1514 1606 Ἀθήνας,
1562 1516 1747 1606 ἄγων
1793 1523 1938 1597 ε”τος
1983 1518 2109 1606 μζ’.
2201 1519 2393 1606 λόγοι
2432 1519 2508 1589 δὲ

181 1622 412 1694 αὐτοῦ
477 1629 787 1713 λέγονται
833 1625 1007 1694 εἶναι
1053 1625 1321 1713 γνήσιοι
1366 1622 1537 1713 ὑπὲρ
1581 1625 1742 1705 τοὺς
1786 1624 1872 1712 τ’,
1926 1625 2035 1693 καὶ
2085 1627 2294 1713 ἕτεροι
2342 1624 2508 1711 πρὸς
2604 1664 2615 1677 ·

186 1729 474 1814 τούτοις
521 1731 1113 1821 ἀμφιδοξούμενοι.
1197 1735 1289 1824 τῷ
1329 1731 1403 1799 δὲ
1439 1735 1718 1825 καθαρῷ
1759 1734 1874 1819 τῆς
1911 1731 2220 1820 φράσεως
2258 1731 2507 1802 οὐδένα

183 1842 339 1925 ἔσχε
391 1838 693 1927 μιμητὴν
737 1838 914 1928 πλὴν
954 1838 1388 1928 Ἰσοκράτους.
1463 1844 1711 1926 ἔγραψε
1758 1838 1833 1907 δὲ
1878 1840 1989 1908 καὶ
2032 1842 2267 1929 τέχνας
2314 1843 2506 1929 ρητο-
2540 1864 2587 1903 15
2703 1910 2721 1927 ,

189 1944 392 2030 ρικὰς
454 1948 568 2015 καὶ
633 1950 1074 2035 δημηγορίας,
1133 1944 1425 2033 ἐγκώμιά
1471 1972 1539 2013 τε
1584 1946 1696 2013 καὶ
1742 1947 2162 2033 ἐπιταφίους,
2217 1947 2326 2014 καὶ
2375 1948 2507 2015 ἐπι-

190 2054 454 2135 στολὰς
481 2049 483 2052 ’
509 2054 584 2142 ζ’,
642 2060 804 2142 μίαν
859 2053 982 2141 μὲν
1037 2054 1532 2142 πραγματικήν,
1585 2050 1703 2131 τὰς
1760 2051 1834 2119 δὲ
1891 2052 2126 2133 λοιπὰς
2172 2054 2506 2141 ἐρωτικάς,

193 2148 296 2225 ὧν
343 2165 428 2229 occ
471 2160 531 2229 ε’
581 2158 747 2249 πρὸς
793 2160 1118 2249 μειράκια.

382 2268 838 2337 CGCOXOVI.
913 2265 1408 2343 Λύσιππος.
1497 2268 1635 2333 τῶν
1698 2264 2055 2353 δραμάτων
2112 2264 2320 2333 αὐτοῦ
2369 2268 2506 2334 ἐστι

194 2371 498 2461 Βάκχαι,
565 2370 653 2453 ὡς
701 2371 1057 2461 Ἀθήναιος
1116 2374 1288 2459 λέγει
1345 2372 1417 2439 ἐν
1463 2369 1533 2457 γ’
1597 2376 2201 2456 Δειπνοσοφιστῶν
2260 2374 2370 2439 καὶ
2427 2374 2499 2439 ἐν
2530 2396 2582 2434 20

195 2482 286 2569 τῷ
328 2480 428 2567 η’.
521 2482 632 2549 καὶ
679 2483 868 2569 ἕτερα
916 2478 1126 2548 αὐτοῦ
1174 2472 2007 2566 δράματα,’“Θυρσοκόμος.
2036 2534 2049 2548 .
2081 2533 2095 2548 .
2126 2534 2139 2548 .

383 2588 868 2657 COOOXGVII.
915 2585 1585 2674 ΜάγνηςἸκαρίου,
1624 2585 1878 2665 πόλεως
1903 2583 2214 2673 Ἀττικῆς,
2242 2582 2283 2673 ἢ
2310 2585 2505 2673 Ἀθη-

197 2706 433 2779 ναϊος,
507 2694 809 2783 κωμικός.
920 2692 1252 2778 ἐπιβάλλει
1330 2691 1405 2759 δὲ
1472 2689 1853 2783 Ἐπιχάρμῳ
1925 2695 2079 2773 νέος
2152 2693 2505 2783 πρεσβύτῃ.

199 2887 268 2943 cf.
305 2884 670 2960 Ἀλέξανδρος
698 2886 963 2959 Αἰτωλός,
1001 2889 1323 2955 Σωσίθεος,
1351 2888 1669 2957 Σωσικλῆς,
1708 2891 1964 2951 Φιλίσκος
1993 2890 2063 2943 al.
2175 2895 2207 2943 2
2246 2887 2506 2959 Αἰολίδης

199 2970 259 3020 et
295 2968 454 3024 infra.
485 2966 764 3039 Ὀρφανός
801 2971 1060 3039 suspecta
1086 2969 1452 3039 Bernhardyo
1581 2974 1613 3021 3
1651 2970 2039 3038 Κασσανδρεῖς
2066 2974 2113 3021 A
2150 2972 2507 3039 Κασσανδρίς

199 3049 346 3120 vulg.
477 3048 652 3113 Λάιος
689 3068 797 3105 om.
833 3055 880 3102 V
1025 3056 1056 3105 6
1091 3045 1505 3118 Ἀλεξάνδρειαν
1544 3053 1589 3099 V

349 3127 683 3184 CCCCXCV
721 3130 871 3183 Eud.
910 3148 964 3199 p.
1005 3134 1126 3183 463.
1203 3126 1285 3184 of.
1324 3129 1512 3197 Daub,
1557 3128 1711 3182 stud.
1750 3147 1804 3199 p.
1843 3135 1909 3183 31
1940 3147 2051 3197 seq.
2222 3136 2254 3185 8
2294 3132 2503 3193 Νικίου

199 3204 446 3265 fortasse
493 3226 593 3279 per
629 3209 1070 3280 dittographiam
1119 3226 1183 3264 ex
1227 3212 1422 3263 Τισίου
1461 3210 1671 3277 ortum3
1720 3209 1788 3263 of.
1827 3209 2013 3277 Blass,
2059 3211 2177 3264 Att.
2216 3209 2441 3265 Bereds.
2479 3210 2506 3263 I

201 3302 256 3353 p,
297 3295 408 3345 338
555 3296 586 3345 9
629 3286 838 3359 ἐτέχθη
878 3321 944 3330 -
985 3288 1074 3360 ‘tt'
1117 3307 1225 3345 om.
1263 3289 1414 3345 Eud.
1566 3295 1629 3343 11
1670 3308 1811 3345 κοιν.
1852 3322 1916 3329 -
1956 3285 2224 3353 ἀποικίας
2262 3308 2371 3353 om.
2400 3296 2445 3342 V

204 3372 268 3419 13
311 3366 367 3422 σ’
413 3386 481 3423 ex
523 3370 1091 3425 Pseudo-Plutarcho
1137 3372 1211 3439 (p.
1252 3374 1381 3436 242,
1421 3374 1487 3422 41
1520 3368 1841 3438 Westerm.)
1878 3370 2213 3439 Kusteru83⁰
2235 3371 2304 3425 cf.
2343 3370 2504 3425 Daub

203 3463 256 3513 p.
300 3454 370 3503 32
521 3446 662 3515 πρὸς
699 3446 934 3513 τούτους
971 3451 1122 3505 Eud.
1275 3455 1338 3504 18
1379 3440 1456 3502 ὧν
1496 3480 1566 3489 -
1606 3448 1735 3504 exit.
1777 3467 1883 3503 om.
1923 3450 2075 3506 Eud.

266 3582 281 3589 ,
354 3528 714 3585 CCCCXCVI
750 3532 902 3585 Eud.
942 3549 992 3600 p.
1033 3536 1154 3583 464.
1229 3528 1458 3585 Tractat
1492 3529 1749 3583 Meineke
1787 3530 1812 3582 I
1847 3548 1899 3599 p.
1940 3536 2061 3583 215.
2135 3529 2219 3585 De
2265 3530 2387 3585 vita
2434 3530 2501 3584 cf.

203 3604 388 3679 Daub,
420 3611 489 3664 de
520 3610 670 3666 Suid.
692 3629 745 3680 p.
769 3616 874 3666 484
903 3613 961 3665 et
989 3610 1142 3665 Stud.
1175 3628 1228 3679 p.
1255 3615 1356 3664 140
1450 3616 1513 3663 19
1545 3604 1837 3671 Λύσιππος
1863 3606 2127 3679 τραγικός
2147 3610 2317 3678 Eud„
2349 3610 2503 3664 cuius

205 3686 273 3741 de
312 3706 516 3758 errore,
544 3690 642 3758 qui
669 3692 728 3744 et
755 3691 894 3745 alios
923 3690 1157 3757 obtinet,
1187 3690 1256 3744 cf.
1285 3689 1542 3744 Meineke
1573 3690 1611 3745 l.
1642 3707 1707 3756 c.‚
1736 3690 1930 3757 Puloh,
1960 3691 2028 3745 de
2048 3689 2195 3746 Viol.
2224 3710 2275 3761 p.
2300 3698 2368 3746 86

129 3772 133 3778 ’
206 3772 273 3821 20
303 3768 374 3823 cf.
398 3770 598 3825 Athen.
629 3769 707 3824 III
744 3789 798 3840 p.
832 3776 933 3823 124
971 3772 1029 3824 et
1064 3767 1195 3823 VIII
1231 3787 1285 3838 p.
1317 3774 1436 3823 344.
1503 3769 1764 3825 Cesserum
1802 3766 1878 3832 ὡς
1908 3765 2203 3840 Ἀθήναιος
2247 3804 2305 3813 -
2347 3766 2405 3839 η’
2447 3774 2504 3825 et

215 3846 579 3919 Θυρσοκόμος
606 3844 712 3905 σω.
743 3850 893 3905 Eud.
1015 3856 1081 3903 21
1121 3850 1204 3902 De
1237 3845 1601 3919 Θυρσοκόμος
1633 3850 1713 3903 nil
1743 3854 1995 3905 constare
2025 3851 2369 3906 adnotarunt
2396 3850 2503 3905 viri

209 3927 385 3998 docti,
424 3930 615 3999 itaque
653 3932 794 3985 forte
823 3931 1250 3999 expungendum
1287 3929 1538 3997 videtum
1579 3925 1653 3992 ὥς
1684 3932 1922 3999 Θυρσοκ.
1952 3930 2250 3999 Καειενιιε,
2290 3926 2365 3991 ὡς
2392 3947 2500 3985 om.

210 4007 412 4063 ABVE
441 4010 564 4064 edd.
594 4013 724 4064 ante
752 4010 916 4065 Kust.
992 4010 1252 4065 Fortasse
1291 4013 1480 4066 autem
1518 4008 1577 4062 in
1615 4011 1735 4064 toto
1772 4007 2010 4064 articulo
2038 4011 2277 4064 duorum
2304 4012 2500 4079 poiita-

211 4103 358 4159 rum,
396 4089 597 4159 tragici
635 4092 692 4144 et
735 4090 964 4159 comici,
1011 4090 1160 4145 vitae
1199 4092 1462 4146 confusae
1501 4091 1655 4157 sunt,
1692 4088 1752 4142 id
1788 4089 1937 4158 quod
1975 4088 2123 4158 fugit
2162 4090 2501 4143 Meinekium

352 4167 737 4224 CCCCXCVII
771 4170 920 4225 Eud.
961 4188 1014 4240 p.
1054 4175 1174 4224 498.
1234 4170 1314 4225 Cf,
1353 4169 1612 4224 Meineke
1650 4169 1675 4222 Ι
1713 4187 1766 4238 p.
1798 4174 1865 4222 29
1901 4186 2013 4236 seq.
2160 4174 2227 4222 22
2259 4163 2502 4239 Ἀττικῆς

215 4261 346 4304 corr.
387 4249 638 4303 Meineke
685 4248 810 4305 coll.
858 4267 908 4303 v.
951 4248 1186 4319 Θέσπις,
1229 4247 1464 4311 Ἀ’ττικός
1508 4251 1652 4321 υιιῖρ.
1688 4245 1815 4303 ’Ama
1856 4266 1963 4305 om.
2003 4248 2153 4303 Eud.
2301 4254 2369 4304 23
2418 4248 2498 4306 of.

217 4323 408 4383 Suidas
447 4346 489 4384 s,
532 4322 770 4401 ἐπέβαλε
