3025 4892
523 266 530 275 .
555 210 682 275 184
1473 204 1903 262 HESYCHIUS.

728 371 1162 439 DCLXXXII.
1244 376 1821 455 Πτολεμαῖος
1876 366 2349 456 γραμματικός,
2406 364 2441 435 6
2492 364 2805 452 Ἐπιθέτης

550 485 844 566 κληθείς,
883 478 1056 547 διότι
1095 481 1313 546 εἵπετο
1348 482 1440 569 τῷ
1473 475 1897 567 Ἀριστάρχῳ.
1964 475 2303 563 διηκηκόει
2343 479 2419 543 δὲ
2444 472 2807 542 Ἑλλανίκου

550 591 670 655 τοῦ
725 588 1211 674 γραμματικοῦ,
1271 582 1306 653 6
1370 583 1443 652 δὲ
1485 581 2001 670 Ἀγαθοκλέους,
2057 579 2093 651 6
2150 582 2226 651 δὲ
2271 584 2658 669 Ζηνοδότου
2704 585 2808 649 τοῦ

548 693 874 781 Ἐφεσίου.
966 697 1210 779 ἔγραψε
1256 693 1405 780 περὶ
1451 695 1587 759 τῶν
1632 688 1787 776 παρ’
1828 687 2089 829 Ὁμήρῳ
2135 694 2433 777 πληγῶν,
2476 687 2811 777 ὑπόμνημα

502 826 526 865 5
551 805 646 882 εἰς
689 799 812 887 τὴν
853 796 1261 867 Ὀδύσσειαν.

728 907 1200 974 DOLXXXIII.
1273 913 1764 993 Πτολεμαῖος
1812 902 1847 974 6
1890 903 2348 991 Ἀριστονίκου
2384 908 2507 973 τοῦ
2544 930 2812 992 γραμμα-

551 1017 740 1082 τικοῦ
787 1012 1033 1101 πατήρ,
1078 1012 1189 1079 καὶ
1236 1009 1436 1092 αὐτὸς
1482 1011 1959 1102 γραμματικός·
2005 1010 2205 1099 ἄμφω
2254 1010 2328 1079 δὲ
2374 1014 2813 1081 ἐπεδείκνυντο

554 1124 626 1189 ἐν
674 1118 909 1210 Ῥώμῃ.
998 1118 1078 1188 τὰ
1136 1117 1382 1206 ὁμοίως
1437 1122 1753 1207 εἰρημένα
1808 1134 1946 1199 τοῖς
2001 1133 2368 1208 τραγικοῖς,
2425 1116 2809 1206 εἰς”Ομηρον

552 1233 779 1315 βιβλία
844 1225 934 1312 ν’,
997 1225 1076 1295 τοὶ
1131 1225 1309 1315 παρὰ
1362 1230 1452 1318 τῷ
1509 1230 1749 1316 ποιητῇ
1806 1228 2007 1309 ξένως
2064 1227 2497 1315 ἱστορημένα,
2558 1223 2635 1293 τὰ
2684 1227 2813 1310 περὶ

477 1361 527 1400 ιο
555 1338 861 1403 Μουσῶν
907 1334 1019 1400 καὶ
1066 1338 1453 1421 Νηρηίδων.

729 1440 1202 1509 DCLXXXIV.
1292 1447 1788 1527 Πτολεμαῖος
1840 1438 2310 1527 Ἀλεξανδρεὺς
2375 1438 2814 1528 γραμματικός,

553 1544 587 1615 6
636 1551 758 1615 τοῦ
791 1544 1301 1633 Ἡφαιστίωνος,
1348 1544 1641 1633 γεγονώς
1688 1547 1799 1614 ἐπί
1836 1572 1906 1614 τε
1952 1550 2290 1635 Τραϊανοῦ
2336 1547 2448 1615 καὶ
2480 1546 2808 1634 Ἀδριανοῦ

553 1656 702 1722 τῶν·
735 1649 1278 1743 αὐτοκρατόρων,
1337 1655 1913 1742 προσαγορευθεὶς
1958 1654 2033 1721 δὲ
2081 1656 2350 1733 Χέννος.
2442 1655 2591 1739 περὶ
2634 1678 2814 1741 παρα-

556 1760 760 1844 δόξου
806 1765 1130 1849 ἱστορίας,
1187 1766 1458 1848 Σφίγγα
1506 1763 1759 1850 (δρᾶμα
1806 1762 1887 1828 δέ
1928 1763 2110 1829 ἐστιν
2155 1760 2562 1850 ἱστορικόν),
2612 1760 2817 1828 Ἀνθό-

476 1895 527 1935 15
555 1894 772 1956 μηρον
817 1868 982 1956 (ἔστι
1031 1868 1104 1935 δὲ
1149 1872 1413 1953 ποίησις
1460 1870 1826 1958 ῥαψῳδιῶν
1873 1870 2011 1950 κδ’)
2058 1868 2167 1936 καὶ
2214 1867 2384 1936 ἄλλα
2432 1867 2603 1935 τινά.

731 1974 1164 2043 DCLXXXV.
1223 1981 1722 2061 Πτολεμαῖος
1761 1972 1796 2043 6
1831 1972 2334 2061 Ἀσκαλωνίτης,
2373 1973 2817 2064 γραμματικός,

555 2076 628 2160 ὃς
675 2080 1064 2147 ἐπαίδευσεν
1111 2081 1186 2147 έν
1220 2076 1455 2169 Ῥώμῃ.
1545 2086 1790 2166 ἔγραψε
1836 2084 2229 2173 προσῳδίαν
2264 2080 2648 2172 Ὁμηρικήν,
2688 2080 2818 2163 περὶ

555 2187 961 2274 ἑλληνισμοῦ
1023 2185 1169 2273 ἤτοι
1235 2184 1634 2273 ὀρθοεπείας
1695 2193 1923 2274 βιβλία
1979 2190 2086 2274 ιε’,
2142 2191 2290 2279 περὶ
2345 2191 2637 2277 μέτρων,
2687 2187 2817 2272 περὶ

552 2296 668 2379 τῆς
733 2294 805 2360 έν
866 2291 1209 2384 Ὀδυσσείᾳ
1268 2291 1704 2382 Ἀριστάρχου
1768 2293 2228 2381 διορθώσεως,
2299 2298 2449 2386 περὶ
2518 2298 2822 2382 διαφορᾶς

474 2428 527 2467 20
557 2401 798 2482 λέξεων
843 2401 952 2469 καὶ
1002 2402 1187 2489 ἕτερα
1235 2400 1665 2489 γραμματικά.

732 2509 1200 2577 DCLXXXVI.
1254 2507 1743 2597 Πυθαγόρας
1780 2506 2059 2596 Σάμιος,
2107 2508 2309 2597 φύσει
2357 2510 2431 2580 δὲ
2478 2508 2821 2599 Τυρρηνός,

697 2756 1046 2813 DCLXXXII
1084 2758 1233 2813 Eud.
1272 2776 1326 2828 p.
1359 2764 1479 2813 602.
1549 2757 1628 2813 Cf.
1660 2756 1848 2827 Daub‚
1888 2757 2046 2814 Stud.
2076 2778 2129 2829 p.
2164 2764 2263 2813 116
2378 2767 2405 2814 1
2445 2758 2602 2815 ’‘al‘'
2574 2780 2646 2814 ετ.
2676 2762 2824 2813 Πτολ.

557 2838 708 2892 Eud.
816 2832 1115 2899 ''Enaesvog
1150 2838 1406 2893 Eustath.
1437 2839 1500 2891 ΙΙ.
1531 2857 1583 2908 p.
1616 2844 1719 2893 966
1836 2844 1868 2893 2
1910 2834 2155 2894 ἐπέθετο
2185 2856 2322 2897 corr.
2354 2841 2636 2896 Villoison.
2672 2838 2825 2910 praef.

557 2917 619 2971 Il.
649 2936 702 2987 p.
733 2924 802 2972 30
929 2924 961 2972 4
998 2919 1226 2987 πληγῶν
1262 2918 1498 2973 fortasse
1537 2918 1830 2987 vitiosum,
1870 2919 2129 3011 γλωσσῶν
2166 2920 2828 2991 Duntzer‚vu1g.tuetur

555 2997 726 3051 Daub
764 2997 890 3051 coll.
930 2999 1095 3051 Πτολ.
1136 3000 1302 3051 Πινδ.
1342 2998 1414 3053 al.

698 3076 1077 3131 DCLXXXIII
1114 3077 1265 3133 Eud.
1305 3096 1356 3147 p.
1389 3084 1491 3132 601
1532 3095 1677 3147 quae
1713 3077 1915 3150 incipit
1952 3080 2048 3133 καὶ
2087 3075 2252 3143 ἄλλος
2288 3078 2669 3151 γραμματικός

558 3163 588 3209 6
637 3152 667 3209 6
716 3156 842 3211 add.
891 3161 991 3208 AV
1040 3153 1069 3210 6
1113 3152 1508 3227 Ἀριστονίκου,
1563 3154 1930 3229 Ἀριστονίκου
1980 3158 2045 3215 δε
2103 3181 2148 3215 τ.
2198 3181 2281 3230 γρ.
2331 3158 2517 3230 πατήρ
2564 3162 2829 3232 eleganter

557 3234 701 3289 coni.
738 3234 929 3289 Rohde
1066 3229 1447 3304 Ἀριστωνίκου
1485 3241 1617 3307 post.
1653 3234 1828 3301 αὐτός
1865 3239 2127 3296 add.131÷:
2276 3248 2305 3296 ’1
2344 3238 2408 3295 δὲ
2448 3240 2577 3298 add.
2607 3246 2703 3294 Av

557 3321 613 3447 9ἰ
631 3312 844 3382 ἔγραψε
884 3313 1013 3382 περὶ
1049 3314 1158 3368 τῶν
1196 3335 1350 3383 παρα
1390 3317 1501 3372 τῶν
1539 3320 1789 3387 ποιητῶν
1827 3320 1929 3391 (sic
1968 3321 2027 3374 et
2060 3323 2240 3391 1321)
2280 3317 2659 3391 [στορημένων
2693 3320 2827 3375 Eud.

559 3414 583 3449 ε
612 3394 828 3464 ρημὲνα
863 3402 906 3447 E

699 3475 1073 3531 DCLXXXIV
1112 3478 1264 3533 Eud.
1294 3496 1348 3547 p.
1380 3485 1498 3534 602.
1552 3478 1631 3536 Cf.
1661 3481 1925 3547 Hereher,
1964 3481 2162 3535 Annal.
2193 3481 2329 3550 phil.
2362 3480 2557 3550 Suppl.
2588 3481 2632 3550 Ι,
2668 3480 2828 3547 Daub,

557 3553 712 3608 Stud.
751 3574 806 3625 p.
839 3564 958 3611 117.
1116 3565 1178 3612 12
1216 3558 1299 3613 De
1338 3562 1526 3614 aetate
1565 3560 1631 3613 ef.
1670 3578 1721 3613 v.
1756 3554 2197 3628 Ἐπαφρόδιτος,
2242 3555 2375 3628 Ἀδρ.
2413 3559 2513 3614 καὶ
2558 3565 2653 3629 Τρ.
2690 3562 2822 3615 Eud.

560 3640 625 3687 13
665 3632 876 3704 ἔγραψε
917 3636 1046 3704 περὶ
1082 3638 1232 3693 Eud.
1306 3659 1436 3709 παρ.
1477 3635 1577 3693 ἴστ.
1616 3638 1766 3693 idem
1804 3656 1927 3694 esse
1965 3639 2113 3708 quod
2151 3640 2313 3695 Phot.
2352 3658 2407 3710 p.
2442 3646 2540 3694 146
2577 3641 2706 3710 περὶ
2740 3641 2825 3707 τῆς

556 3711 638 3776 εἰς
673 3718 1039 3785 πολυμαθίαν
1078 3718 1276 3787 καινῆς
1322 3716 1567 3786 ἷστορίας
1603 3718 1961 3773 manifestum
2000 3720 2088 3773 est
2256 3724 2321 3772 14
2360 3718 2494 3787 quid
2540 3718 2617 3773 sit
2653 3721 2823 3789 δρᾶμα

557 3792 838 3867 ἱστορικόν
884 3797 1078 3852 docuit
1112 3798 1332 3865 Rohde,
1380 3798 1472 3853 Gr.
1511 3800 1727 3853 Roman
1771 3817 1825 3867 p.
1865 3805 1969 3853 350
2007 3800 2121 3853 not.
2164 3804 2191 3851 1
2360 3804 2424 3851 15
2470 3798 2569 3852 καὶ
2610 3832 2673 3839 -
2718 3797 2827 3853 τινά

557 3894 663 3934 om.
703 3878 854 3931 Eud.

697 3958 1046 4014 DCLXXXV
1083 3960 1234 4014 Eud.
1274 3960 1310 4015 1.
1351 3977 1395 4014 ο.
1464 3958 1545 4014 Cf.
1585 3959 1777 4028 Stzeph.
1816 3958 1942 4026 Byz.
1982 3978 2032 4012 v.
2068 3953 2354 4013 Ἀσκάλων.
2406 3958 2601 4013 Vitam
2640 3978 2745 4015 om.
2778 3965 2832 4025 A,

556 4040 654 4109 qui
689 4038 1035 4110 intmargine
1074 4043 1176 4094 Πτ.
1215 4035 1245 4093 6
1281 4035 1414 4096 Ἀσκ.
1452 4036 1852 4109 γραμματικός.
1917 4038 2016 4093 καὶ
2054 4036 2205 4109 ζήτει
2332 4045 2401 4093 20
2437 4038 2640 4105 λέξεως
2674 4046 2768 4094 Bv

697 4119 1074 4175 DCLXXXVI
1110 4122 1261 4176 Eud.
1300 4140 1354 4190 p.
1387 4128 1507 4176 616.
1570 4119 1881 4188 Descripsit
1910 4119 2251 4189 Hesychium
2292 4120 2463 4174 esaiam
2505 4121 2679 4175 schol.
2710 4121 2827 4175 Plat

555 4201 632 4255 Vl
670 4218 724 4268 p.
755 4207 884 4255 360:
925 4199 1276 4270 Πυθαγόρας
1311 4198 1659 4270 Μνησάρχου
1700 4197 2213 4269 δακτυλιογλύφου,
2256 4195 2559 4269 Τυρρηνός.
2617 4203 2747 4265 νέος
2782 4198 2831 4255 δὲ

555 4273 634 4332 ὦν
672 4272 853 4348 ἦλθεν
892 4276 956 4333 ἐκ
990 4281 1296 4349 Τυρρηνῶν
1334 4279 1415 4343 εἰς
1446 4280 1647 4352 Σάμον
1683 4282 1783 4335 καὶ
1821 4277 2086 4349 διήκουσε
2121 4276 2443 4349 Φερεκύδου
2481 4281 2582 4333 τοῦ
2613 4284 2831 4351 Συρίου,

556 4355 678 4415 εἶτα
707 4354 1190 4429 Ἑρμοδάμαντος,
1239 4354 1303 4413 ἔν
1340 4358 1519 4432 Σάμῳ
1557 4356 1799 4430 ἀμφοῖν,
1851 4358 1972 4416 εἶτα
2013 4356 2295 4433 Ἀβάριδος
2332 4361 2431 4417 τοῦ
2470 4356 2832 4436 ’Ὑπερβορέου
