3025 4892
1119 200 1549 258 HESYCHIUS.
2352 204 2477 269 157

214 362 552 446 Θρᾳκικῆς,
602 359 932 438 ἐποποιός.
1021 362 1258 446 γέγονε
1315 360 1390 428 δὲ
1433 361 1547 428 καὶ
1595 352 1791 442 οὗτος
1830 361 1962 451 πρὸ
1998 358 2312 451 Ὁμήρου,
2361 367 2485 433 δύο

210 479 447 549 γενεαῖς
497 464 946 554 πρεσβύτερος
999 469 1137 534 τῶν
1191 471 1529 555 Τρωικῶν.
1618 472 1865 556 ἔγραψε
1926 469 2001 535 δὲ
2046 477 2485 557 μυθοποιίαν,

218 570 682 659 ἐπιγράμματα,
729 569 1004 658 ὕμνους.

370 678 628 747 DXOH.
675 676 998 765 Ὀρφεὺς
1031 676 1350 768 Ὀδρύσης
1395 680 1726 760 ἐποποιός.
1794 681 2165 763 Διονύσιος
2212 683 2287 751 δὲ
2331 689 2483 753 τοῦ-

205 812 316 853 τον
359 784 514 853 οὐδὲ
558 787 910 873 γεγονέναι
959 789 1151 874 λέγει.
1225 785 1406 876 ὅμως
1449 786 1905 876 ἀναφέρονται
1954 795 2048 871 εἰς
2084 788 2294 859 αὐτόν
2330 817 2479 859 τινα
2510 811 2535 853 5

204 892 537 981 ποιήματα.

366 1000 658 1069 DXCIII.
699 998 879 1089 Ὀρφ
901 953 1525 1089 snbstovmmoivng
1554 1001 1951 1089 ἐποποιός,“
1916 1032 1998 1073 ον
2020 1004 2479 1096 Πεισιστράτω

202 1121 491 1176 συνεῖναι
528 1112 618 1201 τῷ
658 1106 972 1201 τυράννῳ
1015 1104 1498 1196 Ἀσκληπιάδης
1535 1113 1745 1197 φησὶν
1792 1113 1866 1179 ἐν
1902 1116 1993 1204 τῷ
2034 1114 2197 1202 ἕκτῳ
2241 1117 2480 1203 βιβλίω

197 1217 325 1281 τῶν
358 1218 852 1302 γραμματικῶν.
913 1220 1400 1304 Δεκαετηρίδα,
1433 1214 1914 1306 ’Λργοναυτικά
1949 1221 2059 1288 καὶ
2098 1217 2267 1287 αλλα
2312 1218 2481 1289 τινά.

363 1322 656 1389 DXGIV.
716 1321 1024 1409 Ορφεύς
1061 1330 1526 1412 Καμαριναῖος
1562 1324 1894 1410 ἐποποιός,
1934 1318 2017 1395 οὗ
2054 1347 2264 1425 φασιν
2302 1324 2477 1394 εἶναι
2508 1345 2559 1385 1⁰

189 1423 308 1513 τὴν
353 1422 446 1506 εἰς
474 1425 714 1496 ’Ἅιδου
757 1430 1142 1515 κατάβασιν.

365 1536 627 1604 DXCV.
685 1534 992 1623 Ουαρος
1039 1536 1414 1616 Λαοδικεὺς
1459 1539 1804 1626 σοφιστής,
1854 1538 2227 1628 σύγχρονος
2277 1542 2483 1610 Πολέ-

195 1666 412 1726 μωνος
454 1642 566 1711 καὶ
613 1640 856 1713 ἄλλων.

357 1749 648 1816 DXCVI.
707 1748 1108 1837 Οὐηστῖνο
1131 1778 1163 1831 ς
1200 1748 1326 1838 <ὁ>
1357 1748 1639 1832 Ἰούλιος
1676 1759 2102 1840 χρηματίσας,
2138 1754 2480 1842 σοφιστής.

188 1853 503 1941 ἐπιτομὴν
539 1859 677 1924 τῶν
705 1862 1072 1943 Παμφίλου
1108 1862 1433 1944 γλωσσῶν
1472 1863 1750 1946 βίβλους
1780 1860 1874 1945 δ’,
1912 1859 2191 1948 ἐκλογὴν
2231 1859 2477 1948 ὀνομά-
2509 1881 2558 1918 1⁵

184 1985 317 2027 των
371 1962 441 2028 ἐκ
493 1966 632 2029 τῶν
681 1965 1175 2051 Δημοσθένους
1232 1969 1547 2050 βιβλίων,
1604 1964 1888 2052 ἐκλογὴν
1936 1968 2006 2035 ἐκ
2050 1972 2187 2036 τῶν
2225 1976 2478 2037 Θουκυ-

185 2070 381 2135 δίδου
421 2066 706 2157 Ἰσαίου,
757 2066 1168 2160 Ἰσοκράτους
1211 2072 1323 2140 καὶ
1374 2070 1826 2161 Θρασυμάχου
1871 2079 1993 2142 τοῦ
2043 2074 2325 2164 ῥήτορος
2368 2077 2479 2145 καὶ

187 2176 323 2241 τῶν
366 2171 588 2243 ἄλλων
631 2176 956 2265 ῥητόρων.

358 2284 685 2353 DXOVII.
745 2282 1206 2363 Οὐλπιανὸς
1236 2282 1599 2372 Ἐμεσηνὸς
1635 2284 1974 2371 σοφιστής.
2020 2286 2265 2374 πάτρια
2299 2285 2475 2375 Ἐμε-

180 2516 232 2567 p.
255 2504 377 2565 418,
405 2499 505 2567 qui
531 2500 698 2555 docess
733 2499 1039 2570 „plurimos
1068 2500 1141 2568 (v.
1177 2493 1436 2568 Ὀρφεύς)
1463 2495 1661 2551 titulos
1689 2496 1973 2565 Hesychio
2002 2513 2116 2553 non
2143 2497 2476 2569 Dionysium

180 2579 594 2649 suppeditasse,
632 2580 731 2635 sed
767 2580 1111 2649 Hesychium
1151 2576 1450 2633 Suidamve
1488 2577 1671 2646 ipsum
1709 2578 1896 2633 nescio
1935 2578 2139 2647 quibus
2177 2596 2207 2632 e
2244 2580 2476 2635 latebris

179 2658 374 2712 inscite
415 2660 758 2729 congessisse
771 2662 822 2727 “,
858 2659 918 2713 id
947 2658 1096 2728 quod
1123 2657 1185 2711 in
1211 2656 1400 2712 medio
1427 2657 1856 2726 relinquendum
1972 2666 2041 2714 20
2075 2664 2391 2721 Κικωναῐος
2431 2665 2478 2712 A

179 2740 317 2809 vuly.
359 2742 666 2801 Κικοναῖος
691 2745 748 2793 u
766 2732 1671 2808 Am.Eud.corr.Westem.31¹
1707 2734 1897 2809 Ἀρκάς
1922 2757 2070 2811 susp.
2091 2740 2477 2812 Bernhardy0‚

175 2814 432 2889 Ἀρκὰς
397 2842 434 2891 η
473 2825 599 2875 Κικ.
631 2821 802 2875 Daub
841 2814 876 2889 ἢ
917 2820 1092 2876 etiam
1127 2819 1260 2888 post
1289 2812 1478 2885 Ἀρκας
1513 2818 1713 2873 inserit
1741 2818 2063 2876 Gutschmid
2193 2826 2222 2874 1
2262 2818 2326 2875 δὲ
2366 2838 2471 2875 om.

184 2901 332 2956 Eud.
481 2905 513 2953 2
551 2897 926 2974 πρεσβύτερος
964 2921 1042 2954 ων
1078 2901 1224 2969 vuly.
1264 2918 1344 2951 ων
1384 2914 1493 2951 om.
1534 2901 1682 2951 ABE

317 2977 523 3033 DXCII
559 2979 710 3035 Eud.
748 2999 804 3051 p.
837 2985 957 3035 529.
1029 2978 1110 3033 Cf.
1147 2978 1360 3033 Halala
1394 2996 1449 3047 p.
1479 2982 1549 3031 88
1587 2969 1657 3045 ἦν
1689 2973 1928 3049 Ὀρφεὺς
1966 2975 1995 3032 ὃ
2030 2980 2215 3051 Θρᾷξ,
2254 2976 2284 3034 ὁ
2324 2984 2473 3049 λυρι-

180 3057 274 3123 κός
317 3056 643 3129 Ὁδρυσαῖος
786 3065 821 3114 4
869 3061 937 3115 de
973 3057 1453 3114 Halicarnassensi
1490 3060 1587 3127 (sc.
1626 3059 1913 3129 μουσικῆς
1943 3056 2188 3129 ιστορίας
2224 3063 2473 3129 auctore)

179 3140 403 3193 dubiizat
434 3141 662 3208 Maass,
701 3140 814 3194 Sib.
845 3140 959 3195 ind.
987 3159 1042 3211 p.
1073 3145 1143 3193 54
1168 3143 1419 3195 not.113
1460 3137 1833 3207 (cf.Lobeck,
1870 3139 2207 3209 Aglaoph.1
2243 3158 2301 3209 p.
2328 3143 2475 3210 351),

181 3236 522 3289 quamquam
559 3220 677 3275 veri
715 3220 1067 3275 simillimum
1111 3221 1220 3286 est·
1258 3218 1605 3272 Phaselitam
1643 3234 1789 3286 esse,
1834 3236 2001 3287 quem
2048 3219 2179 3290 περὶ
2226 3219 2476 3288 ποιητῶν

179 3300 465 3370 scripsisse
515 3302 736 3354 constat
785 3299 874 3368 (ef.
923 3298 1044 3353 vita.
1087 3297 1358 3353 Nicandri
1401 3296 1555 3367 apud
1593 3260 1887 3356 West61m.
1926 3298 2115 3393 Biegr.
2155 3317 2209 3368 p.
2250 3304 2346 3368 61,
2385 3300 2475 3368 20)

179 3382 341 3449 putat
378 3379 568 3448 Daui),
607 3381 676 3434 de
715 3379 866 3433 Suid.
907 3396 961 3449 p.
993 3384 1093 3431 411
1135 3382 1250 3434 not.
1284 3386 1347 3433 11

317 3457 544 3512 DXCIII
580 3459 733 3514 Eud.
771 3460 808 3515 l.
839 3476 886 3513 ο.
999 3464 1027 3512 7
1068 3450 1131 3520 ὃς
1157 3462 1204 3509 A
1312 3466 1344 3515 8
1381 3460 1450 3517 de
1486 3457 1820 3529 Asclepiade
1858 3460 2167 3529 Myrleano‚
2206 3457 2475 3527 Hesychii

179 3538 360 3607 fonte,
405 3538 474 3592 ef.
513 3540 702 3607 Daui),
743 3540 811 3593 de
851 3536 1005 3593 Suid.
1043 3555 1098 3606 p.
1127 3542 1231 3591 459
1412 3546 1445 3595 9
1483 3541 1874 3609 Δεκαετηρίδα
1912 3544 1959 3591 A
2010 3539 2395 3608 Δεκαετηρίας
2431 3546 2474 3591 E

184 3620 574 3689 Δεκαετηρίαν
609 3621 756 3689 vuly.
785 3620 934 3673 Eud.
976 3620 1448 3689 Δωδεκαετηρίαν
1485 3619 1858 3689 probabiliter
1892 3619 2219 3674 Lambeciws

319 3698 547 3753 DXCIV
585 3700 736 3755 Eud.
777 3700 814 3753 l.
856 3716 901 3755 e.
1053 3705 1116 3753 11
1157 3695 1471 3773 κατάβασιν
1507 3700 1609 3754 τοῦ
1650 3696 1878 3773 Θρᾳκὸς
1908 3694 2156 3769 Ὀρφέως
2192 3698 2345 3755 Eud.
2434 3739 2439 3745 -

327 3777 520 3833 CXCV
556 3796 663 3834 om.
697 3779 970 3834 Weste‘rm.
1036 3779 1366 3835 Accuratius
1403 3780 1472 3835 de
1509 3795 1577 3834 eo
1614 3779 1735 3849 egit
1769 3779 2088 3834 Philostrat.
2118 3778 2233 3835 vit.
2270 3778 2353 3847 ΙΙ,
2387 3784 2474 3847 28,

182 3860 324 3915 unde
361 3857 598 3913 fortasse
635 3858 728 3915 hie
764 3859 1033 3914 articulus
1071 3859 1327 3915 manavit
1471 3865 1541 3913 12
1578 3856 1901 3921 Λαοδικεύς
1937 3876 2044 3915 om.
2074 3864 2118 3911 E

323 3935 548 3993 DXCVI
584 3938 764 3995 vitam
791 3957 900 3995 om.
930 3944 992 3993 A.
1041 3938 1123 3995 Of.
1153 3938 1342 4008 Blass,
1371 3940 1489 3995 Att.
1520 3937 1746 3993 Bereds.
1775 3940 1799 3991 Ι
1827 3958 1881 4009 p.
1912 3945 2033 3993 246.
2075 3940 2320 3995 Lexicon
2355 3939 2473 3993 lau-

181 4020 344 4095 dafipr
379 4018 435 4072 in
471 4018 722 4075 fontibus
762 4020 965 4075 Suidae
1116 4024 1184 4074 14
1220 4015 1250 4073 ὁ
1289 4017 1483 4073 addidi
1632 4023 1695 4071 15
1735 4020 1921 4091 βιβλία
1949 4024 1991 4069 E
2022 4012 2123 4089 (ἧδ’
2145 4023 2264 4087 BE,
2304 4036 2473 4087 quam

182 4099 609 4169 discrepantiam
647 4100 867 4156 notavit
901 4100 1100 4165 Daub,
1139 4099 1295 4155 stud.
1332 4118 1388 4169 p.
1421 4103 1485 4153 ‘11

320 4178 571 4233 DXCVII
615 4178 700 4233 De
738 4180 994 4251 Ulpianis
1024 4179 1094 4235 ef.
1121 4177 1327 4233 Miffler
1354 4177 1430 4233 IV
1468 4196 1520 4247 p.
1552 4182 1657 4232 524
1692 4177 1758 4233 fr.
1800 4183 1885 4233 11.-
1958 4178 2120 4233 Hunc
2157 4179 2228 4233 ab
2266 4178 2471 4233 Antio-

182 4260 352 4315 cheno
387 4274 500 4311 non
539 4257 995 4328 distinguendum
1035 4276 1152 4313 esse
1189 4258 1334 4315 vidit
1369 4258 1729 4328 Bernhardy3
1769 4257 1838 4312 cf.
1876 4256 2101 4327 Rohde‚
2132 4258 2225 4314 Gr.
2254 4259 2473 4314 Roman

186 4360 236 4410 p.
270 4344 368 4392 467
407 4339 550 4405 not„
589 4337 774 4408 Daub,
815 4338 972 4394 stud.
1011 4359 1063 4408 p.
1107 4346 1172 4394 '12
1360 4344 1422 4391 19
1469 4333 1680 4407 πάτρια
1721 4333 2041 4407 Ἐμεσηνιόν
2079 4344 2229 4392 ABE
2274 4342 2475 4409 πατρὶς

2071 4665 2659 4814 [asem

2387 4761 2491 4793 OFT
2496 4764 2552 4795 ΗΕ

2065 4816 2398 4892 ’.ΤΠΝΙὫ
2416 4814 2659 4868 E'RSI
