3025 4892
1143 182 1573 240 HESYCHIUS.
2026 184 2033 189 ’
2377 184 2501 251 181

191 370 364 431 ρον,
439 340 800 431 ὑπόμνημα
863 349 958 425 είς
1020 344 1102 413 ,τὰ
1155 342 1480 413 Ἡσιόδου
1524 343 1737 434 ”Εργα
1800 346 1911 413 καὶ
1966 343 2279 434 Ἡμέρας,
2355 349 2506 433 περὶ

193 444 746 538 χρηστομαθείας
791 458 1018 540 βιβλία
1064 452 1151 540 γ’,
1205 453 1354 539 περὶ
1402 450 1669 539 ἀγωγῆς
1711 452 1807 539 β’,
1860 459 1953 534 εἰς
1996 452 2121 540 τὴν
2166 446 2505 522 πολιτείαν

191 556 577 637 Πλάτωνος
623 564 848 645 βιβλία
898 558 989 646 δ’,
1037 564 1130 639 εἰς
1175 558 1301 647 τὴν
1333 557 1623 648 Ὀρφέως
1667 566 2054 647 θεολογίαν,
2100 568 2503 647 συμφωνίαν
2604 622 2609 627 .

181 660 519 752 Ὀρφέως,
565 665 990 755 Πυθαγόρου
1037 667 1148 733 καὶ
1196 665 1561 745 Πλάτωνος
1606 667 1755 754 περὶ
1792 665 1873 735 τὰ
1917 666 2112 755 λόγια
2154 672 2381 753 βιβλία
2428 668 2501 754 ι’,

191 771 360 858 περὶ
408 776 541 840 τῶν
588 770 748 859 παρ’
787 771 1050 863 Ὁμήρῳ
1095 778 1311 858 θεῶν,
1371 772 1843 862 ἐπιχειρήματα
1888 773 2051 842 κατὰ
2099 778 2504 863 χριστιανῶν
2530 796 2557 836 5

191 876 319 963 ιη’.
407 870 632 962 [οὗτός
679 880 816 947 ἐστι
862 878 1174 967 Πρόκλος
1221 876 1256 949 ὁ
1307 877 1617 968 δεύτερος
1670 879 1830 966 μετὰ
1879 881 2284 969 Πορφύριον
2338 880 2501 949 κατὰ

189 988 613 1069 χριστιανῶν
660 985 782 1073 τὴν
828 984 1078 1074 μιαρὰν
1124 986 1234 1054 καὶ
1274 987 1683 1076 ἐφύβριστον
1720 984 1930 1056 αὑτοῦ
1967 991 2280 1073 γλῶσσαν
2316 988 2502 1075 κινή-

189 1109 349 1169 σας·
428 1090 593 1180 πρὸς
661 1089 745 1160 ὃν
811 1098 1101 1181 ἔγραψεν
1161 1091 1480 1180 Ἰωάννης
1547 1092 1581 1162 ὁ
1654 1095 2037 1181 ἐπικληθεὶς
2104 1094 2502 1179 Φιλόπονος,

188 1196 392 1265 πάνυ
465 1205 864 1287 θαυμασίως
935 1197 1322 1286 ὑπαντήσας
1382 1200 1549 1267 κατὰ
1612 1205 1749 1268 τῶν
1816 1202 1910 1287 ιη’
1977 1202 2501 1290 ἐπιχειρημάτων

189 1301 447 1390 αὐτοῦ,
503 1305 614 1372 καὶ
665 1308 882 1387 δείξας
927 1304 1136 1375 αὐτὸν
1181 1304 1308 1374 κάν
1353 1320 1493 1386 τοῖς
1529 1304 1972 1394 Ἑλληνικοῖς,
2031 1308 2135 1395 ἐφ’
2189 1304 2291 1390 οἷς
2334 1310 2499 1397 μέγα
2525 1313 2581 1369 ἰο

193 1410 507 1498 ἐφρόνει,
556 1409 786 1500 ἀμαθῆ
834 1413 944 1481 καὶ
987 1411 1328 1500 ἀνόητον]

389 1524 664 1607 [ἔγραψε
727 1520 1035 1609 Πρόκλος
1098 1519 1495 1611 μητρῳακὴν
1564 1527 1834 1612 βίβλον,
1903 1518 1990 1607 ἣν
2058 1532 2125 1591 εἴ
2178 1550 2277 1603 τις
2339 1522 2501 1611 μετὰ

187 1640 429 1714 χεῖρας
474 1626 692 1715 λάβοι,
742 1626 974 1709 ὄψεται
1023 1625 1112 1707 ὡς
1159 1626 1284 1697 οὐκ
1329 1626 1496 1696 ἄνευ
1540 1634 1733 1709 θείας
1769 1633 2150 1716 κατακωχῆς
2186 1628 2309 1715 τὴν
2346 1640 2502 1698 θεο-

189 1739 443 1819 λογίαν
508 1734 635 1821 τὴν
693 1736 844 1823 περὶ
897 1734 1024 1821 τὴν
1078 1733 1249 1804 θεὸν
1308 1736 1627 1821 ἐξέφηνεν
1686 1734 1984 1821 ἅπασαν,
2049 1733 2215 1803 ὥστε
2272 1736 2502 1823 μηκέτι

187 1839 621 1928 θράττεσθαι
664 1839 789 1927 τὴν
837 1839 1048 1927 ἀκοὴν
1095 1843 1166 1909 ἐκ
1210 1844 1348 1908 τῶν
1393 1840 1959 1928 ἄπεμφαινόντων
2004 1842 2336 1931 θρήνων].
2530 1866 2580 1905 15

381 1948 792 2015 DGLXXVI.
876 1955 951 2014 Π
964 1947 1406 2032 ροκόπιος
1457 1946 1930 2039 Ἰλλούστριος,
1992 1950 2375 2037 Καισαρεὺς
2430 1953 2500 2019 ἐκ

188 2059 679 2142 Παλαιστίνης,
729 2054 1106 2143 ρήτωρ·καὶ
1155 2055 1493 2142 σοφιστής.
1583 2059 1861 2142 γέγονεν
1910 2056 2014 2126 ἐπὶ
2060 2061 2197 2125 τῶν
2233 2057 2499 2145 χρόνων

183 2156 687 2230 Ἰουστινιανοῦ
750 2166 874 2229 τοῦ
938 2165 1290 2249 βασιλέως,
1356 2160 1790 2250 ὑπογραφεὺς
1850 2170 2256 2250 χρηματίσας
2311 2171 2501 2233 Βελι-

191 2275 448 2356 σαρίου
511 2268 619 2335 καὶ
689 2266 1067 2349 ἀκόλουθος
1130 2268 1294 2336 κατὰ
1355 2268 1610 2348 πάντας
1661 2268 1819 2349 τοὺς
1873 2268 2255 2357 συμβάντας
2309 2273 2499 2338 πολέ-

193 2401 369 2461 μους
429 2402 499 2443 τε
547 2376 658 2443 καὶ
704 2374 970 2464 πράξεις
1014 2373 1131 2455 τὰς
1175 2372 1290 2442 ὑπ’
1343 2373 1555 2443 αὐτοῦ
1611 2384 2117 2464 συγγραφείσας.
2209 2382 2498 2465 ἔγραψεν
2527 2398 2579 2437 20

191 2486 507 2569 ἱστορίαν
549 2478 937 2570 Ῥωμαϊκήν,
983 2468 1199 2569 ἥγοῦν
1250 2480 1406 2561 τοὺς
1449 2484 1779 2571 πολέμους
1825 2488 2227 2570 Βελισαρίου
2270 2508 2500 2571 πατρι-

189 2595 382 2675 κίου,
436 2588 514 2657 τὰ
560 2588 725 2657 κατὰ
762 2587 1036 2687 Ῥώμην,
1069 2589 1180 2657 καὶ
1227 2588 1494 2676 Λιβύην
1541 2591 1945 2678 πραχθέντα.
2036 2596 2281 2677 ἔγραψε
2333 2592 2496 2678 <δὲ>

190 2698 305 2765 καὶ
385 2698 616 2782 ἕτερον
678 2702 975 2784 βιβλίον,
1047 2696 1127 2764 τὰ
1202 2696 1584 2783 καλούμενα
1646 2693 1997 2765 Ἀνέκδοτα
2059 2701 2197 2767 τῶν
2272 2694 2497 2767 αὐτῶν

191 2804 538 2890 πράξεων,
588 2803 677 2883 ὡς
722 2803 895 2874 εἶναι
941 2801 1285 2891 ἀμφότερα
1333 2808 1560 2889 βιβλία
1607 2804 1704 2872 θ’.

191 2988 390 3045 πάντα
418 2988 520 3045 τὸν
535 2986 655 3062 Ὅμ.
679 2992 831 3047 Eud.
915 2998 946 3045 3
979 2988 1312 3051 Πλούτωνος
1330 2997 1377 3043 V
1449 2998 1484 3045 4
1513 3009 1731 3047 comma
1758 2994 1889 3047 ante
1918 2991 2048 3062 περὶ
2076 3009 2183 3047 om.
2214 2994 2362 3049 Eud.
2386 2994 2494 3049 del.

194 3072 540 3143 Bernhardy
577 3092 626 3126 v.
656 3068 944 3141 Συριανός
1088 3079 1120 3125 6
1149 3071 1336 3125 Verba
1371 3072 1589 3126 inclusa
1616 3074 1822 3143 partim
1852 3092 1918 3128 ex
1946 3071 2149 3127 Marini
2187 3073 2287 3127 vit.
2315 3073 2496 3128 Prool.

194 3168 242 3205 o.
273 3160 343 3207 33
375 3152 674 3207 fluxerunt:
706 3152 774 3207 of.
806 3153 1024 3207 Unters.
1055 3170 1108 3221 p.
1134 3156 1209 3203 ’44
1245 3150 1360 3204 not.
1392 3156 1451 3217 4,
1483 3152 1667 3220 Daub,
1699 3153 1767 3207 de
1807 3152 1952 3208 Viol.
1984 3171 2039 3222 p.
2072 3158 2119 3208 7.
2178 3154 2295 3207 Iam
2324 3154 2497 3209 Bern-

195 3231 405 3300 hardy:
446 3224 656 3299 ,,οὗτός
695 3230 810 3287 ἐστι
848 3249 1039 3287 recens
1078 3248 1195 3285 esse
1225 3231 1536 3298 subiuncta,
1574 3234 1729 3286 ouius
1768 3233 1847 3287 rei
1888 3250 2114 3288 eausam
2152 3234 2347 3287 attulit
2376 3229 2495 3287 ἑπι-

197 3308 552 3382 χειρημάτων
583 3314 876 3379 memoria,
915 3312 1004 3367 vel
1035 3310 1316 3365 Eudooiae
1345 3312 1533 3380 arguit
1560 3310 1904 3368 silentium“.
1963 3312 2169 3367 Eorum
2203 3313 2326 3368 loco
2355 3315 2497 3368 haee

194 3394 450 3461 praest-at
477 3392 748 3447 Eudocia:
787 3391 886 3446 καὶ.
924 3387 1260 3463 μητρςοακὴν
1298 3393 1489 3462 βίβλον
1529 3390 1635 3461 (ἔτι
1673 3392 1735 3447 δὲ
1788 3392 1918 3461 περὶ
1955 3393 2067 3446 τῶν
2103 3393 2260 3446 θεοῖν
2296 3397 2493 3447 θεολο-

196 3475 334 3543 γία).
413 3472 624 3543 ἔγραψε
664 3473 764 3527 καὶ
799 3469 940 3527 ἄλλα
983 3470 1176 3539 πολλά,
1215 3466 1362 3538 ἅπερ
1393 3464 1495 3539 οὐχ
1525 3467 1860 3539 εὑρίσκεται,
1890 3488 2124 3540 quorum
2171 3474 2391 3540 partem
2429 3488 2495 3527 ex

197 3552 528 3623 insequente
594 3554 798 3609 Snidae
846 3554 1033 3623 glossa
1079 3552 1516 3622 deprompsisse,
1577 3554 1793 3621 partem
1838 3551 2017 3620 ipsam
2056 3550 2285 3621 „finxisse
2331 3554 2499 3621 putat

203 3634 376 3690 Daub
407 3636 553 3703 (coll.
583 3654 633 3691 v.
664 3630 1048 3703 Πλούταρχος)
1163 3639 1226 3687 15
1258 3627 1613 3703 βλάπτεσθαι
1652 3630 1943 3685 Reinesius

342 3714 668 3769 DCLXXVI
703 3714 851 3769 Eud.
892 3732 943 3782 p.
985 3720 1104 3767 593.
1278 3718 1342 3765 16
1399 3710 1479 3765 De
1538 3711 1868 3779 cognomine
1919 3705 2274 3776 Ἰλλούστριος
2328 3709 2393 3762 cf.
2442 3729 2492 3765 v.

198 3788 586 3866 Χριστόὸωρος
609 3796 882 3867 Θηβαῖοςς
905 3793 1135 3861 Teuffel,
1158 3792 1388 3846 Studien
1408 3809 1460 3859 p.
1479 3797 1577 3844 192
1598 3793 1715 3845 not.
1742 3798 1831 3855 113
1860 3788 2271 3855 Wietersheim,
2293 3788 2491 3844 Gesoh.

200 3875 830 3943 d.V61kerwanderung
868 3873 947 3925 III
983 3891 1036 3942 p.
1073 3880 1187 3927 132.
1246 3873 1364 3927 Nee
1400 3870 1583 3924 minus
1611 3871 1951 3940 Hesychium
1991 3887 2055 3924 eo
2086 3872 2343 3923 ornatum
2372 3885 2493 3923 esse

203 3955 366 4011 docet
393 3956 552 4009 P-hot.
587 3955 704 4010 cod.
727 3961 811 4009 69.
882 3948 1238 4019 Ἰλλοῦστριος
1265 3950 1364 4004 καὶ
1393 3948 1772 4020 ΚαισαρεύςἾ
1855 3957 1923 4004 20
1953 3952 2123 4004 verba
2155 3948 2403 4019 ἔγραψεν
2426 3979 2491 3987 —-

203 4034 558 4105 πραχθέντα,
611 4052 753 4102 quae
801 4037 929 4103 post
974 4027 1242 4101 σοφιστής
1287 4029 1561 4100 praebent
1605 4030 1762 4099 libri,
1817 4047 2028 4085 morem
2076 4029 2492 4097 Hesychianum

205 4120 419 4168 secutus
455 4115 565 4167 huc
601 4114 919 4183 transposui
954 4116 1083 4182 post
1121 4113 1554 4180 συγγραφείσας.
1626 4114 1708 4166 De
1746 4112 1903 4165 libris
1942 4110 2011 4164 cf.
2039 4109 2221 4175 Dahn,
2259 4110 2491 4179 Procop.

203 4212 309 4248 von
337 4194 801 4260 Caesarea-(Berl.
838 4196 993 4260 1865)
1106 4199 1171 4246 21
1211 4193 1509 4259 πατρικίου
1550 4191 1674 4246 add.
1706 4195 1899 4243 ABVE
1940 4206 2046 4244 om.
2075 4191 2217 4259 ναῖς.
2249 4190 2401 4244 Eud.

204 4281 268 4327 22
307 4274 368 4329 δὲ
406 4274 527 4343 ipse
563 4273 768 4327 inserui
925 4279 992 4327 23
1032 4268 1212 4327 αὑτοῦ
1249 4276 1364 4327 Ald.
1405 4265 1583 4325 αὐτοῦ
1620 4276 1714 4324 ΒΕ
1744 4272 1894 4327 Eud.
1941 4287 2083 4338 quae
2111 4287 2241 4324 mox
2278 4285 2385 4325 om.
2417 4266 2492 4332 ὡς

207 4350 350 4409 εἶναι
376 4349 674 4424 ἀμφότερα
703 4349 793 4422 (τὰ
825 4349 965 4423 οἷμφ.
989 4356 1056 4423 V)
1087 4354 1272 4426 βιβλία
1299 4348 1369 4406 θ’
1402 4370 1442 4405 s.
1463 4351 1557 4409 fin.
1590 4352 1716 4408 add.
1739 4347 2009 4424 Περσικά,
2028 4347 2319 4422 Τοτθικά,
2347 4365 2489 4419 quae
