3025 4892
1107 223 1535 283 HESYCHIUS.
2338 224 2369 287 1
2381 220 2415 287 7
2426 222 2460 287 7

181 391 444 479 χρόνων
498 388 934 478 Αὐρηλιανοῦ
999 388 1110 455 καὶ
1165 392 1567 475 παρατείνας
1618 386 1741 465 ἕως
1798 388 2293 472 Διοκλητιανοῦ
2344 387 2466 454 τοῦ

175 501 512 583 βασιλέως.
590 504 834 585 ἔγραψε
878 501 1105 583 βιβλία
1152 494 1584 583 πάμπλειστα,
1632 492 1975 581 φιλόσοφά
2020 520 2089 561 τε
2126 493 2235 561 καὶ
2275 495 2464 581 ῥητο-

176 601 322 688 ρικά
381 604 492 671 καὶ
539 599 983 691 γραμματικά·
1040 602 1184 689 περὶ
1235 608 1446 670 θείων
1495 598 1850 688 ὀνομάτων
1896 600 1988 685 α’,
2040 600 2189 689 περὶ
2235 598 2465 686 άρχῶν

175 711 262 797 β’,
319 712 470 795 περὶ
527 708 691 797 ὕλης
737 708 826 796 ς’,
881 709 1029 794 περὶ
1082 712 1298 796 ψυχῆς
1341 707 1507 797 πρὸς
1554 709 1831 794 Βόηθον
1878 707 1963 794 ε’,
2020 708 2169 796 περὶ
2216 705 2467 793 ἀποχῆς

173 817 487 905 ἐμψύχων
555 816 649 903 δ’,
712 816 862 903 περὶ
926 820 1047 883 τοῦ
1113 819 1336 901 γνῶθι
1397 813 1649 883 σαυτὸν
1706 813 1797 900 δ’,
1842 815 2011 903 ’περὶ
2068 812 2519 901 άσωμάτωυ,ο

171 926 315 1011 περὶ
364 927 490 993 τοῦ
535 928 698 1011 μίαν
745 920 920 989 εἶναι
965 919 1088 1009 τὴν
1127 920 1498 1001 Πλάτωνος
1537 921 1647 988 καὶ
1680 917 2171 1009 Ἀριστοτέλους
2206 925 2464 1009 αἵρεσιν

175 1031 245 1115 ζ’,
303 1037 404 1112 είς
455 1030 579 1118 τὴν
618 1029 995 1098 Ἰουλιανοῦ
1045 1031 1168 1095 τοῦ
1219 1031 1560 1123 Χαλδαίου
1610 1028 1995 1115 φιλοσόφου
2040 1032 2344 1115 ἱστορίαν
2390 1031 2464 1097 ἐν

171 1143 457 1224 βιβλίοις
514 1139 606 1223 δ’,
664 1134 828 1204 κατὰ
883 1143 1288 1223 χριστιανῶν
1342 1133 1589 1219 λόγους
1648 1137 1753 1221 ιε’,
1809 1136 1959 1223 περὶ
2013 1140 2129 1223 τῆς
2174 1133 2464 1225 Ὁμήρου

171 1249 608 1332 φιλοσοφίας,
674 1240 842 1327 πρὸς
899 1239 1357 1329 Ἀριστοτέλην
1419 1241 1570 1328 περὶ
1632 1246 1755 1309 τοῦ
1818 1238 1989 1309 εἶναι
2054 1239 2177 1330 τὴν
2242 1240 2466 1329 ψυχὴν

174 1354 616 1440 ἐντελέχειαν,
673 1348 1046 1437 φιλολόγου
1107 1352 1402 1431 ἱστορίας
1454 1353 1683 1435 βιβλία
1738 1348 1820 1435 ε’,
1874 1350 2025 1433 περὶ
2072 1350 2310 1434 γένους
2353 1349 2463 1416 καὶ
2494 1370 2544 1411 10

173 1464 400 1541 εἴδους
451 1460 564 1527 καὶ
622 1460 953 1545 διαφορᾶς
1006 1455 1115 1523 καὶ
1170 1459 1350 1522 ἰδίου
1394 1454 1504 1522 καὶ
1554 1455 2078 1545 συμβεβηκότος,
2132 1458 2283 1543 περὶ
2327 1459 2465 1526 τῶν

171 1566 332 1635 κατὰ
376 1570 732 1649 Πίνδαρον
777 1567 900 1632 τοῦ
939 1566 1194 1630 Νείλου
1229 1564 1500 1647 πηγῶν,·
1530 1561 1681 1647 περὶ
1718 1566 1834 1647 τῆς
1873 1564 1938 1643 ἐξ
1968 1560 2257 1652 Ὀμήρου
2297 1561 2465 1651 ὤφε-

173 1680 350 1753 λείας
400 1676 539 1740 τῶν
586 1672 917 1757 βασιλέων
966 1673 1192 1755 βιβλία
1241 1666 1313 1752 ι’,
1375 1672 1759 1755 συμμίκτων
1809 1669 2190 1756 ζητημάτων
2241 1669 2317 1756 ζ’,
2374 1676 2469 1751 είς

135 1780 240 1848 χτὸ
312 1782 759 1871 ’,Θουκυδίδου
836 1782 1222 1863 προοίμιον,
1306 1772 1471 1862 πρὸς
1538 1773 1949 1862 Ἀριστείδην
2016 1776 2093 1862 ζ’,
2150 1776 2280 1867 Ιείς
2341 1776 2467 1865 τὴν

171 1888 652 1957 Μινουκιανοῦ
687 1882 960 1973 τέχνηνΙ
1007 1882 1118 1949 καὶ
1164 1878 1332 1949 ἄλλα
1376 1889 1663 1950 πλεῖστα.
1720 1881 1733 1972 Ι
1770 1883 1881 1949 καὶ
1916 1883 2199 1971 μάλιστα
2230 1882 2464 1974 άστρο-
2495 1905 2544 1945 1⁵

174 1996 578 2083 νομούμενα,
617 1995 690 2060 ἐν
727 1986 829 2070 οἷς
855 1991 963 2057 καὶ
995 1986 1368 2076 εἰσαγωγὴν
1396 1986 2048 2077 άστρονομουμένων
2078 1994 2151 2060 ἐν
2180 1998 2467 2078 βιβλίοις

170 2101 279 2192 γἸ
334 2101 449 2169 καὶ
505 2093 958 2187 γραμματικὰς
1015 2092 1297 2182 ἀπορίας
1359 2085 1583 2177 [οὗτός
1641 2098 1822 2163 ἐστιν
1880 2094 1915 2165 ὁ
1973 2098 2371 2187 Πορφύριος
2427 2098 2463 2168 ὁ

170 2208 292 2295 τὴν
339 2205 507 2277 κατὰ
557 2206 961 2294 χριστιανῶν
1009 2199 1417 2289 ἐφύβριστον
1464 2204 1776 2286 γλῶσσαν
1820 2205 2143 2289 κινήσας]

347 2314 671 2382 DOLXII.
737 2306 1288 2386 Ποσειδώνιος
1321 2304 1645 2394 Ἀπαμεὺς
1691 2308 1761 2374 ἐκ
1799 2315 2057 2396 Συρίας
2103 2307 2144 2396 ἢ
2184 2308 2463 2399 Ῥόδιος,

171 2422 548 2509 φιλόσοφος
585 2414 906 2501 Στωικός,
954 2411 1027 2494 ὃς
1074 2412 1406 2501 ἐπεκλήθη
1449 2411 1789 2502 Ἀθ-λητής.
1865 2414 2111 2504 σχολὴν
2152 2417 2227 2485 δὲ
2274 2423 2462 2505 ἔσχεν
2490 2438 2545 2479 20

171 2528 241 2595 ἐν
277 2527 515 2619 Ῥόδῳ,
572 2524 887 2610 διάδοχος
945 2519 1240 2609 γεγονὼς
1291 2521 1401 2588 καὶ
1461 2520 1766 2609 μαθητὴς
1810 2530 2206 2592 Παναιτίου.
2294 2518 2465 2611 ἦλθε

171 2634 242 2702 δὲ
287 2637 403 2703 καὶ
451 2638 545 2712 εἰς
578 2630 840 2718 Ῥώμην
889 2630 994 2697 ἐπὶ
1047 2627 1333 2729 Μάρκου
1381 2631 1805 2714 Μαρκέλλου.
1898 2636 2143 2720 ἔγραψε
2189 2632 2419 2701 πολλά.

170 2861 452 2928 Λογγίνου
490 2858 589 2912 τοῦ
628 2847 973 2924 φιλοσόφου,
1014 2848 1136 2905 εἶτα
1167 2852 1458 2905 Πλωτίνου
1493 2855 1624 2920 post
1650 2849 2009 2923 γραμματικά
2038 2857 2305 2911 exhibent
2330 2857 2463 2912 libri

169 2944 202 2991 4
240 2941 374 3011 περὶ
415 2935 510 2992 ἀπ.
543 2970 606 2977 ——
639 2929 846 2990 σαυτὸν
883 2927 940 2985 δ’
973 2934 1104 3001 post
1140 2933 1355 2998 αιρεσιν
1386 2928 1434 2997 ζ’
1460 2932 1612 2988 Eud.
1724 2941 1753 2988 7
1796 2932 1875 2995 είς
1911 2930 1979 2987 τὰ
2016 2929 2323 2991 Ἰουλιανοῦ
2360 2939 2463 2993 τοῦ

171 3021 495 3086 Χαλδαίου,
534 3011 862 3087 φιλοσόφων
899 3008 1148 3081 ιστορίαν
1191 3012 1438 3065 Valesius
1473 3012 1532 3064 in
1577 3012 2001 3081 Sozom.1,18,
2051 3015 2147 3069 sed
2188 3033 2462 3072 commen-

170 3100 343 3156 tarios
383 3099 454 3154 ad
494 3096 698 3150 Iuliani
731 3092 860 3163 περὶ
899 3087 1185 3162 δαιμόνων
1223 3091 1394 3146 fuisse
1431 3092 1577 3147 vidit
1614 3093 1958 3164 Gutschmid,
1996 3095 2189 3164 itaque
2226 3095 2462 3152 fortasse

169 3182 299 3244 post
338 3175 440 3231 ῐστ
481 3176 748 3231 excidisse
787 3168 1102 3241 φιλόσοφον
1142 3169 1388 3241 [στορίαν
1508 3178 1541 3227 8
1579 3169 1725 3227 κατὰ
1763 3193 1930 3244 χριστ.
1968 3208 2040 3216 -
2077 3173 2141 3231 ιε’
2176 3196 2283 3233 om.
2312 3183 2375 3247 V,
2414 3198 2462 3233 ει.

170 3256 261 3311 fin.
291 3259 468 3313 habet
495 3256 645 3311 Eud.
769 3259 835 3308 10
875 3254 1057 3327 βιβλία
1096 3248 1140 3306 ε’
1173 3284 1242 3294 -—
1273 3249 1586 3351 βασιλέηων
1592 3270 1698 3307 om.
1719 3260 1766 3306 V
1914 3263 1977 3311 13
2017 3260 2167 3349 postu
2192 3259 2378 3329 βιβλία
2416 3255 2459 3312 ι’

172 3337 300 3394 add.
331 3337 484 3391 Eud.
523 3337 688 3391 haec.
727 3331 828 3396 τὰς
854 3330 1206 3402 καλουμένας
1235 3332 1286 3387 ε’
1320 3329 1517 3402 φωνὰς
1553 3354 1587 3402 η
1627 3328 1683 3403 (ἢ
1724 3334 1848 3389 add.
1880 3336 2073 3403 Daub)
2103 3324 2199 3404 τῆς
2232 3333 2461 3407 Ἀριστο-

170 3413 368 3485 τέλους
402 3416 630 3485 λογικῆς
665 3415 1049 3483 πραγματείας
1085 3412 1402 3482 μεθοδικάς
1437 3409 1775 3482 εἰσαγωγάς,
1814 3417 2109 3485 postquam
2148 3418 2316 3470 amaea
2354 3434 2460 3471 om.

173 3498 302 3566 περὶ
339 3494 541 3566 γένους
587 3527 642 3535 —-
684 3489 1115 3588 συμβεβηκότος.
1165 3492 1245 3549 Cf.
1275 3493 1482 3562 Zeller,
1514 3492 1657 3546 Phil.
1687 3494 1741 3549 h.
1772 3495 1848 3562 ΙΙ,
1878 3494 1949 3549 2⁸
1984 3514 2037 3564 p.
2070 3501 2189 3549 213.
2252 3496 2461 3551 Verum

174 3576 403 3631 titulum
432 3575 603 3629 fuisse
634 3566 973 3642 εἰσαγωγὴ”“
940 3594 975 3641 η
1006 3571 1135 3641 περὶ
1165 3573 1274 3627 τῶν
1301 3572 1468 3628 πέντε
1501 3574 1711 3641 φωνῶν
1742 3574 1885 3627 vidit
1914 3575 2083 3628 Daub
2196 3583 2262 3630 14
2292 3577 2374 3641 εἰς’
2394 3611 2460 3618 -

175 3658 379 3728 τέχνην
407 3657 482 3711 ad
509 3654 898 3725 cognominem
927 3653 1147 3707 rettulit
1172 3654 1531 3723 Bernhardy,
1578 3654 1669 3708 cui
1699 3654 1871 3707 etiam
1901 3654 2071 3709 libros
2101 3655 2170 3710 de
2201 3656 2374 3711 Thuc.
2406 3662 2464 3713 et

177 3738 407 3793 Aristid.
438 3738 596 3791 dedit
623 3734 943 3789 Gutschmid
1057 3739 1117 3787 15
1148 3729 1286 3787 αλλα
1317 3766 1381 3774 -
1413 3740 1671 3805 πλείστα,
1710 3730 1914 3805 ὁμοίως
1944 3734 2007 3789 δὲ
2038 3733 2136 3789 καὶ
2165 3729 2269 3789 οὐκ
2299 3732 2462 3806 ὀλίγα

177 3807 564 3888 οἷστρολογικά,
602 3812 664 3871 ἐν
694 3814 777 3878 οἷς
805 3816 956 3869 Eud.
1014 3814 1272 3868 Ceterum
1300 3815 1473 3869 verba
1500 3816 1597 3869 καὶ
1625 3813 1863 3885 μάλιστα
1892 3848 1958 3856 -
1990 3817 2097 3888 βιβ.
2127 3811 2184 3885 γ’
2226 3816 2297 3869 ad
2325 3817 2463 3872 alte-

177 3915 300 3953 rum
339 3896 708 3967 Porphyrium
755 3897 1163 3963 astronomum,
1209 3895 1600 3966 cognominem
1635 3896 1837 3965 nostri,
1885 3898 2135 3966 spectare
2176 3898 2465 3968 perspexit,

183 3976 522 4044 Gutschmid3
561 3976 741 4031 nostri
775 3974 1072 4042 Porphyrii
1106 3974 1278 4029 libros
1308 3993 1421 4029 non
1449 3993 1598 4046 esse,
1636 3979 1905 4047 probatur
1944 3977 2117 4030 etiam
2149 3978 2335 4032 verbis
2365 3979 2462 4033 καὶ

183 4051 234 4113 ά.
273 4064 528 4126 πλεῖστα,
567 4057 768 4126 quibus
805 4056 956 4109 vitae
993 4056 1118 4109 finis
1155 4056 1450 4127 impositus
1489 4061 1599 4127 est,
1636 4059 1829 4126 itaque
1867 4058 1956 4111 vel
1995 4076 2157 4127 γραμ.
2198 4052 2293 4112 οἷπ.
2330 4058 2461 4112 Por·

182 4138 378 4209 phyrio
429 4136 803 4192 abiudicanda
839 4137 970 4188 sunt
1117 4143 1180 4190 16
1219 4134 1498 4208 είσαγωγή
1534 4145 1581 4191 V
1706 4145 1770 4193 17
1809 4129 1971 4200 οὗτος
2000 4154 2112 4205 seq.
2144 4154 2252 4193 om.
2284 4138 2461 4205 Eud.;

185 4216 250 4271 de
279 4217 676 4273 additamentis
707 4215 912 4268 Suidae
943 4213 1056 4268 dixi
1076 4215 1216 4270 Mus,
1254 4218 1430 4274 Rhen.
1451 4218 1488 4273 1.
1510 4235 1555 4273 c.
1587 4218 1888 4272 lectoribus
1915 4216 2115 4271 tribuit
2130 4218 2464 4287 Bernhardy

320 4296 567 4353 DCLXII
603 4298 755 4350 Eud.
793 4313 847 4377 p.
879 4299 999 4350 610.
1058 4294 1138 4349 Of.
1174 4314 1224 4350 v.
1255 4299 1578 4359 Παναίτιος.
1632 4297 1714 4351 De
1754 4313 1819 4351 eo
1847 4315 1897 4352 v.
1927 4294 2132 4350 Mfiller
2168 4298 2243 4350 III
2273 4316 2327 4366 p.
2356 4302 2461 4351 245

189 4381 249 4432 19
278 4374 422 4433 κατὰ
453 4377 516 4433 δέ
548 4396 706 4439 τινας
723 4376 874 4431 Eud.
987 4381 1055 4429 20
1084 4368 1146 4438 ὃς
1177 4392 1284 4432 om.
1309 4383 1409 4431 AV
1518 4383 1585 4431 22
1613 4379 1651 4431 i.
1684 4395 1729 4432 e.
1760 4376 2028 4431 Marcello
2060 4379 2284 4433 consule
2312 4396 2361 4435 a.
2393 4384 2459 4435 51

286 4478 563 4520 Ennomus
577 4506 589 4530 ,
613 4477 681 4518 ed.
709 4476 867 4517 Flach.
1971 4473 2036 4523 12
