3025 4892
567 186 699 253 210
1494 184 1920 241 HESYCHIUS.

567 348 746 415 ἐστιν
797 344 1004 435 Ἀργῶ
1059 346 1169 413 καὶ
1209 344 1631 432 Ἀσκληπιός,
1692 344 1781 425 ῶς
1836 364 2045 481 φησιν
2087 342 2448 432 Ἀθήναιος
2501 348 2574 413 ἐν
2618 349 2706 437 τῷ
2753 344 2839 411 ιδ’

565 458 703 523 τῶν
750 456 1374 539 Δειπνοσοφιστῶν

742 562 1201 629 DCOLXXIX.
1298 560 1809 647 Τέρπανδρος
1866 556 2199 647 Ἀρναῖος,
2263 554 2305 645 ἢ
2380 560 2662 644 Λέσβιος
2726 553 2846 623 ἀπὸ

559 666 932 754 Ἀντίσσης,
979 662 1020 753 ἢ
1061 674 1365 753 Κυμαῖος
1420 667 1525 755 (οἱ
1566 666 1640 735 δὲ
1685 666 1794 733 καὶ
1842 664 2184 752 ἀπόγονον
2221 663 2545 734 “Ησιόδου
2580 662 2847 749 ἀνέγρα-

478 793 536 861 ,5
566 791 736 860 ψαν,
793 772 984 842 ἄλλοι
1046 772 1120 840 δὲ
1155 771 1475 862 Ὁμήρου,
1531 778 1746 841 Βοίου
1795 773 2102 859 λέγοντες
2148 770 2357 841 αὐτὸν
2402 776 2525 841 τοῦ
2577 770 2846 847 Φωκέως

558 885 683 950 τοῦ
746 880 1209 969 Εὐρυφῶντος
1271 876 1799 968 τοῦ.ἶομήρου),
1875 880 2172 969 λυρικός,
2239 876 2316 960 ὃς
2378 882 2635 968 πρῶτος
2696 875 2844 945 ἑπτὰ

563 993 830 1076 χορδῶν
895 990 1161 1073 ἐποίησε
1225 985 1351 1074 τὴν
1417 986 1663 1073 λύραν,
1729 987 1839 1054 καὶ
1903 986 2159 1075 νόμους
2221 983 2539 1074 λυρικούς
2600 986 2844 1071 πρῶτος

565 1100 892 1183 ἔγραψεν,
943 1100 1004 1162 εί
1047 1099 1164 1161 καί
1200 1119 1378 1173 τινες
1428 1091 1843 1180 Φιλάμμωνα
1888 1093 2169 1162 θέλουσι
2214 1094 2636 1181 γεγραφέναι.

741 1201 1165 1269 DCCLXXX.
1265 1202 1664 1288 Τεῦκρος
1728 1196 1765 1267 ὅ
1825 1198 2197 1285 Κυζικηνὸς
2258 1196 2329 1289 Ιὸ
2388 1198 2648 1287 γράψας
2704 1196 2839 1282 περὶ

487 1328 538 1369 10
564 1306 998 1397 χρυσοφόρου
1034 1306 1212 1397 γῆςΙ,
1249 1306 1398 1394 περὶ
1424 1309 1547 1373 τοῦ
1577 1311 1965 1392 Βυζαντίου,
2003 1310 2526 1391 Μιθριδατικῶν
2554 1304 2838 1393 πράξεων

564 1419 788 1500 βιβλία
834 1412 916 1499 ε’,
971 1414 1122 1501 περὶ
1176 1412 1399 1500 Τύρου
1453 1410 1536 1497 ε’,
1585 1409 1955 1499 Ἀραβικῶν
2002 1411 2083 1497 ε’,
2134 1410 2512 1499 Ἰουδαϊκὴν
2562 1416 2841 1498 ἱστορίαν

566 1522 640 1587 ἐν
710 1524 994 1605 βιβλίοις
1067 1517 1156 1603 ς’,
1231 1516 1504 1604 ἐφήβων
1568 1521 1727 1584 τῶν,
1769 1519 1843 1585 ἐν
1906 1521 2171 1609 Κυζίκῳ
2237 1516 2525 1605 ασκησιν
2587 1518 2677 1605 γ’,
2743 1516 2839 1584 καὶ

569 1625 736 1714 (τὰ)
785 1625 1001 1694 λοιπά.

740 1732 1198 1801 DOGLXXXI.
1262 1727 1672 1816 Τηλαύγης
1718 1727 1998 1816 Σάμιος,
2045 1730 2470 1819 Πυθαγόρου
2516 1736 2639 1800 τοῦ
2680 1730 2837 1798 πάνυ

484 1858 535 1901 1⁵
563 1839 712 1919 υίὸς
782 1839 892 1907 καὶ
965 1836 1301 1925 μαθητής,
1373 1835 1780 1923 φιλόσοφος,
1857 1835 2260 1917 διδάσκαλος
2327 1834 2831 1925 Ἐμπεδοκλέους.

567 1951 811 2032 ἔγραψε
858 1947 1007 2032 περὶ
1053 1949 1170 2032 τῆς
1213 1943 1611 2030 τετρακτύος
1655 1947 1883 2030 βιβλία
1932 1942 2018 2011 δ’.

738 2052 1232 2121 DOOLXXXII.
1323 2054 1854 2137 Τηλεκλείδης
1902 2045 2260 2136 Ἀθηναῖος
2317 2052 2626 2139 κωμικός.
2715 2056 2829 2119 τῶν

567 2157 926 2247 δραματων
969 2156 1182 2227 αὐτοῦ
1220 2161 1400 2225 ἐστιν
1434 2154 1911 2245 Ἀμφικτύονες
1946 2160 2056 2226 καὶ
2094 2159 2475 2246 Πρυτανεις
2509 2159 2619 2227 καὶ
2656 2166 2831 2243 Στερω

565 2271 705 2354 ροί,
753 2261 842 2345 ῶς
883 2263 1241 2351 Ἀθήναιος
1288 2266 1461 2351 λέγει
1509 2267 1583 2332 ἐν
1630 2278 1771 2343 τοῖς
1818 2273 2446 2352 Δειπνοσοφισταῖς.

486 2392 540 2432 2⁰
743 2372 1273 2441 DOOLXXXIII.
1381 2369 1492 2457 Τή
1513 2378 1552 2437 λ
1575 2396 1675 2457 εφ
1700 2398 1736 2439 ο
1760 2397 1792 2450 ς
1873 2371 2314 2459 Περγαμηνὸς
2395 2372 2827 2460 γραμματικός.

568 2485 813 2566 ἔγραψε
859 2481 969 2548 καὶ
1017 2478 1252 2565 αὐτός,
1301 2481 1375 2547 ἐν
1425 2471 1526 2557 οἷς
1571 2484 2008 2563 παρατίθεται
2054 2478 2229 2546 πόσα
2275 2477 2399 2568 χρὴ
2446 2481 2690 2547 εἰδέναι
2729 2477 2825 2545 τὸν

566 2731 792 2801 poetam
819 2727 990 2781 fuisse
1019 2729 1240 2783 constat
1267 2727 1354 2796 (cf.
1385 2727 1512 2781 XIV
1542 2745 1598 2795 p.
1620 2731 1762 2796 637).
1809 2727 1890 2781 cf.
1921 2726 2123 2796 Bergk,
2152 2728 2309 2784 Poet.
2339 2728 2465 2797 Lyr.
2496 2746 2549 2797 p.
2585 2734 2712 2783 1274
2731 2744 2821 2793 seq.

572 2814 598 2860 1
638 2804 697 2860 δ’
735 2808 880 2877 vulq.
921 2803 999 2861 ιδ’
1040 2812 1244 2861 ABVE
1285 2824 1421 2861 corr.
1459 2807 1735 2861 Kusterus
1771 2808 1829 2859 et
1864 2804 2154 2860 Reinesius

708 2886 1077 2941 DCCLXXIX
1117 2886 1195 2941 Cf.
1235 2886 1427 2955 Steph.
1459 2885 1589 2955 Byz.
1618 2904 1669 2939 v.
1700 2881 1975 2954 Ἄντισσα,
2014 2885 2071 2938 et
2108 2902 2251 2954 quae
2291 2887 2433 2941 dixit
2465 2886 2677 2957 Rohde,
2710 2887 2823 2941 Mus,

564 2968 743 3022 Rhen.
782 2966 1017 3021 XXXIV
1056 2985 1111 3036 p.
1142 2972 1246 3021 568
1391 2974 1424 3020 6
1463 2968 1533 3021 de
1569 2961 1697 3035 Εύρ.
1738 2964 1806 3020 cf.
1845 2984 1896 3019 v.
1920 2959 2189 3035 ”Ομηρος,
2226 2966 2325 3020 ubi
2356 2962 2607 3036 Ἐρὶφῶν
2644 2968 2778 3023 codd.

567 3056 598 3103 6
641 3042 780 3103 ἕπτά
820 3049 1038 3118 χορδῶν
1067 3053 1173 3101 AV
1213 3042 1561 3116 ἕπτάχορδον
1594 3044 1693 3100 rel.
1804 3050 1836 3098 8
1876 3040 2207 3115 Φιλάμμονα
2236 3051 2283 3097 A
2321 3045 2665 3119 Φιλάμμωνα
2688 3052 2821 3101 BVE.

568 3127 647 3182 Of.
685 3148 737 3183 v.
780 3125 1032 3198 Θάμυρις
1069 3131 1129 3183 et
1167 3128 1317 3181 Suid.
1356 3148 1408 3183 v.
1452 3122 1781 3196 Φιλάμμωνε
1824 3158 1889 3165 -
1920 3120 1988 3179 ὃν
2026 3121 2225 3199 ᾅδουσι
2270 3124 2545 3197 Θαμύρου
2581 3131 2678 3183 τοῦ
2706 3130 2823 3201 Θρᾳ-

566 3206 664 3269 κὸς
699 3205 917 3276 πατέρα
957 3205 1229 3276 γενέσθαι

709 3286 1055 3342 DCCLXXX
1092 3288 1324 3341 Traessat
1349 3285 1551 3340 Mfiller
1579 3285 1655 3338 IV
1682 3302 1738 3353 p.
1772 3291 1890 3340 508.
1937 3286 2192 3355 Pompeii
2218 3287 2470 3355 tempore
2500 3303 2626 3340 eum
2655 3286 2821 3341 vixisse

567 3367 756 3421 docuit
792 3364 1149 3435 Gutschmid,
1189 3366 1428 3423 Zeitech.
1469 3366 1519 3419 d.
1559 3364 1622 3420 D
1654 3364 1831 3435 Morg.
1872 3364 1997 3419 Ges.
2029 3365 2131 3419 XV
2160 3384 2213 3435 p.
2256 3371 2356 3420 105
2469 3374 2501 3422 9
2542 3366 2667 3433 περὶ
2700 3382 2821 3436 χρυσ.

567 3447 666 3515 γῆς
694 3448 906 3501 Teucro
934 3446 1246 3516 Babylonio
1276 3449 1464 3516 (quem
1491 3445 1688 3500 laudat
1716 3446 2663 3515 Westermann,Pa1-adox.p.147)
2700 3444 2823 3499 dedit

568 3527 888 3581 Gutsehmid
1015 3533 1079 3580 11
1114 3522 1278 3581 ’.Ιουδ
1320 3523 1570 3594 ἱστορίαν
1606 3525 1794 3596 pobiue
1832 3520 2163 3593 Χαλδαϊκὴν
2198 3525 2373 3579 fuisse
2410 3525 2822 3595 improbabiliter

565 3607 878 3676 suspicatur
915 3607 1124 3661 Malle-r
1269 3613 1334 3660 12
1373 3606 1472 3659 καὶ
1494 3603 1577 3659 τὰ
1614 3600 1783 3659 λοιπά
1819 3611 1865 3658 V
1902 3604 1999 3658 καὶ
2035 3601 2201 3659 λοιπαί
2239 3606 2384 3674 vuly.

708 3686 1070 3742 DCCLXXXI
1119 3686 1198 3743 Cf.
1245 3706 1296 3741 V.
1338 3682 1539 3741 Θεανῶ
1579 3687 1824 3754 Κρῆσσα.
1900 3684 1982 3739 Cf.
2029 3684 2191 3753 Diog.
2230 3684 2385 3754 VIII,
2422 3690 2519 3752 43;
2567 3686 2752 3738 Athen.
2782 3680 2818 3733 V

565 3786 619 3837 p.
650 3773 754 3821 220
914 3774 979 3821 16
1025 3766 1104 3819 At
1139 3764 1447 3835 Diogenes:
1495 3762 1828 3836 σύγγραμμα
1867 3763 1931 3819 δὲ
1980 3762 2215 3834 φέρεται
2251 3765 2352 3819 τοῦ
2395 3760 2718 3834 Τηλαύγους
2748 3756 2818 3817 οὖ-

567 3845 696 3918 δέν,
733 3846 834 3913 τῆς
869 3845 934 3901 δὲ
975 3842 1181 3915 μητρὸς
1218 3840 1396 3899 αὐτοῦ
1437 3847 1697 3909 Θεανοῦς
1732 3865 1860 3899 τινα

671 3968 678 3978 .
707 3926 1103 3981 DCCLXXXII
1141 3926 1374 3981 Tractat
1410 3923 1667 3980 Meineke
1696 3925 1725 3978 1.
1758 3942 1815 3992 p.
1845 3930 1913 3979 86
1944 3940 2056 3991 seq.
2114 3924 2197 3976 De
2233 3922 2356 3977 vita.
2392 3923 2537 3977 dixit
2565 3924 2733 3991 Daub,
2770 3922 2823 3975 de

567 4006 720 4061 Suid.
759 4024 814 4076 p.
844 4011 966 4061 482.
1042 4005 1123 4062 cf.
1164 4007 1367 4062 Athen.
1406 4004 1485 4059 IX
1522 4023 1575 4075 p.
1610 4012 1732 4073 399,
1771 4005 1900 4060 XIV
1939 4023 1993 4073 p.
2025 4010 2146 4073 639,
2185 4010 2307 4073 648,
2346 4008 2464 4059 656.

707 4086 1130 4140 DCCLXXXIII
1168 4086 1247 4141 cf.
1279 4105 1329 4141 v.
1359 4087 1618 4155 Φιλητᾶς,
1647 4087 1743 4140 ubi
1773 4088 1917 4141 alter
1946 4086 2225 4155 Telephus
2251 4084 2528 4154 laudatur,
2558 4085 2829 4140 Alexandri

565 4166 756 4237 Magni
784 4168 1050 4235 aequalis.
1105 4168 1190 4222 De
1219 4169 1325 4222 hoc
1355 4166 1623 4236 Telephe,
1654 4165 1923 4219 Hadriani
1951 4164 2205 4234 aequale,
2233 4162 2301 4217 ef.
2322 4160 2525 4218 Mffller
2552 4166 2630 4219 III
2658 4185 2711 4235 p.
2731 4173 2832 4234 634,

563 4247 744 4315 Daub,
775 4246 930 4301 Stud.
959 4266 1014 4316 p.
1037 4253 1140 4301 120
1249 4253 1315 4301 21
1349 4244 1559 4316 ἔγραψε
1591 4243 1688 4299 καὶ
1716 4240 1891 4307 αὐτὸς
1918 4247 2046 4315 posi:
2071 4240 2174 4298 τὸν
2199 4240 2591 4313 γραμματικὸν
2619 4247 2833 4300 habetv

565 4326 664 4378 καὶ
719 4320 896 4386 αύτὸς
941 4343 1089 4393 susp.
1133 4327 1398 4393 Kuste‘m,
1453 4344 1645 4381 eorum
1696 4326 1871 4381 vicem
1918 4321 2166 4386 κανόνας
2212 4321 2355 4378 coni.
2394 4322 2837 4395 Hemsterhusitw,
