3025 4892
585 234 712 297 142
1509 234 1933 292 HESYCHIUS.

758 397 1121 463 DXXXIII.
1185 394 1831 475 Μινουκιανὸς
1886 395 2281 484 Νικαγόρου
2340 399 2464 463 τοῦ
2520 396 2843 478 σοφιστοῦ,

573 498 930 587 Ἀθηναῖος
971 501 1314 588 σοφιστής,
1352 500 1648 589 γεγονὼς
1685 503 1789 569 ε’πὶ
1828 506 2186 588 Γαλιηνοῦ.
2230 504 2474 588 τέχνην
2510 498 2841 587 ῥητορικὴν

580 608 690 675 καὶ
736 607 1307 695 προγυμνασματα
1352 609 1463 679 καὶ
1510 606 1755 695 λόγους
1802 606 2196 694 διαφόρους.
2273 698 2279 703 .

755 717 1116 783 DXXXIV.
1167 717 1541 793 Μνασέας
1569 714 1916 801 Βηρύτιος.
1966 720 2210 801 ἔγραψε
2238 716 2478 802 τέχνην
2510 712 2843 802 ῥητορικὴν

526 842 551 880 5
579 822 687 888 καὶ
735 822 883 909 περὶ
926 819 1235 888 Ἀττικῶν
1283 817 1657 907 ὀνομάτων.

753 928 1086 993 DXXXV.
1173 932 1691 1013 Μνησίμαχος
1746 925 2021 1013 ποιητὴς
2073 930 2190 1015 τῆς
2244 929 2447 1015 μέσης
2504 932 2831 1019 κωμῳδίας

574 1038 709 1101 τῶν
758 1032 1114 1121 δραμάτων
1159 1030 1368 1100 αὐτοῦ
1406 1034 1586 1099 ἐστιν
1616 1030 2080 1121 Ἱπποτρόφος,
2128 1032 2468 1119 Βούσιρις,
2524 1040 2825 1112 Φίλιππος

584 1138 672 1219 ὡς
713 1138 1072 1227 Ἀθήναιος
1118 1141 1190 1205 ἐν
1241 1146 1868 1224 Δειπνοσοφισταῖς.

755 1248 1113 1316 DXXXVI.
1199 1244 1564 1332 Μόσχος
1628 1244 2097 1331 Συρακούσιος
2159 1246 2642 1335 γραμματικός,
2693 1242 2844 1331 Ἀρι-

502 1374 552 1411 10
583 1354 874 1442 στάρχου
938 1352 1290 1440 γνώριμος.
1399 1344 1597 1432 οὗτός
1662 1356 1843 1421 ἐστιν
1907 1350 1941 1421 ὁ
2005 1354 2315 1443 δεύτερος
2373 1354 2651 1441 ποιητὴς
2700 1352 2845 1439 μετὰ

581 1460 942 1548 Θεόκριτον
989 1458 1110 1527 τὸν
1156 1463 1292 1543 τῶν
1339 1464 1759 1546 βουκολικῶν
1805 1459 2163 1548 δραμάτων
2208 1462 2511 1549 ποιητήν.
2600 1462 2845 1549 [ἔγραψε

579 1568 688 1634 καὶ
737 1564 936 1645 αὐτὸς
966 1622 977 1635 .
1009 1619 1023 1633 .
1055 1571 1096 1650 .]
1927 1652 1938 1663 ¹

755 1675 1153 1741 DXXXVII.
1231 1679 1709 1751 Μουσαῖος
1748 1671 2154 1752 Ἐλευσίνιος
2209 1676 2275 1755 ἐξ
2323 1672 2663 1761 Ἀθηνῶν,
2721 1672 2850 1750 υίὸς

573 1778 984 1867 Ἀντιφήμου
1031 1782 1178 1867 (τοῦ
1219 1777 1560 1866 Εὐφήμου
1602 1782 1724 1846 τοῦ
1756 1776 2131 1865 Ἐκφάντου
2176 1784 2296 1848 τοῦ
2337 1781 2736 1867 Κερκυόνος,
2780 1775 2848 1845 ὃν

503 1903 554 1943 ¹5
581 1890 1112 1974 κατεπολέμησεν
1177 1884 1211 1954 ὁ
1273 1885 1557 1973 Θησεύς)
1627 1886 1737 1953 καὶ
1786 1882 2057 1972 Ἑλένης
2119 1886 2469 1973 γυναικός,
2541 1885 2845 1969 ἐποποιός,

580 1994 887 2081 μαθητὴς
927 1991 1236 2080 Ὀρφέως,
1284 1995 1541 2080 μᾶλλον
1588 1992 1662 2059 δὲ
1706 1992 2170 2081 πρεσβύτερος.
2245 1993 2488 2082 ἤκμαζε
2534 1993 2661 2081 γὰρ
2699 1989 2843 2060 κατὰ

577 2102 697 2168 τὸν
754 2099 1070 2188 δεύτερον
1119 2102 1430 2186 Κέκροπα
1485 2100 1596 2165 καὶ
1653 2104 1941 2187 ἔγραψεν
1989 2098 2341 2187 ὑποθήκας
2387 2099 2720 2191 Εὐμόλπῳ
2763 2101 2843 2188 τῷ

577 2211 701 2299 υἱῷ
753 2214 872 2295 ἔπη
919 2212 988 2298 ,δ
1035 2208 1146 2276 καὶ
1192 2207 1362 2275 ἄλλα
1407 2214 1698 2274 πλεῖστα.

579 2494 704 2530 cum
743 2476 1076 2540 Volkmann,
1123 2475 1310 2545 Symb.
1349 2493 1402 2544 p.
1436 2480 1538 2528 727
1578 2490 1644 2527 ex
1680 2473 1800 2527 vita
1839 2474 2157 2528 Mimnermi
2203 2476 2510 2530 carminum
2560 2471 2850 2529 collectioni

577 2558 822 2625 praefixa
859 2556 1000 2609 talia
1034 2556 1256 2610 fluxisse
1295 2556 1643 2624 putaveram.
1720 2553 1881 2618 Quod
1919 2554 1965 2608 si
1995 2571 2187 2608 verum
2216 2559 2387 2623 esset,
2428 2558 2579 2611 certe
2614 2555 2849 2609 monente

575 2637 803 2690 Daubio
849 2637 1162 2703 praesssaret
1201 2632 1412 2704 ἔγραψε
1464 2635 1513 2702 β.
1561 2633 1740 2686 ταῦτα
1787 2633 1883 2687 καὶ
1931 2629 2072 2687 ἄλλα
2119 2631 2310 2689 πολλοὶ.
2362 2637 2659 2691 Praeterea
2704 2633 2850 2687 licea'o

579 2719 828 2773 conicere
870 2716 1080 2788 ἔγραψε
1123 2719 1168 2789 β.
1201 2710 1375 2769 πολλά
1416 2716 1705 2784 (sequente
1743 2714 1938 2767 tabula
1977 2716 2305 2785 carminum)
2345 2716 2472 2769 coll.
2502 2734 2555 2770 v.
2587 2716 2850 2772 Καικίλιος

579 2801 702 2851 Σικ.
743 2797 814 2850 al.
880 2797 1060 2851 Multo
1101 2793 1408 2864 simplicius
1453 2794 1642 2848 locum
1688 2792 1909 2847 sanavit
1947 2793 2269 2849 Gutschmid
2308 2795 2552 2849 scribens
2602 2794 2677 2864 ἔγ.
2715 2790 2847 2847 πάνυ

577 2872 754 2929 πολλοὶ
795 2876 887 2945 (cf.
923 2871 1103 2949 Ἰόβας
1141 2876 1236 2943 al.)

719 2954 1003 3009 DXXXIII
1039 2955 1187 3010 Eud.
1225 2972 1281 3025 p.
1322 2959 1442 3007 497.
1520 2950 1598 3005 Cf.
1642 2970 1691 3004 v,
1736 2950 2042 3014 Γενέθλιος
2079 2956 2137 3007 eb
2172 2954 2512 3022 Μένανδρος
2638 2960 2667 3008 2
2710 2956 2847 3007 Γαλι-

576 3036 680 3089 νοῦ
713 3042 757 3087 A
799 3037 1080 3103 Γαλιηνοῦ
1110 3040 1206 3087 BV
1248 3032 1506 3100 Γαληνοῦ
1545 3033 1689 3100 vuly.
1721 3032 1871 3086 Eud.
1914 3033 2031 3099 (ubi
2070 3050 2205 3088 corr.
2246 3034 2470 3102 Harles)
2584 3042 2615 3088 3
2656 3032 2845 3102 ἔγραψε

578 3134 688 3184 τεχ.
731 3116 880 3169 Eud.
948 3116 1030 3170 De
1068 3114 1236 3185 τέχνῃ
1275 3116 1342 3169 cf.
1384 3133 1434 3168 v.
1475 3107 1833 3182 Παγκρατιος
1871 3115 1929 3166 et
1968 3108 2297 3182 Πορφύριος

553 3246 558 3249 .
719 3194 1006 3249 DXXXIV
1054 3196 1257 3248 Mirum
1306 3196 1454 3263 quod
1503 3194 1741 3247 aliorum
1790 3191 2037 3246 eiusdem
2078 3193 2317 3247 nominis
2356 3194 2669 3261 auct-orum,
2720 3192 2850 3247 velut

579 3274 886 3341 PatrensiS,
930 3275 1138 3329 mentio
1179 3274 1382 3328 omissa
1420 3277 1531 3337 θεὶς
1580 3268 1919 3339 Hesychium
1962 3272 2111 3325 enim
2148 3290 2273 3326 eum
2312 3275 2585 3326 tractasse
2623 3272 2849 3342 suspicor

719 3353 975 3407 DXXXV
1011 3356 1162 3410 Eud.
1202 3374 1254 3423 p.
1286 3360 1406 3409 500.
1459 3353 1689 3407 Tractaiz
1726 3348 1985 3405 Meineke
2024 3351 2048 3402 I
2085 3370 2137 3421 p.
2175 3356 2279 3405 423
2426 3359 2457 3405 6
2504 3351 2637 3414 νέας
2684 3367 2849 3405 errans

577 3432 728 3487 Eud.
877 3440 907 3489 7
948 3452 1060 3503 seq.
1126 3435 1210 3489 cf.
1241 3436 1443 3490 Athen.
1473 3434 1579 3487 VII
1617 3450 1670 3501 p.
1701 3438 1833 3500 301,
1872 3437 2002 3499 322,
2042 3437 2172 3499 329,
2210 3430 2286 3484 IX
2324 3451 2377 3500 p.
2408 3438 2537 3499 402,
2577 3432 2627 3485 Χ
2662 3451 2717 3501 p.
2750 3435 2849 3496 417,

573 3511 707 3565 VIII
745 3532 796 3582 p.
833 3520 954 3583 338,
993 3516 1068 3569 IX
1107 3534 1159 3584 p.
1191 3520 1313 3584 387,
1351 3514 1401 3567 X
1438 3533 1492 3583 p.
1526 3518 1630 3567 418
1671 3516 1729 3567 et·
1764 3518 1867 3565 421
2015 3509 2243 3580 Βάσιρις
2279 3512 2429 3567 Eud.

718 3594 1003 3650 DXXXVI
1038 3596 1191 3650 Eud.
1229 3614 1283 3664 p.
1325 3602 1426 3649 502
1560 3600 1625 3647 10
1665 3586 1927 3661 δεύτερος
1964 3609 2072 3648 om.
2102 3598 2146 3644 v
2222 3616 2229 3623 ·
2268 3598 2330 3645 11
2375 3588 2525 3647 ἐπῶν
2563 3610 2663 3662 pro
2701 3596 2844 3661 δραμ.

577 3674 718 3731 coni.
758 3677 926 3730 Daub
1075 3674 1285 3744 ἔγραψε
1335 3674 1431 3728 καὶ
1479 3668 1653 3735 αὐτός
1688 3670 1931 3741 prudens
1971 3689 2077 3726 om.
2117 3672 2253 3727 Eud
2276 3716 2288 3740 ,
2338 3672 2469 3740 quia
2508 3690 2713 3727 manca
2748 3686 2843 3725 esse

576 3758 762 3825 patet,
809 3756 999 3825 itaque
1045 3750 1083 3809 ἃ
1132 3757 1262 3810 ante
1304 3752 1413 3823 ἕγρ.
1455 3754 1636 3823 suppl.
1679 3753 2023 3821 Θιιέεοῖιτηίᾱ,
2066 3748 2370 3823 βουκολικά
2411 3752 2537 3808 add.
2578 3754 2845 3815 Kusterus‘,

577 3837 725 3905 quod
766 3835 814 3889 si
853 3837 986 3889 olim
1022 3837 1228 3890 lectum
1268 3837 1369 3903 est,
1412 3852 1556 3904 quae
1596 3832 1796 3888 seclusi
1833 3832 1905 3887 ab
1941 3832 2135 3901 inepto
2175 3833 2382 3886 lectore
2420 3834 2695 3901 tanquam
2726 3835 2846 3903 glos-

577 3933 696 3970 sam
735 3916 908 3969 totius
942 3916 1092 3970 vitae
1131 3916 1326 3970 addita
1359 3932 1479 3969 esse
1520 3932 1739 3980 cense03
1782 3932 1885 3983 ego
1923 3914 2181 3968 lacunam
2220 3911 2463 3967 indicavi

719 3996 1028 4050 DXXXVII
1065 3995 1218 4051 Eud.
1258 4015 1312 4065 p.
1343 4001 1462 4051 500.
1530 3994 1761 4049 Tractat
1787 3993 2002 4060 Rohde,
2039 3996 2179 4048 Mus,
2214 3992 2390 4048 Rhen.
2421 3992 2657 4048 XXXVI
2687 4014 2739 4064 p.
2766 3997 2847 4047 385

581 4082 646 4130 14
679 4072 1047 4146 Ἀντιοφήμου
1079 4076 1253 4146 Orph.
1274 4076 1482 4145 Argon.
1514 4081 1637 4141 306,
1675 4074 2012 4151 Ksouocssvog
2038 4075 2182 4143 vuly.
2215 4090 2352 4128 corr.
2384 4072 2661 4127 Westerm.
2702 4089 2847 4127 uncos

576 4157 780 4211 admisi
817 4158 1116 4211 Kusterum
1154 4160 1374 4212 secui-‚us
1531 4161 1597 4209 15
1635 4151 1779 4221 ὑπὲρ
1817 4155 1916 4222 τῆς
1945 4150 2175 4223 Ἑλένης
2212 4154 2383 4219 Eud„
2422 4155 2568 4221 quod
2607 4153 2848 4222 probavit

577 4236 812 4291 Passow.
851 4256 904 4307 p.
936 4228 1272 4309 22Ἑλήνης
1308 4237 1344 4290 i.
1385 4253 1432 4291 e.
1470 4232 1725 4305 Σελήνης
1761 4238 1820 4288 V.
1888 4232 1967 4289 cf.
2000 4234 2143 4289 Plat.
2174 4233 2313 4302 Rep.
2344 4234 2397 4287 II
2429 4251 2482 4302 p.
2513 4238 2633 4290 364.
2688 4233 2847 4289 Schol.

578 4319 668 4369 Ar.
700 4318 836 4370 Ran.
873 4322 1006 4369 1033
1121 4323 1184 4370 16
1223 4311 1434 4384 ἤκμαζε
1469 4312 1539 4372 ,δὲ
1580 4332 1705 4383 pars
1735 4314 1895 4369 codd.
1926 4314 2075 4367 Eud.
2192 4319 2257 4366 18
2296 4311 2403 4380 ἔπη
2442 4310 2519 4387 ,δ’
2550 4316 2607 4367 et
2637 4320 2842 4377 πλεῖστα

580 4413 686 4449 om.
727 4396 877 4449 Eud.
919 4391 976 4447 δ’
1018 4412 1185 4463 supra
1221 4393 1277 4463 γ’
1319 4396 1444 4448 add.
1482 4400 1526 4446 E
