3025 4892
1101 232 1529 291 HESYCHIUS.
2330 236 2459 301 105

185 390 382 470 αὐτὸς
419 389 814 477 θεουργικά,
874 393 1242 479 τελεστικά,
1297 393 1492 481 λόγια
1542 392 1631 462 δι’
1686 397 1865 463 ἐπῶν
1916 396 2026 463 καὶ
2074 394 2279 482 ἄλλα,
2332 394 2458 464 ὅσα

182 502 304 584 τῆς
335 500 630 584 τοιαύτης
675 498 1030 587 ἐπιστήμης
1073 499 1326 588 κρύφια
1372 500 1793 589 τυγχάνουσι.

357 606 674 676 CCCXCI.
735 603 788 673 'I
803 633 838 674 ο
861 614 960 675 υλ
984 634 1006 673 ι
1028 634 1069 673 α
1091 607 1245 687 νὸς
1289 607 1603 694 Δόμνου,
1640 604 1771 676 ἀπὸ
1810 611 2217 692 Καισαρείας
2254 611 2456 695 <τῆς>

185 716 668 799 Καππαδοκίας,
713 714 1056 801 σοφιστής,
1104 714 1476 803 σύγχρονος
1505 720 1917 783 Καλλινίκου
1962 718 2082 783 τοῦ
2125 720 2457 801 σοφιστοῦ

184 819 462 905 γεγονώς
507 822 613 889 ἐπὶ
663 828 1192 891 Κωνσταντίνου
1233 824 1356 890 τοῦ
1400 821 1743 908 βασιλέως.
2484 848 2510 889 5

350 928 707 998 OCCXGII.
794 927 851 996 Ἰ
865 936 1069 998 ουλι
1097 926 1311 1008 ανὸς
1364 924 1400 997 ὁ
1458 926 1843 1014 παραβάτης
1896 928 2005 996 καὶ
2064 926 2457 1016 ἀποστάτης,

170 1031 500 1121 Ῥωμαίων
572 1034 918 1122 βασιλεύς,
990 1042 1517 1106 Κωνσταντίνου
1587 1036 1914 1123 βασιλέως
1982 1038 2103 1103 τοῦ
2168 1039 2459 1124 μεγάλου

183 1139 442 1223 ἀνεψιὸς
495 1140 629 1211 ἀπὸ
688 1142 1054 1231 Δαλμάτου
1109 1140 1408 1231 ἀδελφοῦ
1463 1140 1676 1211 αὐτοῦ
1728 1142 1839 1210 καὶ
1894 1141 2141 1229 μητρὸς
2198 1142 2461 1222 Γάλλας

185 1246 536 1336 [τοῦνομά]
631 1254 878 1337 ἔγραψε
921 1247 1081 1329 τοὺς
1124 1250 1580 1337 καλουμένους
1624 1254 1970 1335 Καίσαρας
2015 1250 2327 1337 (περιέχει
2386 1249 2458 1317 δὲ

181 1352 326 1434 τοὺς
366 1351 495 1422 ἀπὸ
536 1352 938 1440 Αὐγούστου
975 1354 1318 1443 Ῥωμαίων
1355 1356 1699 1445 βασιλεῖς),
1746 1356 1978 1444 ἑτέραν
2024 1360 2265 1442 βίβλον
2306 1355 2456 1442 περὶ
2486 1383 2538 1422 10

179 1464 308 1528 τῶν
361 1466 568 1547 τριῶν
630 1462 1015 1549 σχημάτων,
1076 1463 1187 1530 καὶ
1241 1461 1322 1531 τὰ
1379 1462 1761 1549 καλούμενα
1816 1461 2111 1547 Κρόνια,
2173 1462 2285 1529 καὶ
2338 1460 2461 1530 τὸν

181 1567 649 1654 Μισοπιόγωνα
702 1565 743 1655 ἢ
809 1566 1253 1657 Ἀντιοχικόν,
1317 1570 1466 1654 περὶ
1533 1572 1655 1637 τοῦ
1708 1568 1925 1637 πόθεν
1979 1566 2061 1635 τὰ
2116 1567 2283 1636 κακὰ
2346 1569 2459 1637 καὶ

181 1671 336 1758 πρὸς
366 1672 521 1755 τοὺς
557 1672 1026 1761 ἀπαιδεύτους,
1061 1676 1230 1765 πρὸς
1265 1674 1386 1745 τὸν
1423 1676 1599 1744 κύνα
1635 1672 2048 1763 Ἡράκλειον,
2092 1678 2231 1755 πῶς
2274 1701 2459 1743 κυνι-

182 1782 394 1866 στέον,
439 1782 791 1862 ἐπιστολὰς
836 1783 1266 1863 παντοδαπὰς
1308 1785 1417 1852 καὶ
1457 1782 1643 1852 ἄλλα.

347 1889 738 1957 ΟΟΟΧΟΙΙΙ.
819 1887 905 1974 [Ἰ
912 1905 1281 1969 ουστϊνος
1313 1888 1689 1976 φιλόσοφος
1724 1888 1834 1956 καὶ
1872 1892 1963 1979 τῷ
2003 1888 2285 1977 σχήματι
2320 1890 2455 1956 τῶν
2489 1916 2539 1956 15

176 1993 561 2081 φιλοσόφων
633 1995 1002 2083 χριόμενος,
1076 1994 1204 2064 ἀπὸ
1273 2000 1390 2083 τῆς
1459 1997 1900 2063 Νεαπολιτῶν
1966 1996 2279 2083 ἐπαρχίας
2344 1998 2461 2080 τῆς

179 2106 652 2189 Παλαιστίνης,
703 2104 774 2170 ἐκ
819 2101 1068 2191 πατρὸς
1113 2110 1422 2191 Πρίσκου
1465 2106 1587 2170 τοῦ
1635 2106 1979 2188 Βακχείου.
2055 2091 2251 2181 οὗτος
2290 2098 2457 2189 ὑπὲρ

175 2208 287 2290 τῆς
343 2213 705 2296 θρησκείας
767 2212 904 2275 τῶν
969 2212 1371 2296 χριστιανῶν
1435 2207 1616 2276 πάνυ
1676 2209 2060 2292 ἐκοπίασεν,
2127 2204 2295 2274 ὥστε
2346 2207 2459 2273 καὶ

179 2309 540 2407 Ἀντωυίνῳ
603 2319 695 2405 τῷ
760 2318 1032 2403 ἐπίκλην
1099 2322 1247 2408 Πίῳ
1313 2316 1423 2383 καὶ
1487 2328 1628 2395 τοῖς
1682 2312 1927 2381 τούτου
1983 2314 2157 2380 υἱέσι
2213 2314 2324 2380 καὶ
2378 2318 2459 2401 τῇ

175 2419 508 2512 συγκλήτῳ
566 2418 908 2507 Ῥωμαίων
985 2427 1226 2508 βίβλον
1291 2420 1454 2489 κατὰ
1518 2425 1655 2488 τῶν
1722 2422 1948 2489 ἐθνῶν
2014 2433 2461 2505 συνταγεῖσαν
2487 2452 2539 2490 20

175 2528 548 2613 ἐπιδοῦναι,
611 2528 734 2597 τὸν
801 2524 1190 2615 ὀνειδισμὸν
1253 2532 1376 2597 τοῦ
1441 2533 1736 2617 σταυροῦ
1803 2525 1892 2615 μὴ
1957 2524 2461 2613 αἰσχυνόμενος.

178 2639 411 2721 ἔγραψε
467 2634 580 2702 καὶ
643 2635 874 2721 ἑτέραν
920 2641 1190 2722 βίβλον,
1250 2631 1338 2721 ἣν
1385 2635 1493 2702 καὶ
1542 2637 1826 2702 ἐπέδωκε
1870 2647 2013 2713 τοῖς
2052 2632 2459 2701 Ἀντωνίνου

181 2742 542 2829 διαδόχοις,
616 2743 913 2810 τουτέστι
979 2742 1238 2833 Μάρκῳ
1301 2740 1676 2832 ’Λντωνίνῳ
1740 2740 1851 2808 καὶ
1909 2746 2175 2832 Λουκίῳ
2232 2736 2457 2828 Λύρη-

173 2852 287 2936 λίῳ
325 2847 636 2938 Κομόδῳ.
729 2852 865 2915 ἔστι
918 2849 1028 2916 καὶ
1083 2846 1251 2934 άλλη
1297 2847 1505 2917 αὐτοῦ
1544 2853 1777 2934 βίβλος
1812 2844 1978 2915 κατὰ
2031 2851 2167 2916 τῶν
2207 2850 2457 2932 ἐθνῶν,

176 2955 246 3020 ἐν
286 2946 326 3043 ᾗ
364 2956 510 3042 περὶ
551 2959 665 3040 τῆς
703 2956 968 3040 φύσεως
1004 2959 1141 3023 τῶν
1181 2953 1527 3041 δαιμόνων
1567 2956 1957 3041 διαλέγεται.
2030 2954 2140 3021 καὶ
2179 2952 2451 3041 τετάρτη
2482 2985 2535 3025 25

173 3065 392 3145 βίβλος
430 3058 680 3147 ὁμοίως
727 3060 895 3128 κατὰ
943 3066 1079 3129 τῶν
1126 3063 1382 3146 ἐθνῶν,
1429 3057 1516 3148 ἣν
1556 3063 1925 3148 ἐπέγραψεν
1974 3065 2253 3145 ἔλεγχος.
2345 3060 2456 3127 καὶ

173 3163 332 3254 ἄλλη
375 3168 523 3255 περὶ
570 3171 686 3254 τῆς
737 3172 859 3237 τοῦ
915 3172 1084 3237 θεοῦ
1141 3173 1522 3255 μοναρχίας.
1604 3169 1713 3235 καὶ
1760 3166 1971 3255 ἄλλην
2018 3162 2105 3253 ἣν
2152 3165 2456 3253 ὠνόμασε

174 3272 453 3361 ψάλτην,
498 3275 610 3342 καὶ
657 3275 888 3362 ἑτέραν
932 3276 1081 3360 περὶ
1127 3278 1373 3361 ψυχῆς,
1423 3274 1747 3362 διάλογόν
1798 3301 1869 3342 τε
1912 3272 2079 3341 κατὰ
2124 3278 2260 3342 τῶν
2294 3269 2454 3342 Ἰου-

175 3384 397 3468 δαίων,
423 3378 504 3451 ὃν
525 3384 865 3469 ἐσχεδίασε
885 3381 1048 3451 κατὰ
1077 3382 1444 3471 Τρύφωνος
1464 3380 1763 3470 ἀρχηγοῦ
1782 3386 1916 3451 τῶν
1937 3384 2012 3449 ἐν
2028 3379 2280 3472 Ἐφέσῳ
2296 3376 2457 3448 Ἰου·

176 3490 390 3558 δαίων.
431 3487 514 3558 οὐ
543 3487 676 3578 μὴν
707 3486 872 3559 ἀλλά
901 3490 1012 3558 καὶ
1035 3488 1201 3557 κατὰ
1222 3493 1631 3577 Μαρκίωνος
1660 3490 1943 3575 ἐπίσημα
1962 3486 2159 3573 τεύχη
2182 3488 2454 3568 ἐξέδωκε
2482 3520 2537 3559 so

305 3736 586 3793 CCCXCI.
612 3737 693 3793 cf.
736 3739 948 3807 Eunap.
996 3738 1050 3790 11
1094 3756 1147 3807 p.
1187 3743 1290 3791 250
1321 3754 1432 3806 seq.
1470 3737 1647 3792 Boiss,
1865 3742 1897 3789 3
1946 3735 2044 3804 τῆς
2079 3733 2289 3789 inserui
2326 3751 2454 3787 cum

186 3815 447 3873 Westerm.
497 3834 605 3873 om.
651 3817 784 3871 libri
965 3824 996 3872 4
1041 3818 1380 3872 Καλλινίκου
1427 3834 1541 3886 seq.
1590 3834 1657 3871 ex
1702 3821 1905 3869 ABVE
1953 3817 2219 3883 Gaisford
2254 3818 2454 3868 Καλλι-

175 3898 304 3969 νίκῳ
341 3917 456 3968 seq.
493 3900 640 3967 vulq.

310 3977 587 4033 CCCXCII
619 3984 681 4032 11
712 3975 1009 4049 σχημάτων
1037 3983 1276 4049 suspect.
1298 3979 1664 4048 Bernhardyo
1694 3976 2012 4046 cognomini
2038 3976 2288 4031 vindicat
2316 3977 2454 4033 Gut-

176 4059 368 4113 schmid
475 4054 726 4129 Κρόνεια
753 4064 796 4111 Ε
910 4066 973 4113 12
1011 4058 1110 4113 καὶ
1139 4064 1233 4113 ΔΕ
1272 4057 1370 4113 καὶ
1405 4054 1548 4127 πρὸς
1575 4064 1620 4110 V
1656 4054 1801 4112 κατὰ
1830 4058 1983 4125 vu19.'
2090 4062 2153 4109 13
2192 4056 2291 4111 καὶ
2327 4060 2458 4127 posia

177 4129 548 4200 ἀπαιδεύτους
574 4139 700 4192 add.
721 4145 784 4205 V,
815 4138 961 4207 quod
992 4136 1171 4200 κύνας
1197 4137 1512 4207 significare
1542 4153 1654 4191 non
1682 4136 1947 4205 probavit
1968 4135 2319 4208 Bernhardy,
2359 4133 2455 4191 κύ-

179 4232 274 4275 νας
306 4214 540 4271 inseruit
573 4217 782 4272 Bekker
911 4223 974 4271 13
1007 4212 1335 4285 ἹΙράκλειον
1373 4234 1509 4272 corr,
1548 4216 1882 4285 Bernhardy
1912 4212 2273 4284 “Ηράκλειτον
2309 4219 2453 4288 vuly.

312 4295 618 4351 CCCXCIII
666 4314 774 4352 om.
807 4298 1107 4364 Westerm„
1152 4314 1288 4351 num
1325 4296 1593 4365 Hesychii
1640 4294 1740 4365 sit,
1786 4295 2062 4349 incertum
2238 4304 2301 4352 17
2342 4315 2453 4367 seq.

183 4390 245 4427 ex
279 4376 888 4448 Hieronym.-Sophron.
929 4394 976 4433 0.
1015 4384 1084 4432 23
1123 4377 1428 4448 compilata.
1465 4394 1583 4433 esse
1620 4375 1883 4433 videntur
