3025 4892
503 150 602 212 XL
1369 141 1874 200 PROLEGOMEN
1876 143 1940 196 A.

681 309 795 375 IV.
875 310 1018 375 Iam
1065 331 1140 373 eo
1187 307 1480 393 provecti
1528 329 1745 400 sumus
1763 357 1780 390 ,
1825 309 1898 370 ut
1943 327 2019 370 ea
2064 305 2507 370 examinemus
2552 305 2829 370 addita-

507 422 753 502 menta,
818 439 980 503 quae
1043 416 1335 482 Eudocia
1398 415 1543 480 sola
1604 413 1832 496 habet,
1895 413 1973 477 de
2038 413 2269 498 quibus
2332 413 2473 497 ipse
2544 413 2827 496 copiose

507 525 838 609 disputavi
884 523 1143 590 UnterS.
1196 546 1260 607 p.
1305 524 1390 588 38
1431 544 1563 606 seq.
1652 520 1936 587 Posthac
1994 519 2437 606 quaestionem
2494 523 2825 584 retracta-

507 635 742 697 verunt
777 630 968 696 Daub
1018 634 1084 695 et
1120 630 1327 696 Pulch
1365 630 1410 696 1.
1447 651 1496 696 c.
1573 627 1815 692 Taedet
1850 649 2021 692 nunc
2059 627 2277 692 omnia
2323 649 2666 712 recoquere
2726 663 2825 672 —

511 740 690 805 velut
717 733 884 803 κατὰ
913 739 1308 820 Λυσίμαχον
1338 736 1408 800 in
1433 735 1569 800 vita
1598 733 2007 820 Diogeniani,
2034 734 2111 799 de
2143 756 2268 818 quo
2299 735 2573 818 garrivit
2600 733 2826 800 Pulch

510 870 571 931 p.
611 846 695 912 83
748 881 850 928 —,
905 844 1017 909 sed
1064 844 1280 928 placet
1334 864 1659 926 apponere
1708 864 1819 908 eos
1876 842 2267 926 scriptorum
2321 842 2579 926 titulos,
2643 867 2827 928 quos

509 957 624 1018 aut
670 953 812 1018 sola
859 955 973 1016 aut
1013 950 1344 1015 uberiores
1389 949 1581 1016 nobis
1628 951 1924 1034 praestat
1969 970 2255 1033 quosque
2310 971 2458 1014 cum
2512 951 2581 1014 in
2628 951 2826 1014 dubi-

509 1061 828 1125 tationem
873 1080 1007 1124 non
1041 1057 1318 1122 vocandi
1356 1057 1512 1140 sint,
1558 1076 1675 1120 nec
1722 1054 1983 1120 finxisse
2029 1076 2147 1119 nec
2186 1077 2265 1120 ex
2308 1055 2513 1140 ipsius
2559 1057 2825 1122 littera-

509 1191 654 1238 rum
694 1165 967 1231 scientia
1005 1163 1344 1248 addidisse,
1382 1163 1493 1228 sed
1532 1185 1565 1227 e
1592 1162 1776 1228 fonte
1806 1183 1922 1226 suo
1962 1161 2313 1248 integriore
2344 1186 2489 1228 eam
2528 1163 2823 1248 descrip-

512 1275 678 1341 sisse
707 1272 1036 1339 concludo.
1074 1271 1155 1340 V.
1177 1271 1587 1348 Μένιππος
1618 1267 1734 1356 (sc.
1747 1265 2147 1357 Ἕρμιππος)
2177 1270 2319 1336 add.
2336 1266 2583 1353 Ὅφεις,
2611 1293 2824 1356 quam
2946 1265 2955 1272 ⁸

510 1381 804 1446 fabulam
849 1365 1330 1446 non'ficticiam
1377 1400 1517 1444 esse
1564 1377 1728 1444 vidit
1772 1377 2067 1442 Meineke
2096 1377 2127 1441 I
2168 1401 2229 1462 p.
2257 1379 2415 1462 4943
2462 1401 2518 1442 v.
2548 1375 2823 1443 Πολύ-

515 1491 740 1572 ζηλος
788 1487 929 1552 add.
959 1482 1209 1570 ’Ἀρεως
1245 1489 1471 1572 γοναί,
1519 1485 1691 1569 quod
1738 1505 1889 1550 casu
1927 1484 1995 1550 in
2039 1486 2279 1550 nostris
2324 1483 2559 1550 Suidae
2598 1507 2821 1550 exem-

515 1594 806 1682 plaribus
863 1593 1268 1659 intercidisse
1333 1592 1638 1676 opinatus
1703 1595 1805 1656 est
1860 1589 2079 1676 Daub3
2134 1614 2193 1657 v.
2240 1588 2606 1676 Μάξιμος
2670 1589 2822 1657 Τύ-

514 1725 688 1786 ριος
737 1701 878 1768 add.
923 1703 1021 1778 τίς
1069 1694 1104 1765 ὁ
1153 1694 1315 1777 θεὸς
1360 1695 1525 1764 κατὰ
1563 1695 1929 1780 Πλάτωνα,
1978 1698 2149 1783 quod
2195 1700 2570 1783 opusculum
2616 1698 2821 1765 hodie

519 1808 728 1874 adhuc
775 1809 995 1872 extare
1035 1828 1230 1871 nemo
1267 1807 1498 1890 nescit3
1546 1829 1601 1872 v,
1639 1801 2135 1882 Σαλούστιος
2171 1809 2377 1884 Μοψ.
2423 1806 2625 1870 habet
2661 1804 2821 1888 περὶ

511 1914 851 1998 πυρετῶν,
909 1910 1060 1996 περὶ
1105 1913 1512 1997 κατασκευῆς
1567 1914 1688 1978 τοῦ
1734 1906 2109 1996 ἀνθρώπου
2154 1909 2263 1976 καὶ
2310 1908 2479 1977 ἄλλα
2528 1909 2819 1998 ἰατρικά,

516 2043 680 2107 quae
729 2019 883 2105 quin
940 2018 1260 2084 medicum
1314 2018 1612 2104 inprimis
1669 2019 1939 2084 deceant
1982 2041 2175 2084 nemo
2230 2019 2512 2103 dubitet3
2568 2041 2626 2084 v.
2674 2025 2821 2084 Σι-

512 2124 834 2212 βύρτιος
890 2113 1036 2192 ad‘d.
1090 2123 1360 2209 μελέτας
1416 2149 1486 2190 τε
1540 2123 1650 2190 καὶ
1710 2121 2057 2202 ἐπιστολάς
2104 2125 2449 2191 admodum
2504 2128 2817 2212 probabi-

511 2236 687 2310 liter;
737 2256 794 2298 v.
840 2227 1310 2317 Πορφύριος
1361 2233 1601 2298 rectius
1642 2233 1909 2298 titulum
1946 2232 2211 2298 exhibet
2245 2228 2362 2311 τὰς
2398 2233 2821 2317 καλουμένας

515 2338 573 2408 ε’
636 2335 870 2425 φωνὰς
925 2332 993 2425 [ἢ
1049 2342 1226 2405 recte
1282 2340 1491 2425 suppl.
1549 2338 1765 2421 Daub]
1823 2340 1937 2423 τῆς
1991 2335 2485 2424 Ἀριστοτέλους
2538 2341 2821 2424 ’λογικῆς

513 2448 960 2532 πραγματείας
997 2443 1362 2530 μεθοδικὰς
1397 2442 1768 2529 εἰσαγωγάς
1806 2445 1937 2532 (est
1983 2447 2151 2510 enim
2199 2446 2431 2512 titulus
2482 2443 2817 2531 εἰσαγωγὴ

418 2587 422 2596 ’
516 2548 558 2638 ἢ
604 2552 756 2637 περὶ
801 2554 937 2618 τῶν
993 2551 1187 2618 πέντε
1233 2551 1549 2637 φωνῶν);
1606 2551 2072 2637 ν.·Πρόκλος
2127 2549 2326 2619 δεύτ.
2376 2554 2515 2620 add.
2563 2556 2817 2638 ἔγραψε

515 2656 680 2726 κατὰ
733 2655 1133 2743 Ἐπικούρου
1179 2655 1270 2742 δ’,
1324 2657 1474 2743 περὶ
1530 2661 1853 2742 προνοίας
1894 2657 2132 2745 ζβιβλία
2186 2656 2255 2742 β’
2314 2683 2477 2745 quae
2534 2661 2691 2725 olim
2750 2661 2821 2725 in

517 2765 754 2832 Suidae
803 2765 1276 2851 exemplaribus
1324 2765 1523 2830 fuisse
1542 2787 1702 2856 ‘non
1755 2766 1992 2851 probat
2035 2765 2223 2831 Daub
2274 2761 2470 2851 (πρὸς
2518 2761 2822 2831 Ἐπίκου-

379 2899 386 2906 ·
493 2896 644 2957 «ρον
675 2894 836 2956 opus
866 2872 1101 2936 maiori
1130 2871 1360 2937 Proclo
1390 2871 1563 2936 dedit
1594 2869 1881 2958 Suidas);
1909 2895 1967 2938 v.
1991 2869 2473 2958 Σαννυρίων
2504 2873 2644 2939 add.
2668 2867 2823 2938 Ἰνώ

519 2983 586 3046 et
626 2974 1192 3063 Σαρδανάπαλος,
1247 3001 1406 3064 quas
1459 2979 1824 3045 comoedias
1880 2980 2208 3046 erroribus
2255 2981 2823 3067 palaeographicis

524 3087 745 3152 deberi
775 3087 940 3150 mira
968 3085 1188 3151 iudicii
1215 3086 1646 3171 perversitate
1676 3085 2101 3171 Bernhardyo
2140 3086 2344 3152 credit
2378 3087 2583 3153 Pulch
2612 3112 2675 3172 p.
2704 3089 2823 3172 893

518 3188 1000 3276 ν.”Αψυρτος
1047 3193 1186 3258 add.
1233 3194 1406 3276 βιβλ.
1446 3187 1544 3276 ὃ’;
1594 3215 1647 3256 v.
1698 3187 2029 3277 Ῥοῦφος
2090 3193 2231 3258 add.
2289 3191 2440 3278 περὶ
2500 3196 2637 3260 τῶν
2692 3197 2821 3260 τοῦ

522 3296 892 3383 ἀνθρώπου
939 3303 1196 3384 μορίων
1236 3296 1395 3381 δύο,
1441 3296 1592 3382 περὶ
1632 3293 1850 3365 ὀστῶν
1890 3299 1996 3385 ἕν,
2046 3301 2214 3385 quod
2255 3305 2427 3366 certe
2466 3324 2613 3367 cum
2642 3305 2825 3367 extet

525 3408 661 3472 eius
709 3407 971 3472 libellus
1017 3404 1168 3490 περὶ
1215 3406 1469 3483 θέσεως
1520 3404 1629 3471 καὶ
1677 3399 2044 3490 ὀνομασίας
2090 3409 2245 3504 τῶν..
2271 3408 2393 3473 τοῦ
2438 3401 2823 3492 ἀνθρώπου

517 3517 776 3600 μορίων
825 3511 958 3601 (vel
999 3509 1358 3598 ὀνομασίαι
1394 3515 1533 3579 τῶν
1567 3508 1733 3578 κατὰ
1762 3509 2167 3604 ἄνθρωπον,
2215 3514 2423 3600 quode
2461 3515 2541 3579 cf.
2570 3515 2823 3601 Rome,

527 3623 606 3686 de
651 3621 818 3688 Poll.
854 3622 1018 3688 font.
1055 3644 1116 3705 p.
1153 3621 1240 3684 90
1279 3619 1460 3704 Add.‚
1495 3619 1708 3705 Diels,
1746 3618 2029 3706 Doxogr.
2065 3645 2127 3706 p.
2164 3617 2344 3708 208),
2388 3643 2507 3687 nec
2546 3623 2821 3688 mentita

544 3732 644 3793 est
679 3749 885 3812 neque
925 3749 958 3792 e
999 3727 1133 3791 suis
1172 3726 1496 3792 thesauris
1527 3725 1759 3790 addere
1793 3730 2080 3812 poterat3
2127 3727 2387 3793 cuinam
2426 3729 2597 3794 enim
2626 3728 2819 3794 Daub

523 3834 602 3900 de
631 3835 803 3900 Viol.
839 3857 900 3918 p.
933 3835 1018 3899 10
1057 3831 1502 3916 persuadebit,
1548 3831 1873 3898 Eudociae
1920 3834 1989 3898 in
2034 3834 2426 3900 medicorum
2472 3835 2627 3902 vitis
2664 3836 2818 3900 'ube-

518 3942 724 4006 riores
771 3941 984 4006 fontes
1030 3941 1293 4026 praesto
1338 3940 1567 4024 fuisse,
1614 3961 1757 4004 cum
1804 3941 2072 4007 eandem
2109 3942 2391 4008 medicos
2430 3942 2574 4026 plus
2614 3966 2818 4028 aequo

519 4135 798 4202 tinentur,
835 4135 895 4189 in
927 4152 1127 4189 manus
1156 4134 1326 4204 venit,
1363 4134 1678 4190 luculenter
1704 4135 2049 4204 patefactum
2088 4137 2187 4191 est.
2244 4093 2460 4205 Nempe
2498 4136 2558 4190 et
2584 4137 2816 4191 Iacobus

519 4214 744 4283 Billius,
783 4214 880 4283 qui
908 4214 1083 4270 latine
1113 4231 1208 4270 eos
1236 4215 1436 4284 vertit,
1473 4215 1534 4270 et
1558 4213 1807 4269 Eudocia
1834 4215 2065 4270 meliore
2095 4232 2161 4270 ac
2196 4216 2561 4286 locupletiore
2589 4217 2817 4272 uteban-

517 4296 613 4348 tur
648 4292 834 4346 Nonni
880 4293 1214 4363 exemplari,
1251 4311 1419 4362 quam
1456 4311 1601 4362 quae
1640 4294 1699 4351 in
1736 4293 2077 4350 editionibus
2114 4295 2319 4350 nostris
2358 4295 2639 4366 descripta
2674 4299 2813 4352 sunt.

2953 0 2985 486 l
