3025 4892
549 206 579 267 1
591 207 676 269 98
1475 204 1905 259 HESYCHIUS.

721 366 1156 433 DCCXXXV.
1232 370 1704 451 Σιμωνίδης
1750 364 2129 450 Καρύστιος
2174 360 2642 452 ἢἘρετριεύς,
2686 366 2807 432 ἐπο-

545 472 752 551 ποιός.
853 470 978 557 τὴν
1042 476 1137 550 εἰς
1198 469 1459 538 Αὐλίδα
1530 470 1827 539 σύνοδον
1896 475 2031 539 τῶν
2087 468 2407 559 Ἀχαιῶν,
2473 473 2811 559 τριμέτρων

549 582 776 665 βιβλία
820 576 915 663 β’,
962 578 1111 665 περὶ
1155 576 1548 664 Ἰφιγενείας
1593 580 1685 645 ἕν.

725 702 1196 769 DCCXXXVI.
1287 704 1751 787 Σιμωνίδης
1806 707 2071 789 Κρίνεω
2124 699 2545 790 Ἀμοργῖνος,
2611 708 2813 789 ἰαμβο-

495 830 519 870 5
549 806 824 909 γροάφος.
907 812 1198 893 ἔγραψεν
1235 810 1533 892 ἐλεγείαν
1572 810 1645 876 ἐν
1681 814 1969 895 βιβλίοις
2002 798 2113 896 β’,
2147 808 2446 896 ἰάμβους.
2518 802 2604 896 ἦν
2644 809 2712 876 δὲ
2750 806 2812 874 τὸ

551 916 618 995 ἐξ
664 913 870 1002 ἀρχῆς
906 915 1196 999 Σάμιος,
1255 917 1328 983 ἐν
1389 914 1464 983 δὲ
1508 918 1599 1006 τῷ
1647 913 2017 1005 ἆποικισμῷ
2064 920 2182 1001 τῆς
2227 914 2557 1002 Ἀμοργοῦ
2603 914 2813 999 ἐστάλη

549 1020 661 1087 καὶ
716 1018 917 1100 αὐτὸς
969 1019 1239 1109 ἡγεμὼν
1292 1020 1422 1089 ὑπὸ
1475 1026 1779 1107 Σαμίων.
1862 1026 2072 1090 ἔκτισε
2121 1021 2195 1089 δὲ
2251 1026 2345 1100 εἰς
2392 1019 2711 1107 Ἀμοργὸν
2760 1021 2816 1105 γ’

550 1125 804 1210 πόλεις,
851 1131 1174 1212 Μίνωαν,
1221 1125 1584 1213 Αἰγιάλην,
1627 1123 2029 1215 Ἀρκεσίνην.
2111 1130 2347 1214 γε’γονε
2394 1127 2470 1196 δὲ
2524 1126 2679 1214 μετὰ
2722 1127 2815 1205 vc'

555 1236 665 1318 ἔτη
704 1236 841 1300 τῶν
885 1238 1202 1317 Τρωικῶν
1239 1236 1349 1301 καὶ
1387 1238 1636 1320 ἔγραψε
1677 1236 1844 1301 κατά
1878 1261 2067 1314 τινας
2110 1238 2372 1321 πρῶτος
2417 1234 2691 1320 ἰάμβους
2723 1234 2818 1300 καὶ

478 1360 526 1399 10
555 1336 727 1407 ἄλλα
785 1336 1114 1426 διάφορα,
1163 1337 1641 1427 ἀρχαιολογίαν
1686 1364 1757 1407 τε
1802 1342 1938 1407 τῶν
1986 1345 2285 1426 Σαμίων.

736 1463 1238 1530 DOCXXXVII.
1333 1469 1703 1551 Σιρίκιος
1761 1469 2182 1550 Νεαπολίτης
2245 1465 2335 1531 ἐκ·
2374 1469 2822 1549 Παλαιστίνης,

559 1568 909 1655 σοφιστής,
974 1566 1278 1656 μαθητὴς
1327 1566 1818 1655 Ἀνδρομάχου,
1877 1567 2329 1654 ,σοφιστεύσας
2389 1568 2638 1655 χρόνον
2690 1568 2822 1635 τινὰ

557 1673 722 1743 κατὰ
769 1673 885 1754 τὰς
925 1672 1234 1761 Ἀθήνας.
1324 1674 1897 1761 προγυμνάσματα
1942 1676 2051 1741 καὶ
2097 1678 2384 1763 μελέτας.

739 1800 1277 1868 DOOXXXVIII.
1353 1798 1698 1885 Σκάμων
1748 1796 1991 1885 [ὄνομα
2028 1799 2293 1887 κύριον]
2328 1852 2375 1868 ..
2407 1852 2422 1867 .

486 1946 535 1984 1⁵
741 1924 1205 1992 DCGXXXIX.
1299 1930 1365 1989 Σ
1381 1948 1419 1988 κ
1441 1948 1476 1988 ο
1497 1945 1544 1988 π
1566 1948 1595 1988 ε
1618 1930 1654 1988 λ
1678 1949 1700 1988 ι
1722 1950 1761 1989 α
1783 1950 1824 1989 ν
1846 1920 1881 1990 ὸ
1908 1950 1940 2002 ς
2000 1924 2448 2009 Κλαζομένιος
2509 1923 2830 2011 σοφιστής,

560 2028 852 2117 γεγονὼς
906 2031 1010 2097 ἐπὶ
1068 2030 1330 2116 Νέρβα,
1393 2027 1839 2115 σοφιστεύσας
1896 2030 1970 2096 ἐν
2016 2029 2334 2117 Σμύρνῃ,
2400 2028 2719 2117 ἀκροατὴς
2765 2030 2832 2096 δὲ

705 2225 1054 2280 DCCXXXV
1101 2225 1253 2279 Eud.
1293 2242 1347 2294 p.
1383 2228 1504 2279 644.
1580 2223 1663 2277 De
1708 2222 1817 2278 hoc
1863 2224 1921 2277 et
1966 2224 2322 2281 antecedenti
2364 2227 2537 2293 poeta
2577 2225 2643 2280 cf.
2680 2223 2834 2279 etiam

563 2305 824 2373 Diintzer,
863 2306 964 2375 Ep.
1004 2307 1069 2361 fr.
1109 2306 1159 2358 II
1194 2322 1249 2373 p.
1281 2310 1348 2359 ’16
1493 2310 1525 2357 2
1566 2304 1804 2357 Carmen
1839 2302 1971 2372 περὶ
2003 2299 2103 2372 Ἰφ.
2140 2321 2252 2360 non
2292 2304 2574 2359 diversum
2612 2304 2770 2358 fuisse
2804 2322 2835 2357 a

563 2387 774 2456 synodo
811 2386 1164 2441 Achaeorum
1203 2383 1517 2454 suspicatus
1556 2385 1643 2437 est
1679 2383 2011 2454 Bernhardy

704 2474 1080 2530 DCCXXXVI
1109 2474 1190 2529 Cf.
1213 2474 1401 2541 Steph.
1424 2472 1551 2541 Byz.
1574 2492 1624 2527 v.
1646 2466 1914 2541 Ἀμοργός.
1946 2473 2087 2527 Eud
2108 2473 2213 2526 1.ο.
2239 2490 2383 2542 quae
2405 2492 2533 2528 cum
2553 2473 2707 2528 libris
2728 2472 2836 2527 Sui-

564 2556 668 2609 dae
707 2555 882 2609 talem
909 2556 1090 2609 vitam
1120 2552 1443 2621 descripsit.
1483 2551 1582 2606 καὶ
1612 2547 1793 2623 αλλος,
1830 2556 1951 2622 Κρ.,
1986 2548 2087 2621 Ἀμ.
2119 2551 2271 2623 ἰαμβ.
2314 2551 2564 2622 ἔγραψεν
2604 2549 2837 2623 ἐλεγείαν

566 2630 809 2729 (ἐλεγεῖα
838 2634 1012 2703 Eud.)
1052 2629 1114 2689 ἐν
1155 2633 1387 2702 βιβλίοις
1416 2626 1492 2703 β’,
1535 2628 1774 2704 ἰάμβους
1800 2632 2017 2700 πρῶτος
2055 2626 2226 2693 αὐτὸς
2262 2628 2407 2686 κατά
2438 2652 2611 2695 τινας.
2657 2631 2836 2702 γέγονε

565 2710 705 2783 μετὰ
743 2710 794 2766 v'
835 2713 932 2767 καὶ
971 2710 1022 2783 Q'
1064 2708 1139 2779 (ς’
1172 2712 1346 2779 Eud.)
1396 2708 1490 2780 ἔτη
1530 2712 1641 2765 τῶν
1693 2712 1975 2780 Τρωικῶν.
2052 2712 2205 2778 Quae
2254 2712 2443 2767 omnia
2488 2713 2839 2783 expungenda

567 2794 785 2849 censuit
827 2794 1215 2848 Schneidewin.
1265 2791 1422 2846 Stud.
1471 2794 1586 2846 ant.
1630 2798 1765 2846 1836
1807 2809 1862 2860 p.
1901 2797 2022 2846 366.
2090 2792 2200 2846 Sed
2246 2792 2465 2861 πρῶτος
2516 2788 2691 2855 αὐτὸς
2738 2810 2837 2859 seq.

567 2873 852 2942 adscripta
879 2874 1028 2942 sunt,
1066 2872 1365 2940 postquam
1395 2871 1567 2926 verba
1595 2871 1727 2925 olim
1758 2874 1951 2925 secuta
1978 2862 2049 2939 ἦν
2078 2868 2141 2925 δὲ
2168 2902 2234 2910 -
2266 2871 2397 2927 exit.
2426 2871 2485 2926 in
2512 2872 2689 2927 vitam
2718 2875 2841 2939 Σιμ-

570 2954 700 3023 μίας
736 2952 1076 3021 irrepserunt
1212 2958 1243 3005 6
1283 2947 1524 3020 Σάμιοςε
1562 2950 1848 3019 conspirat
1881 2951 2045 3005 Phot.
2084 2951 2217 3006 bibl.
2258 2970 2313 3021 p.
2344 2958 2445 3007 319
2576 2960 2607 3007 7
2648 2953 2723 3007 sic
2757 2957 2840 3003 BE
2911 2968 2915 2973 ·

567 3028 683 3087 άπὸ
721 3034 793 3088 Σ.
830 3034 976 3102 vulq.
1095 3029 1159 3086 δὲ
1194 3026 1455 3101 Ἀμοργὸν
1503 3028 1586 3092 εἰς
1629 3030 1786 3098 libri,
1824 3047 1978 3085 corin·
2000 3030 2199 3098 Daub,
2245 3031 2335 3085 cui
2382 3030 2555 3086 etiam
2592 3029 2842 3100 Αἰγιάλην

567 3129 669 3182 pro
696 3109 963 3181 Αἰγιαλόν
992 3112 1228 3166 debetur
1330 3104 1647 3179 Ἀρκεσίμην
1685 3110 1843 3179 libri,
1882 3127 2019 3165 corr.
2053 3111 2294 3165 Welclcer
2329 3111 2456 3168 coll.
2498 3112 2690 3181 Steph.
2725 3111 2843 3179 Byz.

570 3211 620 3246 v.
645 3186 779 3261 Ἀρκ.
889 3196 922 3244 8
953 3191 1050 3245 καὶ
1081 3186 1280 3253 αὖτόςε
1311 3187 1616 3259 σύγχρονος
1639 3184 1949 3259 Ἀρχιλόχου
1980 3189 2263 3259 supplevit
2292 3190 2615 3260 Volkmann,
2644 3192 2841 3260 quaest.

569 3288 695 3326 nov.
717 3290 770 3340 p.
793 3271 886 3336 IV,
924 3270 1104 3339 quode
1135 3270 1440 3341 cfflohde,
1467 3268 1609 3323 Mus.
1628 3269 1806 3323 Rhen.
1826 3270 2060 3324 XXXIII
2087 3289 2140 3340 p.
2166 3276 2268 3324 194
2288 3272 2421 3339 not„
2455 3271 2554 3339 qui
2579 3270 2657 3327 ib.
2678 3290 2732 3340 p.
2755 3274 2844 3323 198

570 3367 639 3406 ex
665 3349 828 3404 Dion.
861 3350 984 3403 Hal.
1015 3353 1315 3417 Χρονικοῖς
1344 3349 1412 3403 de
1441 3350 1632 3403 aetate
1662 3347 1964 3404 Simonidis
1994 3351 2052 3403 et
2079 3350 2401 3404 Archilochi
2426 3349 2697 3405 iudicium
2724 3366 2846 3419 pen-

571 3430 703 3483 dere
741 3428 1055 3499 suspicatus
1094 3430 1181 3483 est
1315 3425 1479 3499 vq‘E
1507 3425 1604 3485 υς’
1633 3430 1778 3498 vulq.
1938 3436 1970 3485 9
2009 3430 2107 3485 καὶ
2147 3429 2258 3499 ἔγρ.
2287 3437 2332 3482 V
2370 3430 2469 3484 καὶ
2506 3449 2613 3487 om.
2642 3431 2783 3498 vuly.

576 3516 640 3564 10
670 3506 791 3579 άρχ.
813 3512 1048 3579 Σαμίων
1079 3526 1301 3563 carmen
1331 3508 1645 3575 elegiacum
1672 3508 1843 3563 fuisse
1870 3526 1973 3563 nec
1994 3509 2273 3563 diversum
2292 3511 2365 3565 ab
2387 3505 2607 3580 ἐλεγεῖα
2638 3511 2775 3580 βιβλ.
2795 3502 2845 3578 β’

571 3589 717 3645 vidit
764 3589 1027 3656 Welcker3
1075 3589 1172 3642 sed
1217 3589 1356 3643 haec
1394 3590 1471 3643 sic
1511 3590 1727 3642 mutare
1773 3590 1992 3644 mavult
2025 3591 2232 3659 Rev-970,
2280 3590 2437 3648 Poet.
2483 3590 2587 3660 lyr.
2634 3608 2690 3659 p.
2732 3592 2848 3643 734:

574 3670 823 3739 ἔγραψεν
862 3665 1107 3737 ἐλεγεῖα,
1146 3664 1387 3742 ἰάμβους
1427 3666 1488 3723 ἐν
1531 3669 1762 3741 βιβλίοις
1792 3664 1867 3737 β’.
1927 3667 2184 3723 Ceterum
2223 3670 2525 3738 genuinum
2563 3669 2845 3723 verborum

573 3751 823 3804 ordinem
861 3749 1134 3803 violatum
1171 3764 1292 3802 esse
1329 3750 1516 3817 patet,
1556 3766 1681 3803 cum
1719 3746 1816 3801 καὶ
1854 3744 1993 3801 ἄλλα
2025 3745 2277 3817 διάφορα
2308 3768 2348 3803 e.
2379 3749 2471 3803 fin.
2500 3748 2676 3803 totius
2713 3748 2850 3802 vitae

571 3827 830 3883 addenda
863 3827 1074 3882 fuerint

714 3914 1116 3971 DCCXXXVII
1153 3915 1304 3972 Eud.
1344 3934 1396 3985 Ρ.
1428 3921 1548 3971 641.
1698 3920 1760 3968 12
1800 3910 1983 3986 ῤ’ἡτωρ
2021 3917 2119 3970 καὶ
2155 3911 2425 3985 σοφιστής
2461 3916 2612 3971 Eud.
2690 3918 2767 3971 cf.
2804 3935 2848 3969 v.

567 3991 960 4067 Ἀνδρόμαχος,
999 4011 1165 4063 quem
1205 3994 1555 4049 Diocletiano
1595 4010 1895 4065 supparem
1930 3994 2107 4050 fuisse
2143 3996 2352 4051 Suidas
2390 3996 2628 4051 tradidit

576 4082 639 4130 13
677 4074 912 4147 μελέτας
949 4069 1054 4130 οὐκ
1093 4071 1285 4143 ὀλίγας
1320 4074 1472 4128 Eud.

713 4162 1140 4218 DCCXXXVIII
1182 4161 1261 4219 Cf.
1301 4181 1350 4217 v.
1389 4159 1649 4219 Σάνδων.
1726 4162 1838 4217 Sed
1881 4163 2229 4232 probabilius
2266 4165 2564 4235 Mitylenei
2608 4162 2851 4221 historici

575 4241 710 4297 olim
746 4242 867 4299 vita
904 4244 1159 4309 extabat,
1197 4241 1352 4297 cuius
1388 4241 1648 4296 meminit
1685 4244 1857 4296 etiam
1894 4243 2103 4300 Suidas
2137 4265 2191 4302 v.
2232 4243 2526 4315 φοινικήϊα
2563 4266 2649 4315 γρ.

717 4329 1089 4385 DCCXXXIX
1128 4330 1279 4387 Eud.
1316 4350 1369 4400 p.
1403 4336 1522 4385 641.
1600 4330 1680 4386 Cf.
1720 4330 2044 4386 Philostrat.
2086 4334 2197 4389 Vit.
2238 4335 2279 4401 Ι,
2318 4338 2383 4387 21
