3025 4892
1123 223 1551 280 nEsYcfflUs
2064 293 2071 300 .
2396 226 2479 288 13

184 407 322 450 που
363 388 480 450 τοῦ
519 377 942 470 Μακεδόνος,
991 383 1358 471 ὀλυμπιάδι
1396 383 1519 471 ρη’.
1607 387 1853 471 ἔγραψε
1890 383 1965 451 δὲ
2013 383 2314 471 δράματα
2362 383 2479 468 ξε’,

184 490 442 576 ἐνίκησε
490 489 566 558 δὲ
611 490 686 558 ι’.
746 492 858 559 καὶ
904 494 1162 577 πρῶτος
1209 481 1406 572 οὗτος
1451 495 1697 578 ἔρωτας
1742 490 1853 558 καὶ
1898 489 2261 578 παρθένων
2302 499 2479 576 φθο-

183 593 310 680 ρὰς
350 596 718 684 εἰσήγαγεν.

363 705 595 772 XLIV.
665 701 1078 785 Ἀναξίλας
1121 701 1411 790 κωμικὸς
1453 703 1774 790 ποιητής.
2314 741 2319 750 -

359 811 554 878 XLV.
621 807 1253 898 Ἀναξίμανδρος
1286 807 1818 899 Ἀναξιμάνδρου
1848 755 2213 898 Μιλήσιος,
2250 807 2287 878 ὁ
2317 835 2477 878 νεω

183 940 386 1002 τερος,
449 916 799 1005 ἱστορικός.
888 919 1124 1004 γέγονε
1181 916 1256 986 δὲ
1311 943 1476 986 κατα
1524 914 1685 998 τοὺς
1722 915 2151 1006 Ἀρταξέρξου
2194 915 2481 1004 χρόνους

186 1023 310 1088 τοῦ
359 1023 734 1109 Μνήμονρς
787 1025 1172 1110 κληθέντος.
1269 1028 1512 1112 ἔγραψε
1570 1022 1931 1110 συμβόλων
1980 1029 2479 1111 Πυθαγορείων

189 1124 528 1214 ἐξήγησιν,
585 1123 734 1198 οἶόν
781 1131 920 1198 έστι
976 1129 1052 1199 τὸ
1107 1128 1310 1217 ζυγὸν
1355 1129 1446 1217 μὴ
1493 1127 1955 1218 ὑπερβαίνειν,
2010 1136 2299 1220 μαχαίρᾳ
2344 1135 2478 1217 πῦρ

185 1231 274 1320 μὴ
317 1237 682 1321 σκαλεύειν,
718 1234 851 1304 ἀπὸ
894 1233 1270 1323 ὁλοκλήρου
1305 1234 1517 1323 ἄρτου
1553 1236 1641 1323 μὴ
1682 1238 1961 1321 ἐσθίειν,
1998 1238 2109 1305 καὶ
2145 1236 2225 1304 τὰ
2262 1235 2479 1306 λοιπά.

358 1343 522 1409 XLV
535 1345 586 1411 I.
645 1341 1261 1430 Ἀναξίμανδρος
1291 1342 1689 1430 Πραξιάδου
1718 1343 2053 1431 Μιλήσιος
2080 1344 2479 1432 φιλόσοφος,
2510 1367 2563 1406 1⁰

189 1446 508 1536 συγγενὴς
571 1450 684 1518 καὶ
745 1447 1050 1536 μαθητὴς
1103 1449 1214 1518 καὶ
1270 1449 1590 1537 διάδοχος
1644 1449 1958 1537 Θάλητος.
2065 1455 2351 1537 [πρῶτος
2405 1451 2479 1518 δὲ

185 1557 528 1642 ἰσημερίαν
585 1547 740 1643 εὗρε
793 1556 904 1623 καὶ
961 1553 1210 1646 τροπὰς
1266 1557 1378 1625 καὶ
1441 1554 1840 1645 ὦρολογεῑα,
1896 1558 2005 1624 καὶ
2062 1556 2187 1643 τὴν
2230 1561 2359 1643 γῆν
2406 1560 2479 1626 έν

188 1661 551 1753 μεσαιτάτῳ
608 1671 894 1732 κεῖσθαι.
983 1663 1304 1750 γνώμονά
1360 1689 1430 1732 τε
1477 1663 1817 1750 εἰσήγαγε,
1864 1664 1973 1730 καὶ
2023 1659 2195 1744 ὅλως
2237 1689 2480 1750 γεωμε-

186 1773 370 1854 τριάς
420 1767 854 1840 ὑποτύπωσιν
913 1773 1207 1854 ἔδειξεν].
1301 1775 1548 1857 ἔγραψε
1606 1770 1755 1854 περὶ
1802 1769 2089 1856 φύσεως,
2134 1772 2255 1856 γῆς
2299 1776 2478 1856 περί-

188 1877 380 1962 οδον,
424 1877 534 1943 καὶ
581 1878 731 1964 περὶ
776 1879 913 1946 τῶν
960 1873 1312 1964 ἀπλανῶν,
1358 1877 1469 1944 καὶ
1519 1890 1846 1964 σφαῖραν,
1892 1877 2001 1943 καὶ
2047 1874 2217 1946 ἄλλα
2261 1876 2432 1944 τινά.
2508 1899 2558 1938 15

358 1983 622 2052 XLVII.
673 1981 1186 2071 Ἀναξιμένης
1217 1980 1713 2070 Ἀριστοκλέους
1752 1981 2207 2070 Λαμψακηνὸς
2238 1983 2482 2071 ῥήτωρ,

190 2087 489 2176 μαθητὴς
527 2094 908 2176 Διογένους
951 2093 1072 2159 τοῦ
1112 2087 1344 2168 Κυνὸς
1388 2090 1498 2157 καὶ
1540 2095 1807 2158 Ζωίλου
1850 2094 1973 2158 τοῦ
2005 2088 2482 2177 Ἀμφιπολίτου

189 2199 646 2284 γραμματικοῦ
692 2200 814 2265 τοῦ
859 2202 1240 2280 κακίζοντος
1259 2193 1591 2284 Ὅμηρον,
1641 2194 2042 2276 διδάσκαλος
2080 2195 2155 2264 δὲ
2186 2194 2480 2278 Ἀλεξάν-

190 2304 362 2386 δρου
403 2307 527 2371 τοῦ
573 2302 992 2384 Μακεδόνος.
1083 2306 1298 2372 εἵπετο
1349 2301 1424 2370 δὲ
1469 2300 1649 2393 αὐτῷ
1698 2303 1771 2370 έν
1816 2316 1955 2382 τοῖς
1998 2304 2329 2389 πολέμοις.

359 2409 655 2477 XLVIII.
725 2406 1240 2496 Ἀναξιμένης
1287 2405 1770 2495 Εὐρυστράτου
1820 2409 2157 2496 Μιλήσιος
2204 2409 2471 2495 φιλόσο·
2506 2433 2561 2471 20

185 2540 329 2598 φος,
357 2513 662 2603 μαθητὴς
688 2517 800 2583 καὶ
829 2514 1148 2604 διάδοχος
1181 2513 1717 2604 Ἀναξιμάνδρου
1746 2519 1869 2583 τοῦ
1902 2521 2271 2604 Μιλησίου,
2308 2519 2379 2584 οἰ
2405 2515 2479 2584 δὲ

184 2621 294 2687 καὶ
338 2628 775 2710 Παρμενίδου
821 2629 1097 2709 ἔφασαν.
1187 2624 1467 2709 γέγονεν
1516 2624 1591 2692 ἐν
1652 2626 1735 2711 τῇ
1790 2621 1897 2690 νε’
1947 2619 2311 2710 ὀλυμπιάδι
2326 2675 2345 2708 ,
2405 2626 2479 2692 έν

184 2731 259 2814 τῇ
311 2727 636 2816 Σάρδεων
683 2727 951 2815 ἁλώσει,
999 2727 1107 2797 ὅτε
1159 2733 1390 2817 Κῦρος
1427 2725 1462 2796 ὁ
1503 2732 1771 2817 Πέρσης
1808 2734 2109 2816 Κροῖσον
2146 2738 2479 2800 καθεῖλεν.

325 2931 352 2978 1
411 2921 720 2996 ὀλυμπιάδι
769 2957 836 2964 -
883 2920 1248 2994 Κολοφώνιος
1294 2940 1403 2979 om.
1442 2925 1595 2980 Eud.
1778 2921 1865 2994 ρη’
1914 2942 2053 2982 corr.
2095 2925 2346 2980 Meineke
2392 2922 2477 2994 ρα’

183 3006 322 3074 vulq.
435 3003 648 3076 ἔγραψε
689 3003 949 3077 δράματα
978 3005 1128 3061 Eud.
1264 3011 1296 3060 2
1338 3001 1562 3074 ἐνίκησε
1602 3002 1667 3059 δὲ
1709 3022 1817 3060 om.
1854 3005 2006 3061 Eud.
2046 3003 2110 3060 δὲ
2151 3006 2331 3060 solum
2371 2997 2491 3062 oms

187 3088 332 3140 ABE
479 3083 542 3140 δὲ
583 3103 688 3142 om.
728 3091 774 3140 A
918 3081 949 3140 ὁ
988 3087 1310 3156 παμμίαρος
1346 3088 1476 3154 post
1513 3082 1743 3154 φθοράς
1779 3085 1904 3139 add.
1944 3086 2093 3140 Eud.

321 3165 500 3220 XLIV
538 3184 644 3222 om.
683 3165 955 3221 Westerm.
1025 3163 1105 3218 cf.
1145 3164 1346 3218 Athen.
1385 3165 1438 3218 ΙΙ
1473 3183 1528 3234 p.
1569 3171 1636 3218 63
1677 3165 1749 3222 al.
1802 3167 2049 3222 Meineke
2084 3165 2110 3218 Ι
2147 3183 2200 3234 p.
2230 3171 2335 3220 406
2366 3183 2477 3234 seq.

325 3243 477 3297 XLV
514 3245 666 3302 Eud.
704 3263 756 3315 p.
795 3250 881 3302 84.
947 3242 1028 3300 cf.
1067 3243 1229 3314 Diog.
1267 3243 1337 3308 ΙΙ,
1371 3249 1423 3297 2.
1499 3243 1731 3300 Tractat
1766 3245 1971 3300 Mt‘iller
2009 3245 2059 3300 II
2097 3263 2151 3315 p.
2192 3251 2259 3299 67

189 3329 217 3374 6
253 3324 449 3394 γέγονε
482 3356 548 3365 -
579 3323 888 3394 κληθέντος
925 3328 984 3380 et
1020 3322 1142 3380 οἷον
1172 3355 1238 3364 -
1269 3323 1400 3378 exit.
1432 3340 1539 3378 om.
1572 3323 1723 3378 Eud.
1793 3325 1873 3379 cf.
1907 3325 2132 3380 Glinton
2166 3343 2220 3395 p.
2250 3333 2357 3380 384
2386 3327 2478 3380 Kr.

192 3408 218 3454 ‘1
253 3401 563 3475 Ἀμείνονος
599 3409 707 3458 ΛΠ
744 3400 1028 3476 άμῦνονος
1065 3419 1203 3458 corr.
1243 3403 1325 3458 ed.
1357 3407 1476 3459 Bas.
1542 3402 1623 3457 Cf.
1661 3423 1713 3458 v.
1754 3408 2027 3475 Κτησίας,
2065 3407 2359 3474 Μηλησίου
2398 3411 2444 3460 A

318 3483 498 3538 XLVI
539 3484 756 3542 Gedren.
797 3486 823 3539 Ι
859 3504 914 3556 p.
953 3491 1073 3541 276.
1142 3485 1225 3538 Ex
1255 3482 1523 3552 Hesychii
1561 3487 1620 3540 et
1655 3485 1891 3554 Diogen.
1930 3487 2000 3552 11,
2041 3493 2065 3539 1
2106 3487 2209 3554 (11,
2249 3488 2300 3555 1)
2345 3487 2481 3541 vitis

189 3580 278 3618 sua
314 3564 614 3634 descripsit
640 3565 792 3621 Eud.
833 3584 888 3636 p.
920 3571 989 3620 94
1101 3570 1164 3619 11
1202 3564 1421 3632 πρῶτος
1455 3595 1525 3604 -
1565 3563 1781 3631 ἔδειξεν
1820 3565 2105 3621 addidisse
2144 3565 2374 3620 Suidam
2414 3582 2481 3620 ex

189 3640 342 3714 Diog.
381 3643 462 3710 ΙΙ,
504 3650 531 3696 1
573 3644 689 3698 dixi
728 3645 868 3700 Mus.
909 3646 1088 3701 Rhen.
1128 3643 1333 3698 XXXV
1361 3661 1413 3712 p.
1448 3649 1553 3698 203
1680 3651 1745 3699 13
1784 3639 2007 3715 μεσάτω
2046 3647 2107 3699 at
2143 3665 2204 3698 αι
2242 3661 2388 3699 man.
2430 3645 2481 3697 II

193 3741 460 3795 suprascr.
499 3729 545 3778 A
688 3725 786 3780 καὶ
823 3726 1016 3796 accepi
1054 3743 1120 3780 ex
1158 3729 1307 3778 An:

319 3803 525 3857 XLVII
561 3803 712 3860 Eud.
751 3823 806 3874 p.
847 3811 930 3862 88.
997 3803 1079 3859 Cf.
1119 3823 1168 3860 v.
1215 3800 1499 3874 Τιμόλαυς
1536 3809 1676 3872 Ααρ.
1714 3807 1773 3860 et
1810 3803 1975 3873 Diog.
2013 3804 2081 3872 II,
2126 3812 2173 3859 3.
2249 3805 2483 3860 Tractat

188 3882 404 3953 Mfiller,
443 3883 644 3954 Script.
683 3885 842 3940 Alex.
880 3903 934 3954 p.
975 3891 1060 3952 33,
1100 3886 1196 3954 qui
1233 3885 1474 3940 alterum
1511 3883 1956 3955 Lampsacenum
2004 3887 2267 3955 nepotem
2305 3884 2481 3938 nostri

190 3981 248 4018 ex
284 3982 502 4034 sorore,
541 3966 615 4020 ab
651 3966 758 4020 hoc
797 3966 1252 4036 distinguendum
1290 3981 1411 4022 esse
1447 3966 1601 4018 recte
1639 3967 1858 4020 monuit
1969 3971 2034 4019 17
2071 3965 2171 4020 τοῦ
2210 3985 2296 4034 γρ.
2332 3965 2477 4033 vulq.

189 4045 280 4099 τοῦ
321 4061 429 4100 om.
469 4050 620 4099 ABE
777 4051 840 4100 19
879 4046 980 4100 τοῦ
1019 4049 1174 4100 Mau.
1208 4040 1304 4101 Ἅι.
1343 4050 1389 4099 Δ
1544 4045 1735 4099 εἵπετο
1770 4063 1884 4112 seq.
1924 4061 2031 4100 om.
2070 4045 2223 4099 Eud.
2264 4044 2335 4098 ad
2373 4044 2480 4098 He-

192 4125 360 4192 sychii
395 4124 570 4179 vitam
611 4125 812 4180 Suidas
851 4125 1106 4180 adiunxit
1141 4126 1377 4182 Pausan.
1417 4124 1527 4193 VI,
1569 4130 1635 4178 18

323 4203 556 4258 XLVIII
602 4205 754 4260 Eud.
799 4224 854 4275 p.
893 4211 988 4272 94,
1035 4223 1177 4272 quae
1222 4206 1494 4261 nonnulla
1540 4223 1675 4272 om.‚
1722 4205 1837 4260 alia
1883 4223 1949 4260 ex
1984 4205 2145 4276 Diog.
2184 4204 2261 4274 ΙΙ,
2299 4211 2330 4258 2
2381 4205 2478 4260 ad—

192 4283 408 4354 scripsit
535 4289 604 4337 20
643 4279 1029 4354 Εὗριστράτου
1067 4289 1162 4338 AB
1305 4293 1371 4341 21
1415 4283 1474 4340 οἷ
1505 4282 1573 4338 δέ
1612 4302 1725 4352 seq.
1764 4287 2001 4338 fortasse
2040 4303 2106 4339 ex
2145 4285 2307 4356 Diog.
2346 4285 2417 4354 II,
2448 4293 2479 4341 2

192 4367 442 4432 excerpta
587 4369 654 4416 22
691 4361 771 4418 vs'
811 4366 1002 4419 tuetur
1035 4365 1248 4430 Βοὴάε,
1286 4367 1426 4421 Mus.
1466 4367 1643 4419 Rhen.
1674 4364 1907 4418 XXXIII
1947 4383 2000 4433 p.
2029 4372 2163 4436 206,
2203 4368 2297 4434 qui
2335 4367 2481 4420 hanc

2114 4651 2659 4794 ω

2107 4801 2649 4863 ’ΰΝ1”“Γ].-ὶὲ
