3025 4892
1178 175 1605 235 HESYCHHJS.
2404 187 2533 253 183

389 334 896 405 DCLXXVHI.
961 340 1486 426 Πρωτογένης
1534 341 1900 429 ζωγράφος,
1945 343 2246 426 Ξάνθιος
2294 350 2364 415 ἐκ
2401 356 2535 418 Λυ-

197 443 382 525 κίας,
453 438 494 511 ὅ
565 440 733 511 κατὰ
788 442 912 531 τὴν
969 442 1305 533 γραφικὴν
1363 447 1721 535 διαβόητος
1777 453 2169 540 ἐπιστήμην,
2226 451 2261 522 ὁ
2323 453 2397 523 τὸ
2457 460 2531 532 ἐν

187 542 410 638 Ῥόδῳ
467 545 866 621 Διονύσιον
912 552 1290 642 ἱστορήσας,
1343 552 1415 623 τὸ
1464 556 1661 637 ξένον
1706 558 1817 625 καὶ
1862 558 2259 645 θαυμαστὸν
2308 566 2529 650 ἔργον,

194 649 229 719 ὃ
297 657 422 723 καὶ
492 657 893 746 Δημήτριος
961 656 998 729 ὁ
1059 661 1521 750 Πολιορκητὴς
1578 664 1879 751 μεγάλως
1936 666 2353 755 ἐθαύμασεν,
2421 665 2529 738 ὅτε

191 759 320 847 τὴν
372 760 642 834 Ῥόδον
699 764 1177 855 ἐπολιόρκησεν
1226 766 1410 849 ὅλοις
1464 772 1537 837 ἐν
1588 772 1787 838 δυσὶν
1841 776 2044 858 ἔτεσι,
2100 780 2313 862 χιλίας
2362 779 2529 857 ναῦς
2556 798 2582 840 5

191 870 644 959 ἐπαγόμενος
697 874 809 941 καὶ
865 872 1152 964 στρατὸν
1209 872 1489 962 ὁπλίτην
1544 876 1875 964 μυριάδας
1928 876 2094 968 ὑπὲρ
2149 880 2268 960 τὰς
2313 880 2370 949 ε’
2416 883 2527 950 καὶ

190 987 823 1067 πεντακισχιλίους.
914 982 1064 1071 περὶ
1110 987 1441 1069 γραφικῆς
1484 984 1596 1051 καὶ
1644 984 1997 1072 σχημάτων
2045 993 2271 1074 βιβλία
2317 987 2403 1073 β’.

379 1088 814 1158 DCLXXIX.
889 1097 1464 1177 Πτολεμαῖος
1507 1091 1865 1180 Κυθήριος
1909 1095 2237 1175 ἐποποιός.
2330 1087 2527 1177 οὗτος

188 1196 468 1278 ἔγραψε
532 1196 685 1279 περὶ
740 1196 1194 1283 ψαλακάνθης.
1288 1199 1361 1265 ἐν
1415 1197 1630 1289 τούτῳ
1688 1200 1769 1267 δέ
1818 1206 2061 1288 φησιν,
2118 1200 2219 1271 ὅτι
2269 1202 2523 1289 βοτάνη

191 1301 336 1367 ε’στὶ
389 1302 816 1389 θαυμαστήν
861 1330 1014 1372 τινα
1061 1303 1352 1391 δύναμιν
1400 1309 1663 1392 ἔχουσα.
2554 1333 2601 1371 10

382 1409 781 1479 DOLXXX.
854 1419 1354 1498 Πτολεμαῖος
1401 1408 1436 1479 ὁ
1485 1412 1830 1494 Κλαύδιος
1875 1422 2309 1503 χρηματίσας,
2352 1414 2523 1486 Ἀλε-

193 1514 552 1602 ξανδρεὺς
607 1516 1012 1605 φιλόσοφος,
1068 1517 1364 1606 γεγονὼς
1409 1519 1514 1587 ἐπὶ
1561 1523 1697 1588 τῶν
1744 1520 2012 1609 χρόνων
2063 1522 2355 1611 Μάρκου
2399 1528 2523 1593 τοῦ

191 1626 566 1707 βασιλέως.
671 1617 867 1705 οὗτος
923 1631 1169 1711 ἔγραψε
1225 1625 1557 1715 μηχανικὰ
1612 1632 1839 1714 βιβλία
1894 1628 1983 1715 γ’,
2042 1630 2191 1718 περὶ
2248 1631 2518 1717 φάσεων

190 1729 308 1795 καὶ
373 1732 848 1820 ἐπισημασιῶν
901 1732 1200 1822 ἀστέρων
1246 1730 1567 1801 ἀπλανῶν
1611 1740 1840 1820 βιβλία
1886 1734 1977 1821 β’,
2036 1734 2338 1805 ἅπλωσιν
2385 1739 2520 1805 ἐπι-

195 1846 508 1921 φανείας
549 1847 866 1930 σφαίρας,
921 1840 1180 1910 κανόνα
1224 1840 1614 1929 πρόχειρον,
1671 1840 1791 1909 τὸν
1836 1843 2045 1929 μέγαν
2092 1841 2515 1932 ἀστρονόμον
2548 1867 2598 1909 15

197 1942 355 2030 ἤτοι
409 1948 739 2030 σύνταξιν
785 1949 894 2017 καὶ
941 1947 1127 2017 ἄλλα.

389 2057 806 2125 DOLXXXI.
879 2064 1377 2143 Πτολεμαῖος
1415 2053 1885 2144 Ἀλεξανδρεὺς
1928 2058 2399 2145 γραμματικός,
2447 2055 2521 2140 ὃς

198 2158 594 2231 ἐπεκαλεῖτο
645 2168 1072 2248 Πινδαρίων,
1119 2160 1267 2241 υίὸς
1311 2162 1388 2229 δὲ
1433 2153 1520 2248 ἦν
1562 2159 1958 2250 Ὀροάνδου,
2006 2163 2310 2252 μαθητὴς
2350 2163 2521 2251 Ἀρι-

197 2268 530 2357 στάρχου.
623 2276 910 2359 ἔγραψεν
961 2266 1329 2355 Ὁμηρικῶν
1375 2266 1886 2356 ὑποδειγμάτων
1942 2275 2167 2355 βιβλία
2215 2270 2307 2357 γ’,
2369 2273 2519 2356 περὶ

199 2379 328 2442 τοῦ
391 2375 754 2465 Ὁμηρικοῦ
818 2380 1258 2464 χαρακτῆρος,
1324 2374 1489 2462 πρὸς
1540 2381 1987 2469 ,Νεοθαλίδην
2050 2376 2199 2465 περὶ
2264 2379 2517 2463 λέξεως,
2545 2406 2597 2445 20

198 2483 358 2569 περὶ
420 2487 544 2553 τοῦ
598 2482 753 2571 παρ’
785 2482 1047 2575 Ὁμήρῳ
1097 2482 1414 2569 Οὕτιδος,
1477 2484 1625 2573 περὶ
1667 2481 2138 2570 Ἀστεροπαίου
2178 2486 2309 2551 ’τοῦ
2356 2481 2511 2571 παρ’

192 2584 469 2683 Ὁμήρῳ
518 2594 1116 2679 μνημονευομένου
1160 2590 1271 2658 καὶ
1321 2593 1525 2680 ἕτερα.

208 2755 427 2809 merito
467 2756 726 2824 suspecta.
752 2753 1070 2819 Welckero,
1098 2752 1362 2813 KLSchr.
1385 2752 1438 2805 Π
1456 2771 1508 2821 p.
1534 2758 1637 2806 524
1655 2754 1799 2817 not.;
1830 2751 2140 2819 Hesychius
2170 2750 2317 2807 enim
2344 2753 2516 2807 verba

209 2836 348 2899 post
381 2829 734 2900 Ἰσοκράτους
770 2833 863 2887 vel
902 2836 1033 2887 ante
1062 2833 1159 2887 καὶ
1193 2833 1567 2888 collocaturus
1604 2833 1825 2899 fuisset,
1863 2831 1961 2885 ubi
1987 2834 2118 2901 apiae
2148 2848 2216 2886 ea
2254 2832 2515 2901 suppleas
2568 2844 2573 2847 “

204 2912 298 2977 (ex
338 2914 518 2969 schol.
557 2914 816 2982 Platon).
884 2914 963 2967 Cf.
1004 2914 1174 2969 etiam
1213 2934 1264 2969 v.
1291 2908 1619 2983 Ἰσοκράτης.
1687 2913 1946 2966 Fortasse
1986 2913 2153 2967 etiam
2188 2914 2320 2980 post
2354 2918 2514 2981 φιλο-

205 2988 405 3060 σόφου
446 2996 818 3063 supplendum
859 2997 950 3064 (ex
989 2992 1160 3048 schol.
1202 2995 1443 3061 Platon.)
1481 2986 1547 3055 ὃς
1585 2994 1681 3047 καὶ
1717 2988 1884 3061 λόγον
1925 2991 2006 3054 εἰς
2042 2988 2221 3047 αὐτὸν
2264 2990 2515 3063 ἔγραψεν

204 3070 299 3137 (cf.
343 3073 511 3143 Diog.
550 3075 652 3142 IX,
691 3078 781 3143 55)

354 3154 736 3209 DCLXXVIII
764 3173 872 3210 om.
904 3154 1179 3209 Weste‘rm.
1223 3151 1302 3208 Cf.
1332 3154 1547 3209 Aelian.
1588 3155 1655 3209 V.
1684 3155 1753 3209 H.
1785 3152 1905 3219 XII,
1928 3159 2013 3209 41.
2054 3153 2134 3209 Cf.
2164 3172 2217 3209 v.
2242 3150 2517 3227 Ἀπελλῆς,

207 3228 520 3304 Πάμφιλος
544 3230 928 3306 Ἀμφιπολίτης
1038 3241 1065 3287 1
1097 3233 1348 3287 Eundem
1379 3232 1653 3287 Cannium
1675 3235 1868 3288 dicuni:
1886 3233 2119 3291 Pausan.
2142 3237 2184 3301 I,
2206 3242 2254 3302 3,
2278 3242 2327 3305 5,
2357 3236 2507 3295 Plut.

207 3308 459 3369 Demetr.
493 3322 578 3383 22,
617 3316 757 3371 Plin.
788 3318 841 3370 h.
873 3335 926 3371 n.
957 3314 1178 3383 XXXV,
1211 3320 1294 3381 10,
1326 3319 1392 3368 36
1501 3321 1533 3367 2
1573 3311 1803 3384 γραφὴν
1840 3320 1885 3367 V
2004 3311 2105 3369 τὸν
2145 3311 2207 3369 ἐν
2238 3311 2309 3370 Ῥ.
2352 3322 2509 3372 Διον.

207 3394 358 3463 υιιῖρ.
396 3391 457 3448 τὸ
501 3391 652 3450 ἐνῬ.
695 3401 852 3449 Διον.
885 3394 1021 3449 Par.
1052 3395 1282 3447 Kusteri
1390 3401 1421 3447 3
1458 3389 1705 3449 Ἰάλυσον
1743 3412 1845 3463 pro
1876 3387 2182 3449 Διονύσιον
2220 3397 2349 3464 post
2378 3396 2511 3450 Leo-

202 3475 451 3538 pardum
488 3476 783 3544 proposuii:
808 3476 1084 3529 Kusterus
1114 3473 1261 3543 (coll.
1291 3474 1437 3527 Plut.
1469 3474 1616 3543 loco)
1650 3472 1935 3528 Διόνυσον
1964 3472 2033 3527 al.
2144 3478 2509 3545 θαυματουρ-

209 3549 314 3619 ’γόν
342 3561 404 3609 Ε.
459 3556 718 3611 Fortasse
756 3557 929 3612 verba
957 3551 986 3611 ὁ
1020 3552 1082 3609 τὸ
1115 3587 1180 3594 -
1211 3557 1695 3623 πεντακισχιλίους
1732 3554 1804 3607 ab
1830 3553 2109 3621 Hesychio
2140 3554 2327 3608 aliena
2362 3558 2508 3624 sunt,

210 3636 310 3689 sed
356 3635 506 3689 unde
553 3638 808 3704 profecta.
853 3636 966 3690 sint
1003 3636 1222 3691 ³nescire
1269 3652 1359 3688 me
1404 3634 1611 3701 fateor,
1661 3652 1763 3689 nec
1811 3632 2135 3702 conspiranss
2178 3636 2396 3690 numeri
2442 3652 2510 3688 ex

211 3712 341 3769 aliis
380 3716 742 3785 scriptoribus
771 3717 938 3785 petiti
975 3733 1064 3785 ap.
1095 3716 1381 3783 Droysen„
1419 3714 1745 3769 Diadochen
1780 3713 1860 3768 112
1896 3732 1949 3783 p.
1986 3719 2085 3767 158
2214 3719 2245 3766 5
2286 3708 2425 3775 ὅλως
2463 3719 2508 3766 A

357 3795 679 3851 DCLXXIX
717 3798 867 3851 Eud.
898 3815 951 3865 p.
984 3802 1102 3851 600.
1153 3794 1290 3850 Vita
1317 3795 1601 3863 suspecta,
1641 3813 1767 3849 cum
1806 3812 1873 3849 ex
1910 3791 2221 3849 Ptolemaei
2246 3793 2507 3863 Hephae-

213 3874 407 3929 stionis
443 3876 692 3931 historiis
730 3876 954 3931 fluxisse
991 3876 1264 3931 videabur.
1343 3873 1422 3931 Cf.
1463 3877 1625 3930 Phot.
1665 3877 1798 3931 bibl.
1836 3894 1890 3944 p.
1926 3880 2025 3927 146
2057 3891 2170 3942 seq.
2314 3882 2343 3929 9
2386 3871 2505 3929 ἔπι·

215 3956 326 4017 κῶς
353 3958 482 4025 post
507 3960 641 4022 ψαλ.
672 3957 798 4011 add.
817 3957 994 4023 Eud.;
1028 3952 1092 4009 ἐν
1119 3951 1299 4025 τούτῳ
1331 3971 1463 4026 seq„
1499 3956 1545 4010 si
1574 3956 1695 4010 vita
1720 3954 2075 4025 Hesychjana
2103 3956 2203 4023 est,
2232 3973 2267 4009 a
2294 3955 2505 4010 lectore

218 4037 306 4090 vel
341 4037 462 4106 ipso
502 4036 674 4091 Suida
711 4037 906 4090 addissa
942 4036 1204 4091 videntur
2222 4058 2224 4061 ⁴

357 4116 653 4170 DCLXXX
691 4118 842 4173 Eud.
882 4135 936 4185 p.
968 4123 1070 4171 612
1222 4122 1286 4170 13
1324 4112 1555 4183 φάσεων
1593 4119 1795 4168 ABVE
1835 4109 2061 4182 φάσεως
2094 4116 2239 4185 vuly.

353 4196 680 4251 DCLXXXI
718 4196 868 4251 Eud.
907 4216 963 4267 p.
994 4202 1095 4251 601
1231 4201 1296 4250 18
1329 4190 1637 4264 Ὀροάνὸου
1674 4200 1737 4263 V,
1777 4195 2129 4251 consentiens
2168 4212 2294 4249 cum
2332 4195 2501 4251 schol.

216 4274 348 4330 Ven.
379 4276 443 4332 Il.
477 4272 820 4344 Ὀροάνὸρου
847 4278 990 4345 vuly.
1014 4276 1166 4339 Εαά,
1280 4280 1344 4329 19
1373 4272 1431 4345 γ’
1456 4276 1588 4331 Par.
1618 4275 1849 4331 Kasteri
1877 4272 1935 4335 ς’
1966 4276 2139 4347 Eud„
2168 4276 2318 4345 quod
2344 4294 2504 4347 prae·

218 4353 321 4411 feria
357 4355 678 4411 Gutschmid
714 4352 778 4426 ρ’
816 4361 933 4409 Alc.
971 4356 1116 4423 moly.
