<?xml version="1.0" encoding="UTF-8"?>
<!DOCTYPE html PUBLIC "-//W3C//DTD XHTML 1.0 Transitional//EN"
    "http://www.w3.org/TR/xhtml1/DTD/xhtml1-transitional.dtd">
<html xmlns="http://www.w3.org/1999/xhtml" xml:lang="en" lang="en">
 <head>
  <title>
</title>
<meta http-equiv="Content-Type" content="text/html;charset=utf-8" />
  <meta name='ocr-system' content='tesseract 3.04.00' />
  <meta name='ocr-capabilities' content='ocr_page ocr_carea ocr_par ocr_line ocrx_word'/>
</head>
<body>
  <div class='ocr_page' id='page_1' title='image "./hesychiimilesii04flacgoog_0250.png"; bbox 0 0 3025 4892; ppageno 0'>
   <div class='ocr_carea' id='block_1_1' title="bbox 509 220 1861 292">
    <p class='ocr_par' dir='ltr' id='par_1_1' title="bbox 509 220 1861 292">
     <span class='ocr_line' id='line_1_1' title="bbox 509 220 1861 292; baseline 0.001 -18"><span class='ocrx_word' id='word_1_1' title='bbox 509 228 637 292; x_wconf 82' lang='lat'><strong><em>152</em></strong></span> <span class='ocrx_word' id='word_1_2' title='bbox 1433 220 1861 276; x_wconf 77' lang='lat' dir='ltr'><strong>HEschUS.</strong></span> 
     </span>
    </p>
   </div>
   <div class='ocr_carea' id='block_1_2' title="bbox 385 376 2831 3245">
    <p class='ocr_par' dir='ltr' id='par_1_2' title="bbox 503 376 2817 796">
     <span class='ocr_line' id='line_1_2' title="bbox 503 376 2805 474; baseline -0.006 -17"><span class='ocrx_word' id='word_1_3' title='bbox 503 389 692 465; x_wconf 81' lang='grc' dir='ltr'><strong><em>κλέος</em></strong></span> <span class='ocrx_word' id='word_1_4' title='bbox 767 384 952 474; x_wconf 82' lang='grc' dir='ltr'><strong><em>εὐρύ.</em></strong></span> <span class='ocrx_word' id='word_1_5' title='bbox 1065 382 1269 469; x_wconf 81' lang='grc' dir='ltr'><strong><em>[παρὰ</em></strong></span> <span class='ocrx_word' id='word_1_6' title='bbox 1327 386 1582 451; x_wconf 84' lang='grc' dir='ltr'><strong><em>τοῦτον.</em></strong></span> <span class='ocrx_word' id='word_1_7' title='bbox 1638 385 1838 470; x_wconf 78' lang='grc' dir='ltr'><strong><em>φοιτᾷ</em></strong></span> <span class='ocrx_word' id='word_1_8' title='bbox 1904 378 2213 466; x_wconf 78' lang='grc' dir='ltr'><strong><em>Πρόκλος</em></strong></span> <span class='ocrx_word' id='word_1_9' title='bbox 2272 376 2307 446; x_wconf 88' lang='grc' dir='ltr'><strong>ὁ</strong></span> <span class='ocrx_word' id='word_1_10' title='bbox 2380 376 2619 458; x_wconf 84' lang='grc' dir='ltr'><strong><em>Λύκιος</em></strong></span> <span class='ocrx_word' id='word_1_11' title='bbox 2694 379 2805 445; x_wconf 80' lang='grc' dir='ltr'><strong><em>ἐπ’</em></strong></span> 
     </span>
     <span class='ocr_line' id='line_1_3' title="bbox 506 483 2817 583; baseline -0.003 -20"><span class='ocrx_word' id='word_1_12' title='bbox 506 498 1049 583; x_wconf 82' lang='grc' dir='ltr'><strong><em>Ἀριστοτελικοῖς</em></strong></span> <span class='ocrx_word' id='word_1_13' title='bbox 1085 490 1327 577; x_wconf 85' lang='grc' dir='ltr'><strong><em>λόγοις.</em></strong></span> <span class='ocrx_word' id='word_1_14' title='bbox 1379 486 1924 575; x_wconf 67' lang='grc' dir='ltr'><strong><em>Ὀλυμπιοδώρου</em></strong></span> <span class='ocrx_word' id='word_1_15' title='bbox 1958 485 2032 554; x_wconf 75' lang='grc' dir='ltr'><strong><em>δὲ</em></strong></span> <span class='ocrx_word' id='word_1_16' title='bbox 2069 483 2513 573; x_wconf 78' lang='grc' dir='ltr'><strong><em>ἀκροώμενος,</em></strong></span> <span class='ocrx_word' id='word_1_17' title='bbox 2549 483 2817 572; x_wconf 80' lang='grc' dir='ltr'><strong><em>ἀνδρὸς</em></strong></span> 
     </span>
     <span class='ocr_line' id='line_1_4' title="bbox 509 591 2815 685; baseline -0.003 -17"><span class='ocrx_word' id='word_1_18' title='bbox 509 604 808 670; x_wconf 77' lang='grc' dir='ltr'><strong><em>δυνατοῦ</em></strong></span> <span class='ocrx_word' id='word_1_19' title='bbox 865 599 1084 685; x_wconf 90' lang='grc' dir='ltr'><strong><em>λέγειν</em></strong></span> <span class='ocrx_word' id='word_1_20' title='bbox 1139 597 1251 665; x_wconf 78' lang='grc' dir='ltr'><strong><em>καὶ</em></strong></span> <span class='ocrx_word' id='word_1_21' title='bbox 1299 594 1412 665; x_wconf 78' lang='grc' dir='ltr'><strong><em>διὰ</em></strong></span> <span class='ocrx_word' id='word_1_22' title='bbox 1458 593 1584 683; x_wconf 79' lang='grc' dir='ltr'><strong><em>τὴν</em></strong></span> <span class='ocrx_word' id='word_1_23' title='bbox 1626 596 1777 682; x_wconf 81' lang='grc' dir='ltr'><strong><em>περὶ</em></strong></span> <span class='ocrx_word' id='word_1_24' title='bbox 1824 597 2021 662; x_wconf 86' lang='grc' dir='ltr'><strong><em>τοῦτο</em></strong></span> <span class='ocrx_word' id='word_1_25' title='bbox 2070 591 2387 661; x_wconf 82' lang='grc' dir='ltr'><strong><em>εὐκολίαν</em></strong></span> <span class='ocrx_word' id='word_1_26' title='bbox 2432 595 2541 661; x_wconf 87' lang='grc' dir='ltr'><strong><em>καὶ</em></strong></span> <span class='ocrx_word' id='word_1_27' title='bbox 2587 594 2815 681; x_wconf 78' lang='grc' dir='ltr'><strong><em>ἐντρέ-</em></strong></span> 
     </span>
     <span class='ocr_line' id='line_1_5' title="bbox 508 698 2812 796; baseline -0.004 -20"><span class='ocrx_word' id='word_1_28' title='bbox 508 735 695 796; x_wconf 81' lang='grc' dir='ltr'><strong><em>χειαν</em></strong></span> <span class='ocrx_word' id='word_1_29' title='bbox 751 703 1005 793; x_wconf 81' lang='grc' dir='ltr'><strong><em>ὀλίγοις</em></strong></span> <span class='ocrx_word' id='word_1_30' title='bbox 1047 708 1186 773; x_wconf 77' lang='grc' dir='ltr'><strong><em>τῶν</em></strong></span> <span class='ocrx_word' id='word_1_31' title='bbox 1233 702 1629 772; x_wconf 78' lang='grc' dir='ltr'><strong><em>ἀκουόντων</em></strong></span> <span class='ocrx_word' id='word_1_32' title='bbox 1676 700 1873 781; x_wconf 80' lang='grc' dir='ltr'><strong><em>ὄντος</em></strong></span> <span class='ocrx_word' id='word_1_33' title='bbox 1918 702 2219 787; x_wconf 86' lang='grc' dir='ltr'><strong><em>ἐφικτοῦ·</em></strong></span> <span class='ocrx_word' id='word_1_34' title='bbox 2278 698 2547 787; x_wconf 81' lang='grc' dir='ltr'><strong><em>ἠγάσθη</em></strong></span> <span class='ocrx_word' id='word_1_35' title='bbox 2593 700 2663 768; x_wconf 74' lang='grc' dir='ltr'><strong><em>δὲ</em></strong></span> <span class='ocrx_word' id='word_1_36' title='bbox 2727 698 2812 767; x_wconf 90' lang='grc' dir='ltr'><strong><em>τὸ</em></strong></span> 
     </span>
    </p>

    <p class='ocr_par' dir='ltr' id='par_1_3' title="bbox 457 802 2813 1009">
     <span class='ocr_line' id='line_1_6' title="bbox 457 802 2813 902; baseline -0.004 -19"><span class='ocrx_word' id='word_1_37' title='bbox 457 844 484 883; x_wconf 81' lang='lat'><strong>5</strong></span> <span class='ocrx_word' id='word_1_38' title='bbox 511 812 896 902; x_wconf 83' lang='grc' dir='ltr'><strong><em>μειράκιον,</em></strong></span> <span class='ocrx_word' id='word_1_39' title='bbox 971 809 1137 882; x_wconf 75' lang='grc' dir='ltr'><strong><em>ὥστε</em></strong></span> <span class='ocrx_word' id='word_1_40' title='bbox 1202 811 1313 879; x_wconf 79' lang='grc' dir='ltr'><strong><em>καὶ</em></strong></span> <span class='ocrx_word' id='word_1_41' title='bbox 1376 808 1755 896; x_wconf 78' lang='grc' dir='ltr'><strong><em>θυγάτριον</em></strong></span> <span class='ocrx_word' id='word_1_42' title='bbox 1824 813 2031 896; x_wconf 79' lang='grc' dir='ltr'><strong><em>ἔχων,</em></strong></span> <span class='ocrx_word' id='word_1_43' title='bbox 2106 808 2401 895; x_wconf 80' lang='grc' dir='ltr'><strong><em>ἠγμένον</em></strong></span> <span class='ocrx_word' id='word_1_44' title='bbox 2464 808 2576 875; x_wconf 86' lang='grc' dir='ltr'><strong><em>καὶ</em></strong></span> <span class='ocrx_word' id='word_1_45' title='bbox 2636 802 2813 875; x_wconf 82' lang='grc' dir='ltr'><strong><em>αὐτὸ</em></strong></span> 
     </span>
     <span class='ocr_line' id='line_1_7' title="bbox 515 914 2163 1009; baseline -0.004 -20"><span class='ocrx_word' id='word_1_46' title='bbox 515 919 939 1009; x_wconf 84' lang='grc' dir='ltr'><strong><em>φιλοσόφως,</em></strong></span> <span class='ocrx_word' id='word_1_47' title='bbox 985 921 1410 1006; x_wconf 82' lang='grc' dir='ltr'><strong><em>βουληθῆναι</em></strong></span> <span class='ocrx_word' id='word_1_48' title='bbox 1449 914 1629 1009; x_wconf 75' lang='grc' dir='ltr'><strong><em>αὐτῷ</em></strong></span> <span class='ocrx_word' id='word_1_49' title='bbox 1676 919 2163 1003; x_wconf 82' lang='grc' dir='ltr'><strong><em>κατεγγνῆσαι.]</em></strong></span> 
     </span>
    </p>

    <p class='ocr_par' dir='ltr' id='par_1_4' title="bbox 511 1019 2817 1329">
     <span class='ocr_line' id='line_1_8' title="bbox 689 1019 2814 1111; baseline -0.004 -16"><span class='ocrx_word' id='word_1_50' title='bbox 689 1028 1008 1095; x_wconf 87' lang='lat' dir='ltr'>DLXXX.</span> <span class='ocrx_word' id='word_1_51' title='bbox 1091 1022 1535 1111; x_wconf 84' lang='grc' dir='ltr'><strong><em>Ὄλυμπος</em></strong></span> <span class='ocrx_word' id='word_1_52' title='bbox 1614 1029 1925 1102; x_wconf 81' lang='grc' dir='ltr'><strong><em>Μαίονος</em></strong></span> <span class='ocrx_word' id='word_1_53' title='bbox 1991 1021 2262 1108; x_wconf 82' lang='grc' dir='ltr'><strong><em>Μυσός,</em></strong></span> <span class='ocrx_word' id='word_1_54' title='bbox 2337 1019 2621 1109; x_wconf 80' lang='grc' dir='ltr'><strong><em>αὐλητὴς</em></strong></span> <span class='ocrx_word' id='word_1_55' title='bbox 2688 1020 2814 1088; x_wconf 81' lang='grc' dir='ltr'><strong><em>καὶ</em></strong></span> 
     </span>
     <span class='ocr_line' id='line_1_9' title="bbox 511 1128 2815 1221; baseline -0.003 -17"><span class='ocrx_word' id='word_1_56' title='bbox 511 1132 788 1221; x_wconf 83' lang='grc' dir='ltr'><strong><em>ποιητὴς</em></strong></span> <span class='ocrx_word' id='word_1_57' title='bbox 832 1137 1052 1220; x_wconf 77' lang='grc' dir='ltr'><strong><em>μελῶν</em></strong></span> <span class='ocrx_word' id='word_1_58' title='bbox 1098 1133 1209 1201; x_wconf 79' lang='grc' dir='ltr'><strong><em>καὶ</em></strong></span> <span class='ocrx_word' id='word_1_59' title='bbox 1258 1134 1588 1217; x_wconf 78' lang='grc' dir='ltr'><strong><em>ἐλεγείων,</em></strong></span> <span class='ocrx_word' id='word_1_60' title='bbox 1634 1128 1902 1218; x_wconf 77' lang='grc' dir='ltr'><strong><em>ἡγεμών</em></strong></span> <span class='ocrx_word' id='word_1_61' title='bbox 1958 1156 2037 1199; x_wconf 85' lang='grc' dir='ltr'><strong><em>τε.</em></strong></span> <span class='ocrx_word' id='word_1_62' title='bbox 2063 1129 2424 1217; x_wconf 85' lang='grc' dir='ltr'><strong><em>γενόμενος</em></strong></span> <span class='ocrx_word' id='word_1_63' title='bbox 2460 1133 2576 1216; x_wconf 80' lang='grc' dir='ltr'><strong><em>τῆς</em></strong></span> <span class='ocrx_word' id='word_1_64' title='bbox 2609 1156 2815 1216; x_wconf 88' lang='grc' dir='ltr'><strong><em>κρου-</em></strong></span> 
     </span>
     <span class='ocr_line' id='line_1_10' title="bbox 513 1234 2817 1329; baseline -0.001 -21"><span class='ocrx_word' id='word_1_65' title='bbox 513 1243 793 1329; x_wconf 82' lang='grc' dir='ltr'><strong><em>ματικῆς</em></strong></span> <span class='ocrx_word' id='word_1_66' title='bbox 838 1242 1160 1327; x_wconf 79' lang='grc' dir='ltr'><strong><em>μουσικῆς</em></strong></span> <span class='ocrx_word' id='word_1_67' title='bbox 1203 1243 1320 1325; x_wconf 81' lang='grc' dir='ltr'><strong><em>τῆς</em></strong></span> <span class='ocrx_word' id='word_1_68' title='bbox 1366 1236 1477 1305; x_wconf 83' lang='grc' dir='ltr'><strong><em>δια</em></strong></span> <span class='ocrx_word' id='word_1_69' title='bbox 1518 1241 1654 1305; x_wconf 77' lang='grc' dir='ltr'><strong><em>τῶν</em></strong></span> <span class='ocrx_word' id='word_1_70' title='bbox 1692 1234 1943 1322; x_wconf 79' lang='grc' dir='ltr'><strong><em>αὐλῶν,</em></strong></span> <span class='ocrx_word' id='word_1_71' title='bbox 1988 1234 2294 1323; x_wconf 80' lang='grc' dir='ltr'><strong><em>μαθητὴς</em></strong></span> <span class='ocrx_word' id='word_1_72' title='bbox 2328 1238 2440 1305; x_wconf 82' lang='grc' dir='ltr'><strong><em>καὶ</em></strong></span> <span class='ocrx_word' id='word_1_73' title='bbox 2479 1236 2817 1323; x_wconf 76' lang='grc' dir='ltr'><strong><em>ἐρώμενος</em></strong></span> 
     </span>
    </p>

    <p class='ocr_par' dir='ltr' id='par_1_5' title="bbox 437 1340 2819 1650">
     <span class='ocr_line' id='line_1_11' title="bbox 437 1340 2817 1434; baseline -0.002 -20"><span class='ocrx_word' id='word_1_74' title='bbox 437 1376 489 1415; x_wconf 83' lang='grc' dir='ltr'><strong><em>ιο</em></strong></span> <span class='ocrx_word' id='word_1_75' title='bbox 517 1345 874 1434; x_wconf 79' lang='grc' dir='ltr'><strong><em>Μαρσύου,</em></strong></span> <span class='ocrx_word' id='word_1_76' title='bbox 921 1344 996 1415; x_wconf 85' lang='grc' dir='ltr'><strong><em>τὸ</em></strong></span> <span class='ocrx_word' id='word_1_77' title='bbox 1044 1347 1237 1433; x_wconf 85' lang='grc' dir='ltr'><strong><em>γένος</em></strong></span> <span class='ocrx_word' id='word_1_78' title='bbox 1281 1342 1476 1424; x_wconf 77' lang='grc' dir='ltr'><strong><em>ὄντος</em></strong></span> <span class='ocrx_word' id='word_1_79' title='bbox 1526 1342 1864 1429; x_wconf 86' lang='grc' dir='ltr'><strong><em>Σατύρου,</em></strong></span> <span class='ocrx_word' id='word_1_80' title='bbox 1910 1341 2248 1412; x_wconf 85' lang='grc' dir='ltr'><strong><em>άκουστοῦ</em></strong></span> <span class='ocrx_word' id='word_1_81' title='bbox 2295 1342 2370 1410; x_wconf 77' lang='grc' dir='ltr'><strong><em>δὲ</em></strong></span> <span class='ocrx_word' id='word_1_82' title='bbox 2414 1344 2523 1411; x_wconf 80' lang='grc' dir='ltr'><strong><em>καὶ</em></strong></span> <span class='ocrx_word' id='word_1_83' title='bbox 2570 1340 2817 1420; x_wconf 87' lang='grc' dir='ltr'><strong><em>παιδὸς</em></strong></span> 
     </span>
     <span class='ocr_line' id='line_1_12' title="bbox 509 1440 2819 1542; baseline -0.003 -21"><span class='ocrx_word' id='word_1_84' title='bbox 509 1453 860 1541; x_wconf 78' lang='grc' dir='ltr'><strong><em>Τάγνιδος.</em></strong></span> <span class='ocrx_word' id='word_1_85' title='bbox 935 1455 1172 1542; x_wconf 84' lang='grc' dir='ltr'><strong><em>γέγονε</em></strong></span> <span class='ocrx_word' id='word_1_86' title='bbox 1218 1452 1295 1521; x_wconf 71' lang='grc' dir='ltr'><strong><em>δὲ</em></strong></span> <span class='ocrx_word' id='word_1_87' title='bbox 1339 1450 1466 1540; x_wconf 88' lang='grc' dir='ltr'><strong><em>πρὸ</em></strong></span> <span class='ocrx_word' id='word_1_88' title='bbox 1513 1456 1651 1522; x_wconf 76' lang='grc' dir='ltr'><strong><em>τῶν</em></strong></span> <span class='ocrx_word' id='word_1_89' title='bbox 1715 1454 2033 1537; x_wconf 74' lang='grc' dir='ltr'><strong><em>Τρωικῶν</em></strong></span> <span class='ocrx_word' id='word_1_90' title='bbox 2089 1447 2153 1535; x_wconf 88' lang='grc' dir='ltr'><strong><em>[ὁ</em></strong></span> <span class='ocrx_word' id='word_1_91' title='bbox 2183 1450 2551 1538; x_wconf 83' lang='grc' dir='ltr'><strong><em>Ὄλυμπος,</em></strong></span> <span class='ocrx_word' id='word_1_92' title='bbox 2606 1450 2670 1531; x_wconf 81' lang='grc' dir='ltr'><strong><em>ἐξ</em></strong></span> <span class='ocrx_word' id='word_1_93' title='bbox 2726 1440 2819 1516; x_wconf 88' lang='grc' dir='ltr'><strong><em>οὗ</em></strong></span> 
     </span>
     <span class='ocr_line' id='line_1_13' title="bbox 517 1556 2479 1650; baseline -0.002 -22"><span class='ocrx_word' id='word_1_94' title='bbox 517 1558 592 1629; x_wconf 87' lang='grc' dir='ltr'><strong><em>τὸ</em></strong></span> <span class='ocrx_word' id='word_1_95' title='bbox 642 1559 800 1649; x_wconf 79' lang='grc' dir='ltr'><strong><em>ὄρος</em></strong></span> <span class='ocrx_word' id='word_1_96' title='bbox 844 1560 919 1629; x_wconf 90' lang='grc' dir='ltr'><strong><em>τὸ</em></strong></span> <span class='ocrx_word' id='word_1_97' title='bbox 968 1562 1043 1629; x_wconf 82' lang='grc' dir='ltr'><strong><em>ἐν</em></strong></span> <span class='ocrx_word' id='word_1_98' title='bbox 1091 1564 1327 1650; x_wconf 77' lang='grc' dir='ltr'><strong><em>Μυσίᾳ</em></strong></span> <span class='ocrx_word' id='word_1_99' title='bbox 1377 1556 1813 1646; x_wconf 82' lang='grc' dir='ltr'><strong><em>ὀνομάζεται.]</em></strong></span> <span class='ocrx_word' id='word_1_100' title='bbox 2472 1604 2479 1610; x_wconf 91' lang='grc'>-</span> 
     </span>
    </p>

    <p class='ocr_par' dir='ltr' id='par_1_6' title="bbox 521 1660 2822 1862">
     <span class='ocr_line' id='line_1_14' title="bbox 696 1660 2822 1754; baseline -0.002 -19"><span class='ocrx_word' id='word_1_101' title='bbox 696 1670 1047 1735; x_wconf 90' lang='lat' dir='ltr'>DLXXXI.</span> <span class='ocrx_word' id='word_1_102' title='bbox 1096 1665 1485 1753; x_wconf 81' lang='grc' dir='ltr'><strong><em>Ὄλυμπος</em></strong></span> <span class='ocrx_word' id='word_1_103' title='bbox 1541 1663 1757 1753; x_wconf 81' lang='grc' dir='ltr'><strong><em>Φρύξ,</em></strong></span> <span class='ocrx_word' id='word_1_104' title='bbox 1805 1660 2145 1754; x_wconf 73' lang='grc' dir='ltr'><strong><em>νεώτερος,</em></strong></span> <span class='ocrx_word' id='word_1_105' title='bbox 2196 1660 2486 1753; x_wconf 80' lang='grc' dir='ltr'><strong><em>αὐλητὴς</em></strong></span> <span class='ocrx_word' id='word_1_106' title='bbox 2522 1661 2822 1751; x_wconf 73' lang='grc' dir='ltr'><strong><em>γεγονὼς</em></strong></span> 
     </span>
     <span class='ocr_line' id='line_1_15' title="bbox 521 1775 1427 1862; baseline -0.006 -19"><span class='ocrx_word' id='word_1_107' title='bbox 521 1775 626 1843; x_wconf 78' lang='grc' dir='ltr'><strong><em>ἐπὶ</em></strong></span> <span class='ocrx_word' id='word_1_108' title='bbox 673 1778 908 1842; x_wconf 88' lang='grc' dir='ltr'><strong><em>Μίδου</em></strong></span> <span class='ocrx_word' id='word_1_109' title='bbox 943 1776 1064 1841; x_wconf 84' lang='grc' dir='ltr'><strong><em>τοῦ</em></strong></span> <span class='ocrx_word' id='word_1_110' title='bbox 1109 1776 1427 1862; x_wconf 86' lang='grc' dir='ltr'><strong><em>Γορδίου.</em></strong></span> 
     </span>
    </p>

    <p class='ocr_par' dir='ltr' id='par_1_7' title="bbox 447 1876 2825 2395">
     <span class='ocr_line' id='line_1_16' title="bbox 447 1876 2819 1967; baseline -0.002 -18"><span class='ocrx_word' id='word_1_111' title='bbox 447 1909 498 1949; x_wconf 80' lang='lat'><strong><em>15</em></strong></span> <span class='ocrx_word' id='word_1_112' title='bbox 706 1882 1084 1948; x_wconf 91' lang='lat' dir='ltr'>DLXXXII.</span> <span class='ocrx_word' id='word_1_113' title='bbox 1140 1877 1474 1966; x_wconf 82' lang='grc' dir='ltr'><strong><em>Ὅμηρος</em></strong></span> <span class='ocrx_word' id='word_1_114' title='bbox 1522 1876 1557 1947; x_wconf 88' lang='grc' dir='ltr'>ὁ</span> <span class='ocrx_word' id='word_1_115' title='bbox 1604 1877 1880 1965; x_wconf 78' lang='grc' dir='ltr'><strong><em>ποιητὴς</em></strong></span> <span class='ocrx_word' id='word_1_116' title='bbox 1917 1880 2227 1964; x_wconf 82' lang='grc' dir='ltr'><strong><em>Μέλητος</em></strong></span> <span class='ocrx_word' id='word_1_117' title='bbox 2261 1882 2383 1946; x_wconf 80' lang='grc' dir='ltr'><strong><em>τοῦ</em></strong></span> <span class='ocrx_word' id='word_1_118' title='bbox 2421 1881 2495 1946; x_wconf 80' lang='grc' dir='ltr'><strong><em>ἐν</em></strong></span> <span class='ocrx_word' id='word_1_119' title='bbox 2530 1878 2819 1967; x_wconf 80' lang='grc' dir='ltr'><strong><em>Σμύρνῃ</em></strong></span> 
     </span>
     <span class='ocr_line' id='line_1_17' title="bbox 519 1981 2824 2075; baseline -0.001 -20"><span class='ocrx_word' id='word_1_120' title='bbox 519 1991 820 2074; x_wconf 84' lang='grc' dir='ltr'><strong><em>ποταμοῦ</em></strong></span> <span class='ocrx_word' id='word_1_121' title='bbox 866 1988 978 2056; x_wconf 80' lang='grc' dir='ltr'><strong><em>καὶ</em></strong></span> <span class='ocrx_word' id='word_1_122' title='bbox 1025 1989 1405 2075; x_wconf 82' lang='grc' dir='ltr'><strong><em>Κριθηίδος</em></strong></span> <span class='ocrx_word' id='word_1_123' title='bbox 1451 1984 1847 2072; x_wconf 79' lang='grc' dir='ltr'><strong><em>(νύμφης),</em></strong></span> <span class='ocrx_word' id='word_1_124' title='bbox 1895 1981 1984 2064; x_wconf 81' lang='grc' dir='ltr'><strong><em>ὦς</em></strong></span> <span class='ocrx_word' id='word_1_125' title='bbox 2030 1985 2104 2053; x_wconf 73' lang='grc' dir='ltr'><strong><em>δὲ</em></strong></span> <span class='ocrx_word' id='word_1_126' title='bbox 2142 1983 2355 2071; x_wconf 77' lang='grc' dir='ltr'><strong><em>ἄλλοι,</em></strong></span> <span class='ocrx_word' id='word_1_127' title='bbox 2401 1983 2824 2064; x_wconf 84' lang='grc' dir='ltr'><strong><em>’Λπόλλωνος</em></strong></span> 
     </span>
     <span class='ocr_line' id='line_1_18' title="bbox 520 2088 2823 2180; baseline -0.002 -17"><span class='ocrx_word' id='word_1_128' title='bbox 520 2094 632 2163; x_wconf 89' lang='grc' dir='ltr'><strong><em>καὶ</em></strong></span> <span class='ocrx_word' id='word_1_129' title='bbox 680 2094 1065 2180; x_wconf 88' lang='grc' dir='ltr'><strong><em>Καλλιόπης</em></strong></span> <span class='ocrx_word' id='word_1_130' title='bbox 1109 2097 1227 2179; x_wconf 83' lang='grc' dir='ltr'><strong><em>τῆς</em></strong></span> <span class='ocrx_word' id='word_1_131' title='bbox 1272 2090 1549 2180; x_wconf 88' lang='grc' dir='ltr'><strong><em>μούσης,</em></strong></span> <span class='ocrx_word' id='word_1_132' title='bbox 1598 2088 1686 2170; x_wconf 80' lang='grc' dir='ltr'><strong><em>ὡς</em></strong></span> <span class='ocrx_word' id='word_1_133' title='bbox 1734 2090 1807 2158; x_wconf 77' lang='grc' dir='ltr'><strong><em>δὲ</em></strong></span> <span class='ocrx_word' id='word_1_134' title='bbox 1846 2090 2072 2175; x_wconf 82' lang='grc' dir='ltr'><strong><em>Χάραξ</em></strong></span> <span class='ocrx_word' id='word_1_135' title='bbox 2119 2088 2155 2159; x_wconf 84' lang='grc' dir='ltr'><em>ὃ</em></span> <span class='ocrx_word' id='word_1_136' title='bbox 2196 2090 2551 2180; x_wconf 78' lang='grc' dir='ltr'><strong><em>ἱστορικός,</em></strong></span> <span class='ocrx_word' id='word_1_137' title='bbox 2601 2097 2823 2159; x_wconf 91' lang='grc' dir='ltr'><strong><em>Μαίο-</em></strong></span> 
     </span>
     <span class='ocr_line' id='line_1_19' title="bbox 521 2195 2825 2287; baseline -0.001 -18"><span class='ocrx_word' id='word_1_138' title='bbox 521 2228 641 2280; x_wconf 91' lang='grc' dir='ltr'><strong><em>νος</em></strong></span> <span class='ocrx_word' id='word_1_139' title='bbox 688 2195 730 2287; x_wconf 82' lang='grc' dir='ltr'>ἢ</span> <span class='ocrx_word' id='word_1_140' title='bbox 780 2206 1052 2287; x_wconf 89' lang='grc' dir='ltr'><strong><em>Μητίου</em></strong></span> <span class='ocrx_word' id='word_1_141' title='bbox 1095 2200 1203 2267; x_wconf 84' lang='grc' dir='ltr'><strong><em>καὶ</em></strong></span> <span class='ocrx_word' id='word_1_142' title='bbox 1256 2196 1636 2285; x_wconf 79' lang='grc' dir='ltr'><strong><em>Εὐμήτιδος</em></strong></span> <span class='ocrx_word' id='word_1_143' title='bbox 1682 2196 1950 2285; x_wconf 87' lang='grc' dir='ltr'><strong><em>μητρός,</em></strong></span> <span class='ocrx_word' id='word_1_144' title='bbox 1996 2196 2160 2267; x_wconf 81' lang='grc' dir='ltr'><strong><em>κατὰ</em></strong></span> <span class='ocrx_word' id='word_1_145' title='bbox 2208 2197 2282 2266; x_wconf 75' lang='grc' dir='ltr'><strong><em>δὲ</em></strong></span> <span class='ocrx_word' id='word_1_146' title='bbox 2328 2196 2573 2278; x_wconf 80' lang='grc' dir='ltr'><strong><em>ἄλλους</em></strong></span> <span class='ocrx_word' id='word_1_147' title='bbox 2621 2206 2825 2285; x_wconf 85' lang='grc' dir='ltr'><strong><em>Τηλε-</em></strong></span> 
     </span>
     <span class='ocr_line' id='line_1_20' title="bbox 523 2302 2825 2395; baseline -0.001 -21"><span class='ocrx_word' id='word_1_148' title='bbox 523 2305 745 2395; x_wconf 83' lang='grc' dir='ltr'><strong><em>μάχου</em></strong></span> <span class='ocrx_word' id='word_1_149' title='bbox 797 2309 919 2373; x_wconf 72' lang='grc' dir='ltr'><strong><em>τοί</em></strong></span> <span class='ocrx_word' id='word_1_150' title='bbox 966 2303 1331 2384; x_wconf 80' lang='grc' dir='ltr'><strong><em>Ὀδυσσέως</em></strong></span> <span class='ocrx_word' id='word_1_151' title='bbox 1384 2304 1495 2373; x_wconf 85' lang='grc' dir='ltr'><strong><em>καὶ</em></strong></span> <span class='ocrx_word' id='word_1_152' title='bbox 1544 2302 1983 2392; x_wconf 87' lang='grc' dir='ltr'><strong><em>Πολυκάστης</em></strong></span> <span class='ocrx_word' id='word_1_153' title='bbox 2038 2308 2154 2392; x_wconf 79' lang='grc' dir='ltr'><strong><em>τῆς</em></strong></span> <span class='ocrx_word' id='word_1_154' title='bbox 2198 2307 2559 2394; x_wconf 83' lang='grc' dir='ltr'><strong><em>Νέστορος.</em></strong></span> <span class='ocrx_word' id='word_1_155' title='bbox 2653 2311 2825 2391; x_wconf 83' lang='grc' dir='ltr'><strong><em>[ἔστι</em></strong></span> 
     </span>
    </p>

    <p class='ocr_par' dir='ltr' id='par_1_8' title="bbox 385 2408 2831 2925">
     <span class='ocr_line' id='line_1_21' title="bbox 385 2408 2825 2501; baseline 0 -22"><span class='ocrx_word' id='word_1_156' title='bbox 385 2496 390 2501; x_wconf 27' lang='lat'><strong>·</strong></span> <span class='ocrx_word' id='word_1_157' title='bbox 445 2442 497 2482; x_wconf 62' lang='grc' dir='ltr'><strong><em>κο</em></strong></span> <span class='ocrx_word' id='word_1_158' title='bbox 527 2410 601 2479; x_wconf 76' lang='grc' dir='ltr'><strong><em>δὲ</em></strong></span> <span class='ocrx_word' id='word_1_159' title='bbox 665 2409 705 2498; x_wconf 84' lang='grc' dir='ltr'><strong><em>ἡ</em></strong></span> <span class='ocrx_word' id='word_1_160' title='bbox 773 2414 895 2481; x_wconf 70' lang='grc' dir='ltr'><strong><em>τοτ’</em></strong></span> <span class='ocrx_word' id='word_1_161' title='bbox 960 2413 1200 2497; x_wconf 84' lang='grc' dir='ltr'><strong><em>γένους</em></strong></span> <span class='ocrx_word' id='word_1_162' title='bbox 1261 2409 1442 2492; x_wconf 84' lang='grc' dir='ltr'><strong><em>τάξις</em></strong></span> <span class='ocrx_word' id='word_1_163' title='bbox 1503 2410 1670 2477; x_wconf 83' lang='grc' dir='ltr'><strong><em>κατὰ</em></strong></span> <span class='ocrx_word' id='word_1_164' title='bbox 1723 2408 1841 2478; x_wconf 88' lang='grc' dir='ltr'><strong><em>τὸν</em></strong></span> <span class='ocrx_word' id='word_1_165' title='bbox 1899 2410 2240 2497; x_wconf 75' lang='grc' dir='ltr'><strong><em>ἱστορικὸν</em></strong></span> <span class='ocrx_word' id='word_1_166' title='bbox 2294 2412 2571 2501; x_wconf 89' lang='grc' dir='ltr'><strong><em>Χάρακα</em></strong></span> <span class='ocrx_word' id='word_1_167' title='bbox 2624 2410 2825 2499; x_wconf 78' lang='grc' dir='ltr'><strong><em>αὕτη·</em></strong></span> 
     </span>
     <span class='ocr_line' id='line_1_22' title="bbox 526 2515 2825 2609; baseline 0 -23"><span class='ocrx_word' id='word_1_168' title='bbox 526 2518 879 2605; x_wconf 78' lang='grc' dir='ltr'><strong><em>Αἰθούσης</em></strong></span> <span class='ocrx_word' id='word_1_169' title='bbox 923 2518 1232 2606; x_wconf 82' lang='grc' dir='ltr'><strong><em>Θρᾴσσης</em></strong></span> <span class='ocrx_word' id='word_1_170' title='bbox 1278 2522 1517 2603; x_wconf 90' lang='grc' dir='ltr'><strong><em>Λίνος,</em></strong></span> <span class='ocrx_word' id='word_1_171' title='bbox 1573 2519 1696 2584; x_wconf 85' lang='grc' dir='ltr'><strong><em>τοῦ</em></strong></span> <span class='ocrx_word' id='word_1_172' title='bbox 1753 2515 1829 2585; x_wconf 71' lang='grc' dir='ltr'><strong><em>δὲ</em></strong></span> <span class='ocrx_word' id='word_1_173' title='bbox 1877 2522 2149 2603; x_wconf 86' lang='grc' dir='ltr'><strong><em>Πίερος,</em></strong></span> <span class='ocrx_word' id='word_1_174' title='bbox 2206 2520 2329 2587; x_wconf 86' lang='grc' dir='ltr'><strong><em>τοῦ</em></strong></span> <span class='ocrx_word' id='word_1_175' title='bbox 2384 2516 2460 2585; x_wconf 75' lang='grc' dir='ltr'><strong><em>δὲ</em></strong></span> <span class='ocrx_word' id='word_1_176' title='bbox 2509 2526 2825 2609; x_wconf 76' lang='grc' dir='ltr'><strong><em>Οἴαγρος,</em></strong></span> 
     </span>
     <span class='ocr_line' id='line_1_23' title="bbox 525 2622 2827 2712; baseline 0 -20"><span class='ocrx_word' id='word_1_177' title='bbox 525 2630 648 2694; x_wconf 81' lang='grc' dir='ltr'><strong><em>τοῦ</em></strong></span> <span class='ocrx_word' id='word_1_178' title='bbox 697 2625 772 2693; x_wconf 76' lang='grc' dir='ltr'><strong><em>δὲ</em></strong></span> <span class='ocrx_word' id='word_1_179' title='bbox 812 2624 1111 2711; x_wconf 86' lang='grc' dir='ltr'><strong><em>Ὀρφεύς,</em></strong></span> <span class='ocrx_word' id='word_1_180' title='bbox 1154 2629 1278 2693; x_wconf 80' lang='grc' dir='ltr'><strong><em>τοῦ</em></strong></span> <span class='ocrx_word' id='word_1_181' title='bbox 1327 2624 1400 2691; x_wconf 75' lang='grc' dir='ltr'><strong><em>δὲ</em></strong></span> <span class='ocrx_word' id='word_1_182' title='bbox 1440 2628 1650 2711; x_wconf 82' lang='grc' dir='ltr'><strong><em>Δρῆς,</em></strong></span> <span class='ocrx_word' id='word_1_183' title='bbox 1692 2626 1814 2692; x_wconf 84' lang='grc' dir='ltr'><strong><em>τοῦ</em></strong></span> <span class='ocrx_word' id='word_1_184' title='bbox 1862 2622 1937 2691; x_wconf 76' lang='grc' dir='ltr'><strong><em>δὲ</em></strong></span> <span class='ocrx_word' id='word_1_185' title='bbox 1974 2622 2290 2710; x_wconf 85' lang='grc' dir='ltr'><strong><em>Εὐκλέης,</em></strong></span> <span class='ocrx_word' id='word_1_186' title='bbox 2333 2628 2460 2692; x_wconf 84' lang='grc' dir='ltr'><strong><em>τοῦ</em></strong></span> <span class='ocrx_word' id='word_1_187' title='bbox 2506 2625 2580 2693; x_wconf 73' lang='grc' dir='ltr'><strong><em>δὲ</em></strong></span> <span class='ocrx_word' id='word_1_188' title='bbox 2612 2623 2827 2712; x_wconf 81' lang='grc' dir='ltr'><strong><em>Ἰδμο-</em></strong></span> 
     </span>
     <span class='ocr_line' id='line_1_24' title="bbox 527 2728 2826 2821; baseline -0 -21"><span class='ocrx_word' id='word_1_189' title='bbox 527 2738 743 2819; x_wconf 86' lang='grc' dir='ltr'><strong><em>νίδης,</em></strong></span> <span class='ocrx_word' id='word_1_190' title='bbox 788 2737 909 2800; x_wconf 81' lang='grc' dir='ltr'><strong><em>τοῦ</em></strong></span> <span class='ocrx_word' id='word_1_191' title='bbox 957 2732 1031 2800; x_wconf 73' lang='grc' dir='ltr'><strong><em>δὲ</em></strong></span> <span class='ocrx_word' id='word_1_192' title='bbox 1086 2732 1517 2817; x_wconf 87' lang='grc' dir='ltr'><strong><em>Φιλοτέρπης,</em></strong></span> <span class='ocrx_word' id='word_1_193' title='bbox 1564 2735 1685 2799; x_wconf 89' lang='grc' dir='ltr'><strong><em>τοῦ</em></strong></span> <span class='ocrx_word' id='word_1_194' title='bbox 1734 2729 1809 2798; x_wconf 75' lang='grc' dir='ltr'><strong><em>δὲ</em></strong></span> <span class='ocrx_word' id='word_1_195' title='bbox 1845 2728 2190 2817; x_wconf 72' lang='grc' dir='ltr'><strong><em>Εὔφημος,</em></strong></span> <span class='ocrx_word' id='word_1_196' title='bbox 2234 2734 2357 2798; x_wconf 81' lang='grc' dir='ltr'><strong><em>τοῦ</em></strong></span> <span class='ocrx_word' id='word_1_197' title='bbox 2402 2728 2465 2797; x_wconf 85' lang='grc' dir='ltr'><strong><em>δ’</em></strong></span> <span class='ocrx_word' id='word_1_198' title='bbox 2502 2728 2826 2821; x_wconf 84' lang='grc' dir='ltr'><strong><em>Ἐπιφρά-</em></strong></span> 
     </span>
     <span class='ocr_line' id='line_1_25' title="bbox 529 2834 2831 2925; baseline -0 -18"><span class='ocrx_word' id='word_1_199' title='bbox 529 2844 672 2925; x_wconf 89' lang='grc' dir='ltr'><strong><em>δης,</em></strong></span> <span class='ocrx_word' id='word_1_200' title='bbox 717 2837 962 2907; x_wconf 65' lang='grc' dir='ltr'><strong><em>τοῦδε</em></strong></span> <span class='ocrx_word' id='word_1_201' title='bbox 1001 2837 1444 2923; x_wconf 85' lang='grc' dir='ltr'><strong><em>Μελάνωπος,</em></strong></span> <span class='ocrx_word' id='word_1_202' title='bbox 1489 2841 1614 2904; x_wconf 85' lang='grc' dir='ltr'><strong><em>τοῦ</em></strong></span> <span class='ocrx_word' id='word_1_203' title='bbox 1660 2836 1735 2904; x_wconf 73' lang='grc' dir='ltr'><strong><em>δὲ</em></strong></span> <span class='ocrx_word' id='word_1_204' title='bbox 1766 2834 2100 2923; x_wconf 79' lang='grc' dir='ltr'><strong><em>Ἀπελλῆς,</em></strong></span> <span class='ocrx_word' id='word_1_205' title='bbox 2146 2840 2268 2904; x_wconf 85' lang='grc' dir='ltr'><strong><em>τοῦ</em></strong></span> <span class='ocrx_word' id='word_1_206' title='bbox 2312 2836 2385 2905; x_wconf 75' lang='grc' dir='ltr'><strong><em>δὲ</em></strong></span> <span class='ocrx_word' id='word_1_207' title='bbox 2429 2843 2703 2924; x_wconf 92' lang='grc' dir='ltr'><strong><em>Μαίων,</em></strong></span> <span class='ocrx_word' id='word_1_208' title='bbox 2751 2835 2831 2918; x_wconf 82' lang='grc' dir='ltr'><strong><em>ὃς</em></strong></span> 
     </span>
    </p>

    <p class='ocr_par' dir='ltr' id='par_1_9' title="bbox 450 2936 2829 3245">
     <span class='ocr_line' id='line_1_26' title="bbox 450 2936 2828 3031; baseline -0.001 -16"><span class='ocrx_word' id='word_1_209' title='bbox 450 2976 502 3015; x_wconf 76' lang='lat'><strong><em>25</em></strong></span> <span class='ocrx_word' id='word_1_210' title='bbox 531 2936 744 3031; x_wconf 80' lang='grc' dir='ltr'><strong><em>ἦλθεν</em></strong></span> <span class='ocrx_word' id='word_1_211' title='bbox 799 2940 933 3030; x_wconf 82' lang='grc' dir='ltr'><strong><em>ἅμα</em></strong></span> <span class='ocrx_word' id='word_1_212' title='bbox 987 2958 1132 3023; x_wconf 82' lang='grc' dir='ltr'><strong><em>ταῖς</em></strong></span> <span class='ocrx_word' id='word_1_213' title='bbox 1181 2940 1533 3031; x_wconf 76' lang='grc' dir='ltr'><strong><em>Ἀμαζόσιν</em></strong></span> <span class='ocrx_word' id='word_1_214' title='bbox 1590 2944 1663 3010; x_wconf 83' lang='grc' dir='ltr'><strong><em>ἐν</em></strong></span> <span class='ocrx_word' id='word_1_215' title='bbox 1716 2942 2033 3031; x_wconf 79' lang='grc' dir='ltr'><strong><em>Σμύρνῃ,</em></strong></span> <span class='ocrx_word' id='word_1_216' title='bbox 2089 2944 2200 3011; x_wconf 84' lang='grc' dir='ltr'><strong><em>καὶ</em></strong></span> <span class='ocrx_word' id='word_1_217' title='bbox 2254 2943 2467 3030; x_wconf 80' lang='grc' dir='ltr'><strong><em>γήμας</em></strong></span> <span class='ocrx_word' id='word_1_218' title='bbox 2520 2942 2828 3031; x_wconf 79' lang='grc' dir='ltr'><strong><em>Εὔμητιν</em></strong></span> 
     </span>
     <span class='ocr_line' id='line_1_27' title="bbox 527 3047 2829 3139; baseline 0 -21"><span class='ocrx_word' id='word_1_219' title='bbox 527 3049 653 3138; x_wconf 84' lang='grc' dir='ltr'><strong><em>τὴν</em></strong></span> <span class='ocrx_word' id='word_1_220' title='bbox 708 3047 1012 3131; x_wconf 84' lang='grc' dir='ltr'><strong><em>Εύέπους</em></strong></span> <span class='ocrx_word' id='word_1_221' title='bbox 1079 3054 1200 3119; x_wconf 87' lang='grc' dir='ltr'><strong><em>τοῦ</em></strong></span> <span class='ocrx_word' id='word_1_222' title='bbox 1256 3050 1761 3136; x_wconf 84' lang='grc' dir='ltr'><strong><em>Μελησιγένους</em></strong></span> <span class='ocrx_word' id='word_1_223' title='bbox 1816 3052 2127 3138; x_wconf 83' lang='grc' dir='ltr'><strong><em>ἐποίησεν</em></strong></span> <span class='ocrx_word' id='word_1_224' title='bbox 2166 3048 2477 3139; x_wconf 81' lang='grc' dir='ltr'><strong><em>Ὅμηρον.</em></strong></span> <span class='ocrx_word' id='word_1_225' title='bbox 2579 3049 2829 3138; x_wconf 85' lang='grc' dir='ltr'><strong><em>ὁμοίως</em></strong></span> 
     </span>
     <span class='ocr_line' id='line_1_28' title="bbox 532 3154 2827 3245; baseline -0 -19"><span class='ocrx_word' id='word_1_226' title='bbox 532 3157 608 3227; x_wconf 76' lang='grc' dir='ltr'><strong><em>δὲ</em></strong></span> <span class='ocrx_word' id='word_1_227' title='bbox 670 3158 781 3226; x_wconf 80' lang='grc' dir='ltr'><strong><em>καὶ</em></strong></span> <span class='ocrx_word' id='word_1_228' title='bbox 844 3155 968 3244; x_wconf 82' lang='grc' dir='ltr'><strong><em>τὴν</em></strong></span> <span class='ocrx_word' id='word_1_229' title='bbox 1033 3162 1319 3244; x_wconf 86' lang='grc' dir='ltr'><strong><em>πατρίδα</em></strong></span> <span class='ocrx_word' id='word_1_230' title='bbox 1382 3154 1762 3245; x_wconf 82' lang='grc' dir='ltr'><strong><em>ἀμφίβολος</em></strong></span> <span class='ocrx_word' id='word_1_231' title='bbox 1826 3155 1938 3224; x_wconf 80' lang='grc' dir='ltr'><strong><em>διὰ</em></strong></span> <span class='ocrx_word' id='word_1_232' title='bbox 1999 3155 2076 3226; x_wconf 90' lang='grc' dir='ltr'><strong><em>τὸ</em></strong></span> <span class='ocrx_word' id='word_1_233' title='bbox 2139 3155 2596 3245; x_wconf 78' lang='grc' dir='ltr'><strong><em>άπιστηθῆναι</em></strong></span> <span class='ocrx_word' id='word_1_234' title='bbox 2653 3156 2827 3238; x_wconf 80' lang='grc' dir='ltr'><strong><em>ὅλως</em></strong></span> 
     </span>
    </p>
   </div>
   <div class='ocr_carea' id='block_1_3' title="bbox 537 3267 963 3277">
    <p class='ocr_par' dir='ltr' id='par_1_10' title="bbox 537 3267 963 3277">
     <span class='ocr_line' id='line_1_29' title="bbox 537 3267 963 3277; baseline 0 1615"><span class='ocrx_word' id='word_1_235' title='bbox 537 3267 963 3277; x_wconf 95' lang='lat' dir='ltr'><strong><em> </em></strong></span> 
     </span>
    </p>
   </div>
   <div class='ocr_carea' id='block_1_4' title="bbox 531 3311 2835 3719">
    <p class='ocr_par' dir='ltr' id='par_1_11' title="bbox 531 3311 2831 3547">
     <span class='ocr_line' id='line_1_30' title="bbox 677 3311 2829 3390; baseline 0.001 -18"><span class='ocrx_word' id='word_1_236' title='bbox 677 3325 704 3372; x_wconf 88' lang='grc'>1</span> <span class='ocrx_word' id='word_1_237' title='bbox 744 3315 905 3380; x_wconf 82' lang='grc' dir='ltr'><strong><em>κλέος</em></strong></span> <span class='ocrx_word' id='word_1_238' title='bbox 939 3311 1093 3388; x_wconf 73' lang='grc' dir='ltr'><strong><em>εὐρύ,</em></strong></span> <span class='ocrx_word' id='word_1_239' title='bbox 1131 3335 1256 3373; x_wconf 85' lang='lat' dir='ltr'><strong><em>cum</em></strong></span> <span class='ocrx_word' id='word_1_240' title='bbox 1287 3317 1462 3387; x_wconf 76' lang='grc' dir='ltr'><strong><em>μέγας</em></strong></span> <span class='ocrx_word' id='word_1_241' title='bbox 1489 3313 1801 3387; x_wconf 83' lang='grc' dir='ltr'><strong><em>φιλόσοφος</em></strong></span> <span class='ocrx_word' id='word_1_242' title='bbox 1826 3317 2125 3386; x_wconf 63' lang='lat' dir='ltr'><strong>byzantino</strong></span> <span class='ocrx_word' id='word_1_243' title='bbox 2152 3335 2291 3373; x_wconf 79' lang='lat' dir='ltr'><strong>aevo</strong></span> <span class='ocrx_word' id='word_1_244' title='bbox 2320 3318 2671 3390; x_wconf 73' lang='lat' dir='ltr'><strong><em>appellatum</em></strong></span> <span class='ocrx_word' id='word_1_245' title='bbox 2707 3336 2829 3374; x_wconf 80' lang='lat' dir='ltr'><strong>esse</strong></span> 
     </span>
     <span class='ocr_line' id='line_1_31' title="bbox 531 3394 2831 3467; baseline 0 -14"><span class='ocrx_word' id='word_1_246' title='bbox 531 3399 776 3463; x_wconf 70' lang='lat' dir='ltr'><strong><em>constet3</em></strong></span> <span class='ocrx_word' id='word_1_247' title='bbox 820 3394 973 3467; x_wconf 82' lang='grc' dir='ltr'><strong><em>παρὰ</em></strong></span> <span class='ocrx_word' id='word_1_248' title='bbox 1016 3398 1217 3453; x_wconf 78' lang='grc' dir='ltr'><strong><em>τοῦτον</em></strong></span> <span class='ocrx_word' id='word_1_249' title='bbox 1266 3414 1380 3465; x_wconf 83' lang='lat' dir='ltr'><strong><em>seq.</em></strong></span> <span class='ocrx_word' id='word_1_250' title='bbox 1429 3396 1658 3451; x_wconf 78' lang='lat' dir='ltr'><strong>Suidam</strong></span> <span class='ocrx_word' id='word_1_251' title='bbox 1708 3414 1776 3451; x_wconf 83' lang='lat' dir='ltr'><strong><em>ex</em></strong></span> <span class='ocrx_word' id='word_1_252' title='bbox 1814 3396 2023 3452; x_wconf 80' lang='lat' dir='ltr'><strong>Marini</strong></span> <span class='ocrx_word' id='word_1_253' title='bbox 2068 3399 2188 3453; x_wconf 73' lang='lat' dir='ltr'><strong>vita</strong></span> <span class='ocrx_word' id='word_1_254' title='bbox 2223 3398 2408 3453; x_wconf 83' lang='lat' dir='ltr'><strong>Procli</strong></span> <span class='ocrx_word' id='word_1_255' title='bbox 2455 3416 2500 3454; x_wconf 85' lang='lat' dir='ltr'><strong><em>c.</em></strong></span> <span class='ocrx_word' id='word_1_256' title='bbox 2541 3406 2573 3454; x_wconf 87' lang='grc'><strong>9</strong></span> <span class='ocrx_word' id='word_1_257' title='bbox 2623 3400 2831 3456; x_wconf 80' lang='lat' dir='ltr'><strong>descri-</strong></span> 
     </span>
     <span class='ocr_line' id='line_1_32' title="bbox 534 3475 2389 3547; baseline -0.001 -16"><span class='ocrx_word' id='word_1_258' title='bbox 534 3477 709 3547; x_wconf 73' lang='lat' dir='ltr'><strong><em>psisse</em></strong></span> <span class='ocrx_word' id='word_1_259' title='bbox 747 3477 977 3547; x_wconf 81' lang='lat' dir='ltr'><strong>exposui</strong></span> <span class='ocrx_word' id='word_1_260' title='bbox 1015 3478 1152 3532; x_wconf 78' lang='lat' dir='ltr'><strong>Mus.</strong></span> <span class='ocrx_word' id='word_1_261' title='bbox 1191 3478 1367 3533; x_wconf 87' lang='lat' dir='ltr'><strong>Rhen.</strong></span> <span class='ocrx_word' id='word_1_262' title='bbox 1406 3475 1613 3531; x_wconf 86' lang='lat' dir='ltr'>XXXV</span> <span class='ocrx_word' id='word_1_263' title='bbox 1650 3493 1704 3545; x_wconf 89' lang='lat' dir='ltr'><strong><em>p.</em></strong></span> <span class='ocrx_word' id='word_1_264' title='bbox 1739 3484 1839 3532; x_wconf 84' lang='grc'><strong><em>192</em></strong></span> <span class='ocrx_word' id='word_1_265' title='bbox 1982 3475 2309 3547; x_wconf 80' lang='grc' dir='ltr'><strong><em>Πάτροκλος</em></strong></span> <span class='ocrx_word' id='word_1_266' title='bbox 2345 3483 2389 3530; x_wconf 82' lang='grc' dir='ltr'><strong>Δ</strong></span> 
     </span>
    </p>

    <p class='ocr_par' dir='ltr' id='par_1_12' title="bbox 537 3555 2835 3719">
     <span class='ocr_line' id='line_1_33' title="bbox 675 3555 2653 3626; baseline 0.003 -14"><span class='ocrx_word' id='word_1_267' title='bbox 675 3556 927 3612; x_wconf 90' lang='lat' dir='ltr'>DLXXX</span> <span class='ocrx_word' id='word_1_268' title='bbox 983 3564 1014 3613; x_wconf 87' lang='grc'><strong>6</strong></span> <span class='ocrx_word' id='word_1_269' title='bbox 1053 3559 1312 3620; x_wconf 84' lang='grc' dir='ltr'><strong><em>Μαίονος</em></strong></span> <span class='ocrx_word' id='word_1_270' title='bbox 1349 3576 1491 3611; x_wconf 77' lang='lat' dir='ltr'>unus</span> <span class='ocrx_word' id='word_1_271' title='bbox 1530 3555 1656 3614; x_wconf 81' lang='lat' dir='ltr'><strong>add.</strong></span> <span class='ocrx_word' id='word_1_272' title='bbox 1694 3562 1741 3609; x_wconf 78' lang='lat' dir='ltr'>A</span> <span class='ocrx_word' id='word_1_273' title='bbox 1912 3564 1944 3613; x_wconf 85' lang='grc'><strong>9</strong></span> <span class='ocrx_word' id='word_1_274' title='bbox 1982 3557 2080 3612; x_wconf 78' lang='grc' dir='ltr'><strong><em>καὶ</em></strong></span> <span class='ocrx_word' id='word_1_275' title='bbox 2117 3559 2215 3626; x_wconf 87' lang='grc' dir='ltr'><strong><em>τῆς</em></strong></span> <span class='ocrx_word' id='word_1_276' title='bbox 2251 3556 2348 3614; x_wconf 75' lang='grc' dir='ltr'><strong><em>διὰ</em></strong></span> <span class='ocrx_word' id='word_1_277' title='bbox 2378 3562 2653 3617; x_wconf 68' lang='lat' dir='ltr'><strong><em>Kueterus</em></strong></span> 
     </span>
     <span class='ocr_line' id='line_1_34' title="bbox 537 3632 2835 3719; baseline 0.003 -29"><span class='ocrx_word' id='word_1_278' title='bbox 537 3643 600 3691; x_wconf 86' lang='lat'><strong><em>11</em></strong></span> <span class='ocrx_word' id='word_1_279' title='bbox 637 3634 943 3719; x_wconf 78' lang='grc' dir='ltr'><strong><em>Οἰάγνιδος</em></strong></span> <span class='ocrx_word' id='word_1_280' title='bbox 961 3642 1165 3693; x_wconf 72' lang='lat' dir='ltr'><strong><em>ABVE</em></strong></span> <span class='ocrx_word' id='word_1_281' title='bbox 1187 3632 1484 3706; x_wconf 70' lang='grc' dir='ltr'><strong><em>Ὑάγνιδος</em></strong></span> <span class='ocrx_word' id='word_1_282' title='bbox 1503 3638 1650 3707; x_wconf 65' lang='grc' dir='ltr'><strong><em>ναῖς.</em></strong></span> <span class='ocrx_word' id='word_1_283' title='bbox 1724 3634 1788 3692; x_wconf 72' lang='grc' dir='ltr'><strong><em>δὲ</em></strong></span> <span class='ocrx_word' id='word_1_284' title='bbox 1811 3643 1994 3707; x_wconf 82' lang='lat' dir='ltr'><strong><em>om.V‚</em></strong></span> <span class='ocrx_word' id='word_1_285' title='bbox 2018 3654 2129 3706; x_wconf 78' lang='lat' dir='ltr'><strong><em>seq.</em></strong></span> <span class='ocrx_word' id='word_1_286' title='bbox 2151 3637 2335 3694; x_wconf 81' lang='lat' dir='ltr'><strong>delevi</strong></span> <span class='ocrx_word' id='word_1_287' title='bbox 2355 3641 2480 3697; x_wconf 82' lang='lat' dir='ltr'><strong>coll.</strong></span> <span class='ocrx_word' id='word_1_288' title='bbox 2502 3660 2554 3696; x_wconf 85' lang='lat' dir='ltr'><strong><em>v.</em></strong></span> <span class='ocrx_word' id='word_1_289' title='bbox 2575 3640 2835 3711; x_wconf 81' lang='grc' dir='ltr'><strong><em>Λυγκεύς</em></strong></span> 
     </span>
    </p>
   </div>
   <div class='ocr_carea' id='block_1_5' title="bbox 535 3725 2835 4445">
    <p class='ocr_par' dir='ltr' id='par_1_13' title="bbox 678 3725 2681 3796">
     <span class='ocr_line' id='line_1_35' title="bbox 678 3725 2681 3796; baseline 0.001 -17"><span class='ocrx_word' id='word_1_290' title='bbox 678 3726 962 3780; x_wconf 86' lang='lat' dir='ltr'>DLXXXI</span> <span class='ocrx_word' id='word_1_291' title='bbox 999 3743 1106 3782; x_wconf 92' lang='lat' dir='ltr'><strong><em>om.</em></strong></span> <span class='ocrx_word' id='word_1_292' title='bbox 1137 3726 1412 3781; x_wconf 69' lang='lat' dir='ltr'><strong><em>Westerm.</em></strong></span> <span class='ocrx_word' id='word_1_293' title='bbox 1470 3726 1661 3782; x_wconf 75' lang='lat' dir='ltr'><strong>Vitam</strong></span> <span class='ocrx_word' id='word_1_294' title='bbox 1690 3725 2141 3783; x_wconf 74' lang='lat' dir='ltr'><strong>commenticiam</strong></span> <span class='ocrx_word' id='word_1_295' title='bbox 2174 3725 2500 3796; x_wconf 78' lang='lat' dir='ltr'><strong>Bernhardy</strong></span> <span class='ocrx_word' id='word_1_296' title='bbox 2540 3725 2681 3782; x_wconf 72' lang='lat' dir='ltr'><strong>dicit</strong></span> 
     </span>
    </p>

    <p class='ocr_par' dir='ltr' id='par_1_14' title="bbox 535 3804 2835 4445">
     <span class='ocr_line' id='line_1_36' title="bbox 679 3804 2831 3877; baseline 0.002 -18"><span class='ocrx_word' id='word_1_297' title='bbox 679 3804 982 3860; x_wconf 91' lang='lat' dir='ltr'>DLXXXII</span> <span class='ocrx_word' id='word_1_298' title='bbox 1020 3805 1102 3861; x_wconf 86' lang='lat' dir='ltr'><strong><em>cf.</em></strong></span> <span class='ocrx_word' id='word_1_299' title='bbox 1122 3805 1401 3875; x_wconf 82' lang='lat' dir='ltr'><strong>Weleker‚</strong></span> <span class='ocrx_word' id='word_1_300' title='bbox 1429 3805 1534 3877; x_wconf 89' lang='lat' dir='ltr'><strong><em>Ep.</em></strong></span> <span class='ocrx_word' id='word_1_301' title='bbox 1564 3806 1714 3876; x_wconf 79' lang='lat' dir='ltr'><strong>Cyel.</strong></span> <span class='ocrx_word' id='word_1_302' title='bbox 1744 3825 1799 3876; x_wconf 89' lang='lat' dir='ltr'><strong><em>p.</em></strong></span> <span class='ocrx_word' id='word_1_303' title='bbox 1831 3811 1952 3873; x_wconf 79' lang='lat'>147,</span> <span class='ocrx_word' id='word_1_304' title='bbox 1981 3806 2194 3872; x_wconf 81' lang='lat' dir='ltr'><strong>Rohde,</strong></span> <span class='ocrx_word' id='word_1_305' title='bbox 2223 3805 2364 3860; x_wconf 73' lang='lat' dir='ltr'><strong><em>Mne.</em></strong></span> <span class='ocrx_word' id='word_1_306' title='bbox 2394 3804 2571 3862; x_wconf 83' lang='lat' dir='ltr'><strong>Rhen.</strong></span> <span class='ocrx_word' id='word_1_307' title='bbox 2596 3807 2831 3863; x_wconf 88' lang='lat' dir='ltr'>XXXVI</span> 
     </span>
     <span class='ocr_line' id='line_1_37' title="bbox 535 3885 2831 3957; baseline 0 -14"><span class='ocrx_word' id='word_1_308' title='bbox 535 3905 589 3956; x_wconf 89' lang='lat' dir='ltr'><strong><em>p.</em></strong></span> <span class='ocrx_word' id='word_1_309' title='bbox 620 3892 740 3941; x_wconf 86' lang='grc'><strong>386.</strong></span> <span class='ocrx_word' id='word_1_310' title='bbox 806 3885 890 3940; x_wconf 91' lang='lat' dir='ltr'><strong><em>De</em></strong></span> <span class='ocrx_word' id='word_1_311' title='bbox 926 3888 1052 3941; x_wconf 76' lang='lat' dir='ltr'><strong>tota</strong></span> <span class='ocrx_word' id='word_1_312' title='bbox 1087 3886 1230 3956; x_wconf 75' lang='lat' dir='ltr'><strong>vita,</strong></span> <span class='ocrx_word' id='word_1_313' title='bbox 1271 3887 1426 3941; x_wconf 82' lang='lat' dir='ltr'><strong>cuius</strong></span> <span class='ocrx_word' id='word_1_314' title='bbox 1462 3886 1707 3942; x_wconf 82' lang='lat' dir='ltr'><strong>maxima</strong></span> <span class='ocrx_word' id='word_1_315' title='bbox 1733 3903 1863 3957; x_wconf 78' lang='lat' dir='ltr'><strong>pars</strong></span> <span class='ocrx_word' id='word_1_316' title='bbox 1889 3887 2201 3956; x_wconf 83' lang='lat' dir='ltr'><strong>Porphyrio</strong></span> <span class='ocrx_word' id='word_1_317' title='bbox 2240 3885 2501 3955; x_wconf 73' lang='lat' dir='ltr'><strong>debetur,</strong></span> <span class='ocrx_word' id='word_1_318' title='bbox 2540 3886 2660 3942; x_wconf 82' lang='lat' dir='ltr'>dixi</span> <span class='ocrx_word' id='word_1_319' title='bbox 2686 3888 2831 3943; x_wconf 79' lang='lat' dir='ltr'><strong>Mus.</strong></span> 
     </span>
     <span class='ocr_line' id='line_1_38' title="bbox 535 3966 2833 4037; baseline 0.002 -17"><span class='ocrx_word' id='word_1_320' title='bbox 535 3966 712 4022; x_wconf 85' lang='lat' dir='ltr'><strong>Rhen.</strong></span> <span class='ocrx_word' id='word_1_321' title='bbox 753 3966 961 4021; x_wconf 87' lang='lat' dir='ltr'>XXXV</span> <span class='ocrx_word' id='word_1_322' title='bbox 998 3985 1053 4036; x_wconf 87' lang='lat' dir='ltr'><strong><em>p.</em></strong></span> <span class='ocrx_word' id='word_1_323' title='bbox 1086 3972 1203 4022; x_wconf 83' lang='grc'><strong>198.</strong></span> <span class='ocrx_word' id='word_1_324' title='bbox 1279 3966 1461 4022; x_wconf 75' lang='lat' dir='ltr'>Multa</span> <span class='ocrx_word' id='word_1_325' title='bbox 1503 3968 1771 4023; x_wconf 73' lang='lat' dir='ltr'><strong>videlieet</strong></span> <span class='ocrx_word' id='word_1_326' title='bbox 1804 3970 2002 4037; x_wconf 63' lang='lat' dir='ltr'><strong><em>posssea</em></strong></span> <span class='ocrx_word' id='word_1_327' title='bbox 2046 3983 2113 4022; x_wconf 86' lang='lat' dir='ltr'><strong><em>ex</em></strong></span> <span class='ocrx_word' id='word_1_328' title='bbox 2151 3967 2441 4021; x_wconf 70' lang='lat' dir='ltr'><strong>Athenaeo</strong></span> <span class='ocrx_word' id='word_1_329' title='bbox 2480 3970 2540 4023; x_wconf 75' lang='lat' dir='ltr'><strong><em>et</em></strong></span> <span class='ocrx_word' id='word_1_330' title='bbox 2582 3969 2833 4025; x_wconf 81' lang='lat' dir='ltr'><strong>Pseudo-</strong></span> 
     </span>
     <span class='ocr_line' id='line_1_39' title="bbox 535 4045 2835 4118; baseline 0.001 -17"><span class='ocrx_word' id='word_1_331' title='bbox 535 4047 842 4102; x_wconf 77' lang='lat' dir='ltr'><strong>herodotea.</strong></span> <span class='ocrx_word' id='word_1_332' title='bbox 875 4046 996 4102; x_wconf 75' lang='lat' dir='ltr'><strong>vita</strong></span> <span class='ocrx_word' id='word_1_333' title='bbox 1031 4048 1325 4118; x_wconf 74' lang='lat' dir='ltr'><strong>desumpta,</strong></span> <span class='ocrx_word' id='word_1_334' title='bbox 1454 4055 1519 4103; x_wconf 89' lang='grc'><strong><em>16</em></strong></span> <span class='ocrx_word' id='word_1_335' title='bbox 1557 4045 1784 4118; x_wconf 85' lang='grc' dir='ltr'><strong><em>νύμφης</em></strong></span> <span class='ocrx_word' id='word_1_336' title='bbox 1820 4045 2013 4102; x_wconf 77' lang='lat' dir='ltr'><strong>addidi</strong></span> <span class='ocrx_word' id='word_1_337' title='bbox 2042 4062 2110 4101; x_wconf 83' lang='lat' dir='ltr'><strong><em>ex</em></strong></span> <span class='ocrx_word' id='word_1_338' title='bbox 2134 4052 2179 4099; x_wconf 83' lang='lat' dir='ltr'>V</span> <span class='ocrx_word' id='word_1_339' title='bbox 2310 4053 2373 4101; x_wconf 83' lang='lat'><strong><em>17</em></strong></span> <span class='ocrx_word' id='word_1_340' title='bbox 2413 4046 2482 4103; x_wconf 84' lang='lat' dir='ltr'><strong><em>cf.</em></strong></span> <span class='ocrx_word' id='word_1_341' title='bbox 2521 4047 2729 4103; x_wconf 76' lang='lat' dir='ltr'><strong>Mflller</strong></span> <span class='ocrx_word' id='word_1_342' title='bbox 2757 4050 2835 4103; x_wconf 84' lang='lat'><strong><em>111</em></strong></span> 
     </span>
     <span class='ocr_line' id='line_1_40' title="bbox 537 4124 2833 4199; baseline 0.001 -17"><span class='ocrx_word' id='word_1_343' title='bbox 537 4147 590 4198; x_wconf 90' lang='lat' dir='ltr'><strong><em>p.</em></strong></span> <span class='ocrx_word' id='word_1_344' title='bbox 631 4134 731 4183; x_wconf 83' lang='lat'><strong><em>641</em></strong></span> <span class='ocrx_word' id='word_1_345' title='bbox 771 4131 1030 4190; x_wconf 84' lang='grc' dir='ltr'><strong><em>Μαίονος</em></strong></span> <span class='ocrx_word' id='word_1_346' title='bbox 1065 4133 1166 4181; x_wconf 78' lang='lat' dir='ltr'><strong><em>Av</em></strong></span> <span class='ocrx_word' id='word_1_347' title='bbox 1203 4125 1486 4197; x_wconf 79' lang='grc' dir='ltr'><strong><em>Μάρωνος</em></strong></span> <span class='ocrx_word' id='word_1_348' title='bbox 1530 4130 1676 4199; x_wconf 71' lang='lat' dir='ltr'><strong><em>vuly.</em></strong></span> <span class='ocrx_word' id='word_1_349' title='bbox 1723 4124 1993 4197; x_wconf 83' lang='grc' dir='ltr'><strong><em>Μάρονος</em></strong></span> <span class='ocrx_word' id='word_1_350' title='bbox 2032 4132 2073 4180; x_wconf 82' lang='lat' dir='ltr'>B</span> <span class='ocrx_word' id='word_1_351' title='bbox 2121 4128 2330 4181; x_wconf 84' lang='grc' dir='ltr'><strong><em>Μιτίον</em></strong></span> <span class='ocrx_word' id='word_1_352' title='bbox 2366 4133 2465 4180; x_wconf 73' lang='lat' dir='ltr'><strong><em>VB</em></strong></span> <span class='ocrx_word' id='word_1_353' title='bbox 2510 4129 2657 4197; x_wconf 68' lang='grc' dir='ltr'><strong><em>ναῖς.</em></strong></span> <span class='ocrx_word' id='word_1_354' title='bbox 2704 4133 2833 4184; x_wconf 87' lang='grc' dir='ltr'><strong><em>Μυ-</em></strong></span> 
     </span>
     <span class='ocr_line' id='line_1_41' title="bbox 536 4202 2831 4280; baseline 0 -16"><span class='ocrx_word' id='word_1_355' title='bbox 536 4211 662 4265; x_wconf 83' lang='grc' dir='ltr'><strong><em>τίον</em></strong></span> <span class='ocrx_word' id='word_1_356' title='bbox 695 4215 738 4262; x_wconf 80' lang='lat' dir='ltr'>B</span> <span class='ocrx_word' id='word_1_357' title='bbox 899 4215 969 4265; x_wconf 92' lang='grc'><strong><em>22</em></strong></span> <span class='ocrx_word' id='word_1_358' title='bbox 1003 4204 1315 4280; x_wconf 81' lang='grc' dir='ltr'><strong><em>Ἰδμονίδης</em></strong></span> <span class='ocrx_word' id='word_1_359' title='bbox 1352 4226 1422 4264; x_wconf 85' lang='lat' dir='ltr'><strong><em>ex</em></strong></span> <span class='ocrx_word' id='word_1_360' title='bbox 1457 4209 1585 4264; x_wconf 81' lang='lat' dir='ltr'><strong>Par.</strong></span> <span class='ocrx_word' id='word_1_361' title='bbox 1622 4208 1924 4279; x_wconf 60' lang='lat' dir='ltr'><strong><em>Kasteme,</em></strong></span> <span class='ocrx_word' id='word_1_362' title='bbox 1958 4202 2272 4278; x_wconf 81' lang='grc' dir='ltr'><strong><em>Ἰαμονίδης</em></strong></span> <span class='ocrx_word' id='word_1_363' title='bbox 2308 4209 2477 4261; x_wconf 77' lang='lat' dir='ltr'><strong>antea</strong></span> <span class='ocrx_word' id='word_1_364' title='bbox 2512 4208 2831 4278; x_wconf 74' lang='lat' dir='ltr'><strong>legebatur3</strong></span> 
     </span>
     <span class='ocr_line' id='line_1_42' title="bbox 539 4282 2831 4362; baseline -0.001 -16"><span class='ocrx_word' id='word_1_365' title='bbox 539 4292 608 4346; x_wconf 84' lang='lat' dir='ltr'><strong><em>de</em></strong></span> <span class='ocrx_word' id='word_1_366' title='bbox 646 4308 830 4348; x_wconf 84' lang='lat' dir='ltr'><strong>errore</strong></span> <span class='ocrx_word' id='word_1_367' title='bbox 867 4291 1157 4346; x_wconf 77' lang='lat' dir='ltr'><strong>literarum</strong></span> <span class='ocrx_word' id='word_1_368' title='bbox 1195 4289 1500 4345; x_wconf 75' lang='lat' dir='ltr'><strong>uncianum</strong></span> <span class='ocrx_word' id='word_1_369' title='bbox 1540 4289 1609 4346; x_wconf 80' lang='lat' dir='ltr'><strong><em>ef.</em></strong></span> <span class='ocrx_word' id='word_1_370' title='bbox 1638 4309 1691 4345; x_wconf 86' lang='lat' dir='ltr'><strong><em>v.</em></strong></span> <span class='ocrx_word' id='word_1_371' title='bbox 1722 4285 2025 4362; x_wconf 77' lang='grc' dir='ltr'><strong><em>Εὐσέβιος,</em></strong></span> <span class='ocrx_word' id='word_1_372' title='bbox 2061 4282 2399 4350; x_wconf 77' lang='grc' dir='ltr'><strong><em>Μουσώνιος</em></strong></span> <span class='ocrx_word' id='word_1_373' title='bbox 2508 4292 2575 4343; x_wconf 84' lang='grc'><strong><em>26</em></strong></span> <span class='ocrx_word' id='word_1_374' title='bbox 2612 4292 2831 4359; x_wconf 84' lang='grc' dir='ltr'><strong><em>Μνησι-</em></strong></span> 
     </span>
     <span class='ocr_line' id='line_1_43' title="bbox 541 4371 1499 4445; baseline -0.001 -18"><span class='ocrx_word' id='word_1_375' title='bbox 541 4371 742 4441; x_wconf 80' lang='grc' dir='ltr'><strong><em>γένους</em></strong></span> <span class='ocrx_word' id='word_1_376' title='bbox 778 4372 936 4441; x_wconf 81' lang='lat' dir='ltr'><strong>libri,</strong></span> <span class='ocrx_word' id='word_1_377' title='bbox 975 4390 1114 4429; x_wconf 80' lang='lat' dir='ltr'><strong>corr.</strong></span> <span class='ocrx_word' id='word_1_378' title='bbox 1153 4371 1499 4445; x_wconf 69' lang='lat' dir='ltr'><strong><em>Bernhardy⁴</em></strong></span> 
     </span>
    </p>
   </div>
   <div class='ocr_carea' id='block_1_6' title="bbox 2978 713 2999 2405">
    <p class='ocr_par' dir='ltr' id='par_1_15' title="bbox 2978 713 2999 2405">
     <span class='ocr_line' id='line_1_44' title="bbox 2978 713 2999 2405; baseline 0 0"><span class='ocrx_word' id='word_1_379' title='bbox 2978 713 2999 2405; x_wconf 95' lang='lat' dir='ltr'><strong><em> </em></strong></span> 
     </span>
    </p>
   </div>
  </div>
 </body>
</html>
