3025 4892
1091 205 1523 306 fiESchUS.
2358 247 2443 311 41

177 411 564 497 Περικλέους
607 411 718 478 καὶ
767 407 1189 498 Ἰσοκράτους
1239 411 1346 478 καὶ
1389 407 1909 497 Ἀλκιδάμαντος
1953 412 2077 478 τοῦ
2123 405 2449 494 Ἐλαΐτου,

177 515 242 598 ὃς
291 515 494 586 αὐτοῦ
551 520 662 586 καὶ
723 517 850 606 τὴν
913 517 1162 606 σχολὴν
1229 519 1585 601 διεδέξατο.
1682 513 1978 605 ἀδελφὸς
2041 515 2115 585 δὲ
2178 507 2266 603 ἦν
2326 519 2449 584 τοῦ

176 629 389 712 ἰατροῦ
423 623 804 713 Ἡροδίκου.
888 624 1284 715 Πορφύριος
1321 624 1394 694 δὲ
1443 621 1651 694 αὐτὸν
1698 623 1803 692 ἐπὶ
1848 627 1965 711 τῆς
2009 623 2083 692 π’
2132 621 2471 710 ὀλυμπιά-.

65 741 80 758 ’
177 737 278 813 δος
317 739 616 820 τίθησιν·
663 730 832 801 ἀλλὰ
878 730 1004 822 χρὴ
1042 746 1230 802 νοεῖν
1267 731 1719 820 πρεσβύτερον
1760 727 1971 822 αὐτὸν
2000 729 2191 799 εἶναι.
2256 721 2451 810 οὗτος

176 844 412 924 πρῶτος
465 845 556 932 τῷ
606 843 935 932 ῥητορικῷ
985 844 1148 909 εἴδει
1202 844 1318 926 τῆς
1363 843 1665 919 παιδείας
1713 837 2006 924 δύναμίν
2050 863 2121 905 τε
2166 858 2441 926 φραστι-
2473 861 2499 902 ⁶

177 945 286 1033 κὴν
327 948 435 1015 καὶ
481 949 724 1035 τέχνην
774 951 1008 1034 ἔδωκε,
1054 961 1330 1032 τροπαῖς
1372 972 1443 1015 τε
1487 948 1599 1015 καὶ
1646 959 2053 1034 μεταφοραῖς
2097 945 2207 1012 καὶ
2255 941 2451 1030 άλλη-

181 1061 416 1142 γορίαις
459 1056 572 1122 καὶ
617 1052 1029 1142 ὑπαλλαγατς
1073 1055 1184 1124 καὶ
1231 1053 1671 1142 καταχρήσεσι
1724 1053 1836 1120 καὶ
1890 1049 2295 1140 ὑπερβάσεσι
2340 1052 2451 1119 καὶ

111 1191 122 1201 ·
179 1159 649 1232 ἄναδιπλῶσεσι
693 1163 832 1232 καὶ
853 1162 1306 1254 ἐπάναλήψεσι
1355 1162 1466 1230 καὶ
1511 1157 1967 1248 ἀποστροφαῖς
2006 1158 2117 1226 καὶ
2162 1155 2451 1245 παρισώ-

181 1288 344 1337 σεσιν
398 1269 741 1357 ἐχρήσατο.
832 1275 1105 1358 ἔπραττε
1152 1269 1228 1338 δὲ
1265 1273 1400 1338 τῶν
1447 1272 1773 1356 μαθητῶν
1820 1269 2099 1335 ἕκαστον
2145 1269 2314 1354 μνᾶς
2358 1264 2451 1402 ρ’.

188 1378 324 1460 ε’βίω
371 1375 446 1444 δὲ
493 1382 604 1463 ἔτη
651 1377 784 1464 ρθ’,
829 1377 942 1444 καὶ
987 1375 1454 1464 συνεγράψατο
1501 1373 1732 1443 πολλά.
2482 1396 2533 1436 ιο

339 1484 586 1552 CLXV.
671 1482 1141 1570 [Γρηγόριος
1187 1480 1224 1551 6
1263 1484 1372 1550 καὶ
1409 1481 1791 1568 Θεόδωρος,
1840 1476 1875 1548 6
1914 1478 2455 1567 θαυματουργός,

173 1596 682 1676 Νεοκαισαρείας
723 1593 842 1676 τῆς
885 1592 960 1659 έν
1005 1592 1098 1682 τῷ
1137 1589 1382 1680 Πόντῳ
1421 1590 1805 1672 ἐπίσκοπος,
1852 1588 2002 1680 νέος
2047 1589 2290 1675 κομιδῇ
2338 1585 2453 1653 διὰ

172 1696 288 1782 τὴν
329 1701 680 1765 παίδευσιν
716 1694 1130 1784 Ἑλληνικῶν
1171 1723 1242 1764 τε
1285 1697 1397 1764 καὶ
1435 1693 1823 1782 Ῥωμαϊκῶν
1866 1692 2275 1782 γραμμάτων
2320 1689 2451 1760 άπὸ

172 1807 282 1889 τῆς
323 1807 800 1884 Καππαδοκίας
855 1808 949 1885 είς
995 1801 1306 1892 Βηρυτὸν
1360 1801 1675 1870 κάκεῦθεν
1732 1805 1826 1880 εἰς
1871 1803 2285 1889 Καισάρειαν
2329 1796 2453 1886 τὴν

167 1914 278 1996 τῆς
327 1917 776 1997 Παλαιστίνης
832 1913 1053 1997 διέβη,
1107 1908 1245 1996 ἅμα
1295 1907 1745 1999 Ἀθηνοδώρῳ
1800 1906 2096 2000 ἀδελφῷ·
2173 1903 2292 1988 οὓς
2342 1907 2453 1974 καὶ
2484 1931 2533 1970 15

165 2016 322 2084 κατὰ
378 2019 576 2106 μέρος
637 2023 730 2098 εἰς
781 2017 906 2104 τὴν
957 2022 1080 2087 τοῦ
1135 2020 1428 2101 Χριστοῦ
1483 2021 1707 2083 πίστιν
1764 2013 2052 2101 εἰσάγων
2109 2011 2455 2102 Ὠριγένης

168 2123 442 2210 ζηλωτὰς
479 2128 697 2204 ἰδίους
736 2125 1150 2212 κατέστησεν.
1206 2125 1310 2191 ἐπὶ
1350 2124 1545 2191 πέντε
1589 2127 1827 2190 τοίνυν
1863 2120 2019 2210 παρ’
2054 2120 2269 2190 αὐτοῦ
2304 2145 2449 2188 παι·

166 2232 511 2311 δευθέντες
574 2231 923 2311 ἐνιαυτοὺς
975 2229 1142 2317 πρὸς
1196 2228 1321 2317 τὴν
1377 2233 1664 2313 πατρίδα
1734 2226 2260 2316 άποπέμπονται·
2326 2224 2448 2314 ἀφ’

168 2328 250 2405 οὗ
296 2335 330 2406 6
367 2337 739 2426 Γρηγόριος
785 2335 1154 2425 ἀποδημῶν
1192 2334 1653 2424 πανηγυρικὸν
1691 2333 2114 2424 εὐχαριστίας
2150 2340 2239 2428 τῷ
2280 2331 2455 2420 Ὠρι-

163 2447 336 2530 γένει
380 2450 627 2533 ἔγραψε
673 2445 912 2531 λόγον,
958 2445 1069 2512 καὶ
1108 2443 1685 2531 συνκαλεσάμενος
1720 2441 1971 2523 πάντας
2011 2440 2170 2522 τοὺς
2218 2444 2450 2528 έπιχω-
2478 2465 2531 2504 20

163 2557 373 2636 ρίους,
431 2549 642 2620 αὐτοῦ
700 2579 770 2620 τε
831 2557 952 2620 τοῦ
1006 2550 1392 2640 Ὠριγένους
1449 2549 1815 2640 παρόντος,
1879 2552 2120 2618 τοῦτον
2188 2545 2451 2634 ἀνέγνω

161 2656 280 2725 τὸν
319 2657 544 2744 λόγον,
591 2647 774 2739 ὅστις
807 2657 961 2748 ἄχρι
1007 2662 1130 2728 τοῦ
1176 2657 1508 2745 παρόντος
1553 2655 1853 2746 ὑπάρχει.
1945 2661 2191 2744 ἔγραψε
2230 2654 2303 2723 δὲ
2340 2655 2455 2722 καὶ

163 2765 571 2854 μετάφρασιν
627 2771 721 2846 εἰς
781 2765 901 2835 τὸν
957 2765 1466 2852 ἐκκλησιαστήν,
1533 2763 1880 2853 ἐλάχιστον
1943 2763 2066 2851 μὲν
2128 2761 2309 2831 πάνυ
2375 2761 2449 2830 δὲ

163 2871 552 2958 θαυμαστὸν
605 2874 826 2960 λόγον.
905 2872 1016 2939 καὶ
1055 2871 1263 2951 ἄλλας
1309 2870 1381 2939 δὲ
1419 2869 1668 2951 πολλὰς
1702 2873 1813 2940 καὶ
1849 2877 2155 2950 ποικίλας
2199 2872 2453 2938 ἐπιστο-

162 2977 279 3057 λὰς
320 2979 429 3046 καὶ
466 2979 712 3066 λόγους
749 2975 1245 3065 συνεχράψατο,
1290 2976 1573 3064 ποιήσας
1608 3004 1677 3046 τε
1716 2991 1953 3064 σημεῖα
1988 2978 2099 3045 καὶ
2133 2975 2448 3063 θαύματα
2476 2998 2530 3038 25

168 3081 328 3172 ὑπὲρ
366 3085 767 3173 ἄνθρωπον,
814 3084 1016 3174 ἡνίκα
1053 3088 1407 3164 ἐπίσκοπος
1449 3084 1845 3171 ἐτύγχανεν,
1893 3083 2311 3169 ἐτελεύτησεν
2350 3079 2449 3150 ἐπ’

171 3191 644 3278 Αὖρηλιανοῦ.]

303 3361 330 3407 1
367 3349 629 3408 Ἐλαΐτου
667 3370 802 3408 corr.
841 3353 1116 3408 Kusterus
1148 3347 1414 3406 Ἐλεάτου
1443 3358 1597 3407 AVB
1632 3345 1927 3405 Ἐλαιάτου
1964 3355 2005 3403 Β
2037 3344 2271 3404 Ἐλάτου
2308 3349 2455 3419 moly,

164 3430 310 3488 Eud.
456 3441 490 3488 2
538 3428 788 3501 ἀδελφὸς
827 3463 890 3472 -
932 3429 1080 3487 εἶναι
1125 3449 1234 3487 om.
1271 3439 1318 3487 V
1461 3440 1492 3487 3
1544 3433 1612 3488 cf.
1663 3431 1835 3486 schol.
1876 3431 2095 3486 Platon.
2140 3430 2211 3485 VI
2259 3448 2312 3499 p.
2353 3436 2457 3486 298

166 3510 373 3567 Herm.:
421 3506 587 3576 οὗτος
637 3509 740 3584 οὐχ
785 3508 816 3568 6
857 3508 1289 3584 Σηλυμβριανός
1336 3507 1485 3566 ἔστιν
1526 3507 1845 3580 “Ηρόδιιιος,
1890 3506 2016 3565 ἀλλ’
2058 3507 2089 3564 ὁ
2137 3515 2457 3580 Λεοντῖνος,

169 3593 404 3662 Γοργίου
443 3589 711 3663 ἀδελφός.
779 3592 859 3647 cf.
900 3593 1072 3648 etiam
1110 3593 1186 3647 VI
1223 3611 1276 3663 p.
1318 3599 1437 3650 339.
1502 3593 1589 3646 Ad
1627 3593 1865 3647 eundem
1903 3595 2053 3647 certe
2091 3591 2309 3660 spectat
2338 3590 2457 3644 Sui-

167 3669 260 3726 das
286 3693 336 3728 v.
368 3669 662 3743 “Ηρόδιιιος
809 3679 840 3727 5
879 3673 949 3727 de
979 3672 1224 3744 Gorgiae
1261 3675 1448 3728 aetate
1485 3675 1557 3729 cf.
1586 3673 1809 3739 Rohde,
1845 3672 1987 3728 Mus,
2016 3673 2194 3728 Rhen.
2225 3670 2456 3724 XXXIII

169 3767 220 3818 p.
262 3759 363 3808 185
398 3757 513 3809 not.
661 3760 694 3809 6
732 3773 790 3808 τε
830 3771 936 3808 om
978 3759 1023 3805 V
1167 3759 1198 3807 9
1238 3747 1285 3821 ρ’
1328 3785 1392 3792 -
1431 3754 1563 3810 οκίή.
1605 3771 1715 3808 om
1754 3759 1799 3805 V

302 3832 495 3888 CLXV
539 3835 940 3904 Hieronymus·
954 3834 1300 3902 Sophronias
1327 3849 1372 3887 ο.
1405 3839 1489 3903 65,
1527 3834 1625 3902 qui
1661 3831 1939 3902 Hesychio
1967 3831 2263 3888 materiam
2302 3829 2458 3885 dedit

173 3915 229 3963 11
266 3911 589 3983 Θεόδωρος,
626 3933 691 3975 ος
725 3931 962 3980 υστερον
1001 3907 1134 3982 ἐκλή
1162 3910 1560 3982 θηΓρηγόριος
1590 3913 1855 3983 Sophron.
1894 3913 1969 3967 id.
2012 3929 2117 3968 om.
2160 3907 2191 3966 6
2228 3914 2454 3980 θαυμα·

169 3990 396 4060 τουργός
507 4000 569 4048 12
608 3990 712 4062 τὴν
741 4011 850 4048 om.
879 3993 1046 4062 δορὴ.
1160 3999 1224 4047 13
1253 3991 1633 4047 παιδευθέντε
1675 3992 1839 4063 Soph.
1953 3999 2017 4047 15
2048 3983 2128 4046 ὧν
2156 4011 2325 4046 τινων
2353 3986 2458 4059 τὴν

172 4063 448 4140 ἐξαίρετον
486 4068 734 4142 εὐφυίαν
783 4068 1045 4142 εωρακῶς
1085 4067 1369 4141 Ὦριγένης
1405 4092 1641 4134 τουτους
1678 4071 1760 4135 εἰς
1807 4074 2151 4142 φιλοσοφίαν
2196 4071 2455 4141 προετρέ-

170 4158 311 4214 ψατο
347 4151 475 4208 add.
507 4152 672 4222 δορὴ.
785 4159 850 4207 18
889 4147 992 4220 τὴν
1023 4150 1232 4221 μητέρα
1261 4152 1426 4222 Soph.
1519 4147 1628 4222 ἀφ’
1661 4172 1739 4206 ων
1778 4153 1940 4224 Soph.
2037 4159 2105 4210 23
2142 4148 2311 4222 λόγον
2348 4168 2457 4207 om.

175 4225 330 4296 Soph.
369 4225 520 4296 ὅστις
547 4231 645 4286 καὶ
676 4233 822 4304 vuly.
861 4231 958 4285 καὶ
987 4247 1095 4284 om.
1125 4236 1171 4283 Δ
1199 4231 1364 4302 Soph.
1474 4240 1543 4288 22
1575 4231 1852 4302 ἔκφρασιν
1879 4232 2041 4302 Soph.
2153 4236 2363 4286 24-27
2393 4230 2457 4287 δὲ

173 4335 234 4346 —
263 4312 360 4365 καὶ
385 4315 644 4375 ποικίλας
671 4343 741 4353 -
771 4307 918 4380 ὑπὲρ
955 4308 1267 4379 ἄνθρωπον
1299 4343 1367 4353 -
1406 4311 1768 4380 ἐτελεύτησεν
1815 4308 1908 4368 ἐπ’
1949 4307 2304 4382 Αὖρηλιανοῦ
2345 4329 2459 4366 om.

174 4384 331 4458 Soph.
429 4399 498 4448 26
540 4388 630 4448 ἐπὶ
666 4387 972 4448 Ἰουλιανοῦ
1004 4394 1150 4466 vulo.
1182 4388 1273 4448 ἐπ’
1297 4388 1651 4464 Αὖρηλιανοῦ
1693 4408 1761 4449 ex
1790 4393 2006 4450 duobus
2032 4393 2162 4453 Par.
2182 4393 2458 4451 Kasterus
