3025 4892
1096 203 1524 261 HESYCHIUS.
2328 207 2455 272 159

197 364 289 431 καὶ
330 368 586 449 Βοιοῦς,
641 368 711 431 οἱ
754 363 828 431 δὲ
869 362 1195 447 Ἰοκλέους
1240 366 1406 451 φασὶ
1449 366 1563 433 καὶ
1608 370 2051 453 Μετανείρας,
2098 369 2169 433 οἱ
2212 366 2285 433 δὲ
2312 364 2455 451 Ἑρ-

193 474 324 554 μοῦ.
404 472 634 556 γέγονε
697 470 772 539 δὲ
799 504 806 509 ·
829 469 996 539 κατὰ
1047 474 1174 559 μέν
1229 498 1418 551 τινας
1473 469 1635 559 μετὰ
1698 470 2097 558 Φημονόην,
2154 470 2323 541 κατὰ
2382 472 2457 539 δὲ

189 574 410 655 ἄλλους
459 577 567 645 καὶ
621 575 753 665 πρὸ
811 576 1031 665 αὐτῆς.
1123 583 1369 667 ἔγραψε
1426 576 1502 645 δὲ
1554 584 1999 665 κοσμοποιίαν
2056 584 2149 658 είς
2204 583 2325 663 ἔπη
2376 604 2455 669 Ιε,

184 679 567 764 ’Λπόλλωνος
636 684 746 751 καὶ
787 680 1167 771 Ἀρτέμιδος
1227 684 1464 771 γονάς,
1536 690 1659 771 ἔπη
1726 712 1825 774 ly,
1858 682 2279 773 ·Ἀφροδίτης
2322 686 2457 769 ,καὶ

173 786 436 874 Ἔρωτος
480 788 712 876 φωνὰς
756 790 866 857 καὶ
913 790 1192 877 λόγους,
1239 796 1361 878 ἔπη
1411 818 1490 881 ,ε,
1534 788 1823 879 Ἀθηνᾶς
1870 797 2015 879 ἔριν
2058 793 2170 861 καὶ
2218 799 2457 859 Ποσει-
2486 812 2511 853 ⁵

189 899 416 983 δῶνος,
461 902 581 983 ἔπη
631 924 732 987 pc,
779 900 1046 981 Λητοῦς
1091 896 1452 985 πλόκαμον.

342 1022 563 1091 DCIV.
648 1027 1242 1107 Παλαίφατος
1304 1022 1565 1110 Πάριος
1628 1018 1669 1108 ἢ
1732 1025 2101 1109 Πριηνεύς,
2166 1021 2461 1110 γεγονὼς

180 1126 330 1195 κατὰ
375 1126 821 1217 Ἀρταξέρξην.
901 1125 1219 1196 ’ἀπίστων
1279 1134 1511 1215 βιβλία
1576 1128 1634 1195 ε’
1700 1130 1904 1216 (τινὲς
1968 1130 2043 1198 δὲ
2104 1134 2309 1199 ταῦτα
2364 1135 2459 1210 εἰς

185 1231 294 1300 τὸν
332 1230 691 1321 Ἀθηναῖον
738 1232 1207 1324 ἀναφέρουσι).
1291 1234 1466 1323 πλὴν
1511 1237 1623 1304 καὶ
1670 1227 1867 1317 οὗτος
1915 1243 2177 1326 ἔγραψε.
2206 1291 2221 1307 .
2251 1290 2265 1307 .

339 1361 532 1429 DCV.
613 1365 1142 1446 Παλαίφατος
1192 1356 1561 1445 Ἀβυδηνὸς
1628 1360 1973 1449 ἱστορικός.
2075 1361 2455 1449 Κυπριακά,
2487 1384 2537 1423 1⁰

180 1466 501 1552 Δηλιακά,
558 1464 838 1553 Ἀττικά,
890 1463 1222 1555 Ἀραβικά.
1253 1465 1266 1556 Ι
1302 1468 1539 1552 γέγονε
1583 1467 1659 1535 δὲ
1706 1469 1812 1537 ἐπὶ
1854 1466 2295 1553 Ἀλεξάνδρου
2338 1467 2459 1537 τοῦ

174 1573 586 1661 Μακεδόνος,
657 1572 932 1641 παιδικὰ
1007 1573 1079 1641 δὲ
1137 1570 1631 1660 Ἀριστοτέλους
1693 1578 1817 1643 τοῦ
1882 1574 2295 1662 φιλοσόφου,
2371 1574 2461 1657 ὥς

179 1684 394 1747 Φίλων
455 1682 532 1748 ἐν
585 1684 676 1773 τῷ
733 1680 798 1747 ε’
855 1685 1156 1770 στοιχείῳ
1213 1683 1336 1747 τοῦ
1388 1681 1540 1768 περὶ
1588 1681 1975 1767 παραδόξου
2021 1686 2315 1770 ἱστορίας
2357 1687 2460 1768 βι-

171 1788 356 1869 βλίον
401 1786 470 1853 α’
517 1788 628 1855 καὶ
675 1786 1028 1875 Θεόδωρος
1073 1783 1109 1853 ὃ
1155 1783 1386 1865 Ἰλιεὺς
1431 1788 1504 1854 ἐν
1552 1786 1623 1875 β’
1677 1793 2009 1878 Τρωικῶν.
2050 1787 2063 1878 Ι

337 1904 568 1970 DCVI.
624 1908 1150 1989 Παλαίφατος
1183 1900 1548 1987 Αἰγύπτιος
1576 1902 1589 1993 Ι
1619 1898 1665 1989 ἦ
1704 1902 2059 1990 Ἀθηναῖος
2086 1902 2132 1993 Ι,
2161 1929 2458 1990 γραμμα·
2490 1936 2539 1975 15

305 2168 331 2215 1
371 2162 540 2223 Βιοῦς
575 2162 720 2231 vuly.
749 2162 900 2216 Eud.
932 2160 1135 2221 Βοιοῦς
1161 2163 1202 2210 Β
1312 2165 1346 2211 4
1380 2155 1525 2227 Ἅφρ.
1562 2159 1660 2212 καὶ
1686 2156 1803 2229 Ἕρ.
1835 2156 2008 2229 γονὰς
2044 2160 2286 2215 tentavit
2314 2161 2453 2215 Gro-

167 2243 368 2295 novius.
434 2240 694 2297 Ceterum
741 2242 1052 2309 carminum
1096 2239 1348 2295 tabulam
1385 2237 1651 2293 ficticiam
1698 2256 1817 2295 0880
1860 2242 2066 2297 docent
2100 2241 2303 2309 Bergk.
2344 2241 2454 2299 Lit.

173 2322 255 2375 Gr.
293 2322 409 2391 lp.
451 2326 553 2376 405
592 2324 707 2377 not.
747 2329 880 2392 270,
917 2322 1114 2388 Hiner,
1153 2321 1290 2374 Mus.
1329 2317 1508 2373 Rhen.
1547 2318 1782 2372 XXXIII
1820 2338 1874 2389 p.
1905 2326 2009 2374 522

301 2408 476 2462 DCIV
512 2410 662 2466 Eud.
701 2431 756 2481 p.
797 2416 927 2480 601,
979 2426 1122 2478 quae
1161 2407 1361 2477 incipit
1407 2406 1502 2461 καὶ
1545 2404 1619 2463 ἔτ.
1658 2411 1800 2464 Παλ.
1876 2409 2038 2462 Η11110
2086 2423 2188 2461 1100
2224 2406 2454 2462 Parium

165 2483 263 2542 nec
290 2487 646 2545 Prienensem
675 2508 795 2546 0880
826 2490 924 2546 8οᾶ
953 2490 1116 2545 Pario
1141 2486 1498 2557 Hellesponti
1527 2490 1711 2542 ortum
1740 2490 1797 2542 et
1824 2472 1960 2541 olim
1988 2488 2256 2558 scriptum
2284 2488 2457 2545 fuisse

165 2564 486 2636 Παριηνεύς
529 2569 810 2638 persuasit
845 2570 1166 2624 Gutschmid
1213 2568 1337 2623 coll.
1380 2567 1573 2637 Steph.
1613 2568 1739 2637 Byz.
1786 2587 1838 2623 v.
1878 2566 2099 2637 Πάριον
2148 2584 2255 2623 800.
2296 2570 2455 2625 codd.

165 2648 283 2716 RV,
330 2648 429 2716 qni
466 2647 637 2704 etiam
683 2651 833 2704 hunc
879 2648 1290 2717 Palaephatum
1327 2647 1634 2702 Artaxerxe
1683 2646 1853 2702 tertio
1898 2650 2167 2719 regnante
2214 2649 2287 2703 ad
2332 2648 2457 2703 Ari-

163 2728 418 2782 stotelem
479 2746 528 2783 a.
576 2736 878 2785 347—344
933 2728 1165 2784 Atarnei
1219 2730 1539 2784 versantem
1590 2728 1807 2783 venisse
1854 2745 1983 2783 cum
2029 2746 2206 2797 eoque
2254 2746 2304 2784 a..
2354 2737 2458 2785 334

167 2808 419 2862 Athenae
449 2809 708 2879 rediisse,
753 2810 900 2865 unde
937 2809 1038 2864 alii
1075 2826 1202 2863 eum
1250 2807 1486 2863 fecerint
1524 2808 1919 2864 Atheniensem
1935 2851 1949 2877 ‚
1996 2808 2308 2878 suspicatus
2355 2813 2457 2867 est.

161 2888 245 2942 Ad
282 2887 433 2942 hunc
470 2888 646 2958 igitur
682 2894 936 2959 spectare
984 2889 1087 2942 81111
1123 2904 1176 2943 v.
1217 2890 1472 2957 Παλαιφ.
1507 2882 1683 2960 Ἅβυδ.
1721 2890 1892 2943 verba.
1936 2888 2135 2957 ’γέγονε
2173 2920 2245 2931 --
2287 2895 2459 2959 Τρωι-

160 2970 271 3023 κῶν
395 2976 428 3023 8
469 2967 680 3039 ἔγραψε
719 2970 850 3039 περὶ
887 2964 1136 3022 ἀπίστων
1176 2964 1432 3035 ἱστοριῶν
1465 2970 1512 3041 β.
1546 2964 1597 3022 ε’
1622 2968 1793 3037 Eud„
1833 2986 1999 3037 quam
2038 2969 2341 3037 genuinam
2375 2972 2457 3025 in-

161 3049 525 3119 scriptionem
573 3066 695 3105 0880
741 3048 886 3105 vidit
921 3048 1280 3116 Bernhardy3
1328 3066 1500 3102 unum
1545 3048 1714 3102 hodie
1761 3048 1968 3102 librum
2015 3050 2299 3103 servatum
2336 3066 2457 3103 0880

159 3131 406 3197 constat,
445 3129 542 3183 sed
581 3129 649 3185 cf.
680 3130 974 3185 Westerm.
1013 3127 1294 3196 Mythogr.
1334 3146 1390 3197 p.
1426 3127 1558 3181 XIII
1702 3134 1733 3182 9
1774 3122 2073 3197 Ἀθηναῖον
2110 3127 2145 3181 1.
2185 3146 2231 3183 e.
2272 3144 2456 3198 gram-

158 3208 428 3263 maticum
573 3226 616 3262 8.
654 3209 745 3266 fin.
785 3208 1060 3277 quaedam
1109 3206 1382 3263 excidisse
1425 3209 1611 3277 patet,
1658 3208 1787 3277 περὶ
1830 3207 2162 3280 παραδόξου
2214 3209 2459 3279 ῖστορίας

163 3290 390 3359 supplet
423 3288 759 3359 Bernhardy
831 3284 1041 3343 ἄπιστα
1077 3287 1334 3357 intellegi
1373 3289 1541 3357 putat
1577 3288 1901 3345 Gutschmid

302 3375 450 3430 DCV
486 3377 637 3433 Eud.
676 3397 732 3447 p.
761 3379 865 3431 583
980 3383 1046 3431 10
1084 3379 1212 3446 post
1250 3373 1528 3446 ἴστορικός
1566 3380 1756 3433 omnia
1794 3396 1903 3435 om.
1932 3369 1983 3431 A'
2091 3387 2155 3435 13
2192 3377 2245 3434 ν’
2286 3398 2453 3449 στοιχ.

159 3459 313 3512 Eud.
353 3458 482 3527 περὶ
519 3461 726 3527 παραὸ.
767 3455 1012 3525 ἱστορίας
1049 3456 1276 3511 0111111110
1316 3458 1745 3527 expungendum
1786 3462 1977 3515 censet
2001 3462 2353 3531 Bernhardy,
2394 3456 2456 3515 ἐν

157 3540 236 3609 τῷ
273 3538 406 3608 περὶ
449 3558 582 3608 παρ.
623 3536 723 3593 ἴστ.
762 3539 872 3607 βιβ.
911 3531 1111 3606 πρώτῳ
1147 3536 1424 3593 Καείεηιε
1471 3534 1534 3593 ἐν
1582 3538 1659 3612 τῷ
1705 3540 1807 3608 τῆς
1850 3538 2144 3609 τριτεύχου
2190 3540 2291 3607 τῆς
2326 3541 2458 3606 περὶ

157 3638 291 3688 παρ.
324 3616 421 3675 ἴστ.
455 3621 564 3692 βιβ.
595 3615 656 3673 α’
691 3619 902 3673 Μτῑῖῑω·
929 3618 1008 3671 III
1034 3635 1088 3685 p.
1120 3622 1224 3673 573
1256 3612 1317 3671 ἐν
1346 3618 1422 3690 τῷ
1453 3614 1504 3671 ε’
1546 3620 1922 3687 στοιχειωτοῦ,
1960 3613 2101 3689 ὅπερ
2133 3613 2251 3673 ἐστὶ
2276 3638 2456 3688 παρα-

156 3697 334 3765 δόξου
382 3696 624 3769 ἴστορίας
673 3699 888 3772 βιβλίον
937 3696 1160 3763 πρῶτον
1199 3696 1547 3766 Gutschmid3
1597 3698 1681 3752 nil
1726 3699 2055 3755 mutandum
2104 3716 2223 3754 0880
2270 3704 2459 3753 0011801

155 3781 377 3848 Rohde,
403 3781 546 3835 Mus,
575 3778 752 3833 Rhen.
783 3777 1016 3833 XXXIV
1042 3797 1098 3848 p.
1128 3784 1229 3833 561
1262 3779 1380 3833 not.
1410 3784 1461 3842 2,
1497 3796 1623 3833 cum
1653 3778 1907 3833 Philonis
1936 3799 2067 3850 παρ.
2100 3776 2315 3850 ΐστορία
2343 3782 2459 3833 tres

159 3860 334 3915 libros
371 3860 747 3929 complectens
785 3857 843 3913 in
871 3859 1049 3929 11181118
1076 3856 1332 3914 Ρ111101118
1371 3857 1490 3912 vita
1526 3858 1803 3925 laudetur,
1845 3861 1909 3913 ut
1944 3860 2014 3913 de
2052 3862 2303 3915 amatore
2330 3859 2457 3915 Ari-

159 3939 364 3994 stotele
400 3939 584 4008 primo
621 3938 765 3993 libro
804 3938 908 3995 sub
943 3938 1028 3996 lit.
1067 3939 1114 3993 Ε
1152 3938 1332 4009 (velut
1380 3932 1677 4006 ἐρώμενοι)
1723 3937 2071 4007 disputatum
2108 3938 2198 3993 811.
2274 3938 2457 3993 Minus

160 4021 323 4074 caute
359 4019 539 4072 totam
576 4017 751 4072 vitam
791 4034 858 4071 ex
893 4018 1207 4072 Ptolemaei
1243 4018 1426 4087 Heph.
1463 4016 1713 4073 historiis
1751 4017 1973 4073 fluxisse
2016 4019 2327 4074 hariolatus
2372 4021 2458 4075 081

159 4098 422 4165 Hercher‚
459 4097 659 4153 Annal.
699 4096 892 4167 Suppl.
922 4099 948 4151 Ι
983 4116 1037 4167 p.
1071 4104 1176 4153 286
1299 4104 1366 4152 14
1403 4096 1514 4151 τῶν
1558 4097 1826 4166 Τρωικῶν
1862 4097 2015 4153 Eud.
2054 4099 2123 4153 de
2160 4098 2455 4155 Theodoro

160 4177 231 4232 cf.
267 4176 474 4235 Mfiller
509 4177 587 4232 IV
623 4195 676 4246 p.
708 4182 810 4233 513

185 4262 190 4265 ’
300 4264 477 4320 DCVI
515 4265 666 4321 Eud.
704 4284 758 4334 p.
791 4271 895 4321 600
923 4265 1266 4335 Aegyptium
1303 4267 1472 4322 fuisse
1493 4263 1786 4321 'auctorem
1821 4268 2125 4335 θεολογίας
2152 4265 2453 4336 Αἰγυπτια-

163 4347 262 4415 κῆς
298 4348 356 4401 01
390 4345 501 4400 1100
537 4345 663 4413 ipso
701 4362 868 4413 opere
905 4362 1068 4399 usum
1107 4363 1226 4400 0880
1266 4347 1532 4402 Malalam
1571 4344 1659 4414 (cf.
1698 4363 1753 4414 p.
1793 4351 1863 4399 24
1901 4348 1960 4399 et
1998 4352 2102 4401 209
2142 4346 2227 4401 ed.
2258 4348 2454 4418 Bonn.)
