<?xml version="1.0" encoding="UTF-8"?>
<!DOCTYPE html PUBLIC "-//W3C//DTD XHTML 1.0 Transitional//EN"
    "http://www.w3.org/TR/xhtml1/DTD/xhtml1-transitional.dtd">
<html xmlns="http://www.w3.org/1999/xhtml" xml:lang="en" lang="en">
 <head>
  <title>
</title>
<meta http-equiv="Content-Type" content="text/html;charset=utf-8" />
  <meta name='ocr-system' content='tesseract 3.04.00' />
  <meta name='ocr-capabilities' content='ocr_page ocr_carea ocr_par ocr_line ocrx_word'/>
</head>
<body>
  <div class='ocr_page' id='page_1' title='image "./hesychiimilesii04flacgoog_0348.png"; bbox 0 0 3025 4892; ppageno 0'>
   <div class='ocr_carea' id='block_1_1' title="bbox 509 188 1843 255">
    <p class='ocr_par' dir='ltr' id='par_1_1' title="bbox 509 188 1843 255">
     <span class='ocr_line' id='line_1_1' title="bbox 509 188 1843 255; baseline -0.006 -2"><span class='ocrx_word' id='word_1_1' title='bbox 509 190 639 255; x_wconf 79' lang='grc'><strong><em>250</em></strong></span> <span class='ocrx_word' id='word_1_2' title='bbox 1455 188 1843 245; x_wconf 75' lang='grc' dir='ltr'><strong>ΑΡΡΕΝΟΙΧ.</strong></span> 
     </span>
    </p>
   </div>
   <div class='ocr_carea' id='block_1_2' title="bbox 429 341 2819 3435">
    <p class='ocr_par' dir='ltr' id='par_1_2' title="bbox 429 341 2819 3435">
     <span class='ocr_line' id='line_1_2' title="bbox 507 341 2803 443; baseline -0.002 -24"><span class='ocrx_word' id='word_1_3' title='bbox 507 356 894 438; x_wconf 85' lang='grc' dir='ltr'><strong><em>Πυθαΐδος,</em></strong></span> <span class='ocrx_word' id='word_1_4' title='bbox 959 355 1255 439; x_wconf 87' lang='grc' dir='ltr'><strong><em>δοθῆναι</em></strong></span> <span class='ocrx_word' id='word_1_5' title='bbox 1319 351 1506 443; x_wconf 76' lang='grc' dir='ltr'><strong><em>αύτῷ</em></strong></span> <span class='ocrx_word' id='word_1_6' title='bbox 1572 347 1739 437; x_wconf 86' lang='grc' dir='ltr'><strong><em>πρὸς</em></strong></span> <span class='ocrx_word' id='word_1_7' title='bbox 1802 348 2039 436; x_wconf 82' lang='grc' dir='ltr'><strong><em>γάμον.</em></strong></span> <span class='ocrx_word' id='word_1_8' title='bbox 2141 350 2263 430; x_wconf 80' lang='grc' dir='ltr'><strong><em>ἕως</em></strong></span> <span class='ocrx_word' id='word_1_9' title='bbox 2328 348 2453 436; x_wconf 72' lang='grc' dir='ltr'><strong><em>μὲν</em></strong></span> <span class='ocrx_word' id='word_1_10' title='bbox 2522 341 2641 416; x_wconf 80' lang='grc' dir='ltr'><strong><em>οὖν</em></strong></span> <span class='ocrx_word' id='word_1_11' title='bbox 2696 353 2803 415; x_wconf 81' lang='grc' dir='ltr'><strong><em>ἔτι</em></strong></span> 
     </span>
     <span class='ocr_line' id='line_1_3' title="bbox 508 450 2809 547; baseline -0.001 -21"><span class='ocrx_word' id='word_1_12' title='bbox 508 459 662 539; x_wconf 84' lang='grc' dir='ltr'><strong><em>νέος</em></strong></span> <span class='ocrx_word' id='word_1_13' title='bbox 705 450 826 546; x_wconf 85' lang='grc' dir='ltr'><strong><em>ἦν,</em></strong></span> <span class='ocrx_word' id='word_1_14' title='bbox 877 457 1003 546; x_wconf 79' lang='grc' dir='ltr'><strong><em>τὴν</em></strong></span> <span class='ocrx_word' id='word_1_15' title='bbox 1049 462 1186 527; x_wconf 76' lang='grc' dir='ltr'><strong><em>τῶν</em></strong></span> <span class='ocrx_word' id='word_1_16' title='bbox 1235 458 1613 547; x_wconf 80' lang='grc' dir='ltr'><strong><em>ἐλευθέρων</em></strong></span> <span class='ocrx_word' id='word_1_17' title='bbox 1661 456 2043 526; x_wconf 76' lang='grc' dir='ltr'><strong><em>ἐπαιδεύετο</em></strong></span> <span class='ocrx_word' id='word_1_18' title='bbox 2092 461 2436 541; x_wconf 77' lang='grc' dir='ltr'><strong><em>παιδείαν,</em></strong></span> <span class='ocrx_word' id='word_1_19' title='bbox 2484 453 2809 543; x_wconf 78' lang='grc' dir='ltr'><strong><em>ὦςδηλοῖ</em></strong></span> 
     </span>
     <span class='ocr_line' id='line_1_4' title="bbox 506 561 2807 657; baseline -0.001 -24"><span class='ocrx_word' id='word_1_20' title='bbox 506 563 586 633; x_wconf 77' lang='grc' dir='ltr'><strong><em>τὰ</em></strong></span> <span class='ocrx_word' id='word_1_21' title='bbox 643 568 1068 654; x_wconf 78' lang='grc' dir='ltr'><em>γεγραμμένα</em></span> <span class='ocrx_word' id='word_1_22' title='bbox 1125 563 1304 657; x_wconf 77' lang='grc' dir='ltr'><strong><em>αὐτῷ</em></strong></span> <span class='ocrx_word' id='word_1_23' title='bbox 1341 562 1661 653; x_wconf 77' lang='grc' dir='ltr'><strong><em>Ὁμηρικὰ</em></strong></span> <span class='ocrx_word' id='word_1_24' title='bbox 1710 563 2039 652; x_wconf 79' lang='grc' dir='ltr'><strong><em>ζητήματα</em></strong></span> <span class='ocrx_word' id='word_1_25' title='bbox 2090 564 2201 631; x_wconf 85' lang='grc' dir='ltr'><strong><em>καὶ</em></strong></span> <span class='ocrx_word' id='word_1_26' title='bbox 2262 561 2303 650; x_wconf 81' lang='grc' dir='ltr'><em>ἡ</em></span> <span class='ocrx_word' id='word_1_27' title='bbox 2361 566 2481 650; x_wconf 86' lang='grc' dir='ltr'><strong><em>τῆς</em></strong></span> <span class='ocrx_word' id='word_1_28' title='bbox 2524 561 2807 643; x_wconf 76' lang='grc' dir='ltr'><strong><em>Ἰλιάδος</em></strong></span> 
     </span>
     <span class='ocr_line' id='line_1_5' title="bbox 509 666 2798 765; baseline -0.001 -24"><span class='ocrx_word' id='word_1_29' title='bbox 509 676 802 761; x_wconf 71' lang='grc' dir='ltr'><strong><em>έκδοσις,</em></strong></span> <span class='ocrx_word' id='word_1_30' title='bbox 857 669 946 760; x_wconf 83' lang='grc' dir='ltr'><strong><em>ἣν</em></strong></span> <span class='ocrx_word' id='word_1_31' title='bbox 993 674 1242 741; x_wconf 86' lang='grc' dir='ltr'><strong><em>δέδωκε</em></strong></span> <span class='ocrx_word' id='word_1_32' title='bbox 1285 676 1377 765; x_wconf 74' lang='grc' dir='ltr'><strong><em>τῷ</em></strong></span> <span class='ocrx_word' id='word_1_33' title='bbox 1423 670 1833 763; x_wconf 77' lang='grc' dir='ltr'><strong><em>Ἀλεξάνδρῳ</em></strong></span> <span class='ocrx_word' id='word_1_34' title='bbox 1878 666 1997 739; x_wconf 73' lang='grc' dir='ltr'><em>καῖ</em></span> <span class='ocrx_word' id='word_1_35' title='bbox 2037 668 2074 740; x_wconf 83' lang='grc' dir='ltr'>ὁ</span> <span class='ocrx_word' id='word_1_36' title='bbox 2122 672 2273 759; x_wconf 88' lang='grc' dir='ltr'><strong><em>περὶ</em></strong></span> <span class='ocrx_word' id='word_1_37' title='bbox 2319 674 2612 759; x_wconf 75' lang='grc' dir='ltr'><strong><em>ποιητῶν</em></strong></span> <span class='ocrx_word' id='word_1_38' title='bbox 2654 669 2798 739; x_wconf 83' lang='grc' dir='ltr'><strong><em>διά-</em></strong></span> 
     </span>
     <span class='ocr_line' id='line_1_6' title="bbox 459 777 2807 868; baseline -0.001 -19"><span class='ocrx_word' id='word_1_39' title='bbox 459 800 486 841; x_wconf 77' lang='lat'><strong>5</strong></span> <span class='ocrx_word' id='word_1_40' title='bbox 513 787 740 867; x_wconf 83' lang='grc' dir='ltr'><strong><em>λογος,</em></strong></span> <span class='ocrx_word' id='word_1_41' title='bbox 801 781 914 848; x_wconf 87' lang='grc' dir='ltr'><strong><em>καὶ</em></strong></span> <span class='ocrx_word' id='word_1_42' title='bbox 977 777 1052 850; x_wconf 90' lang='grc' dir='ltr'><strong><em>τὸ</em></strong></span> <span class='ocrx_word' id='word_1_43' title='bbox 1119 784 1237 868; x_wconf 84' lang='grc' dir='ltr'><strong><em>τῆς</em></strong></span> <span class='ocrx_word' id='word_1_44' title='bbox 1298 782 1644 866; x_wconf 79' lang='grc' dir='ltr'><strong><em>ποιητικῆς</em></strong></span> <span class='ocrx_word' id='word_1_45' title='bbox 1708 778 2107 866; x_wconf 89' lang='grc' dir='ltr'><strong><em>σύγγραμμα</em></strong></span> <span class='ocrx_word' id='word_1_46' title='bbox 2168 778 2277 845; x_wconf 82' lang='grc' dir='ltr'><strong><em>καὶ</em></strong></span> <span class='ocrx_word' id='word_1_47' title='bbox 2334 781 2409 845; x_wconf 79' lang='grc' dir='ltr'><strong><em>αἱ</em></strong></span> <span class='ocrx_word' id='word_1_48' title='bbox 2460 779 2807 865; x_wconf 72' lang='grc' dir='ltr'><strong><em>ῥητορικαὶ</em></strong></span> 
     </span>
     <span class='ocr_line' id='line_1_7' title="bbox 509 882 2808 975; baseline -0 -20"><span class='ocrx_word' id='word_1_49' title='bbox 509 887 732 974; x_wconf 81' lang='grc' dir='ltr'><strong><em>τέχναι</em></strong></span> <span class='ocrx_word' id='word_1_50' title='bbox 781 887 891 955; x_wconf 82' lang='grc' dir='ltr'><strong><em>καὶ</em></strong></span> <span class='ocrx_word' id='word_1_51' title='bbox 929 887 1009 956; x_wconf 77' lang='grc' dir='ltr'><strong><em>τὰ</em></strong></span> <span class='ocrx_word' id='word_1_52' title='bbox 1047 884 1307 975; x_wconf 77' lang='grc' dir='ltr'><strong><em>ἰατρικὰ</em></strong></span> <span class='ocrx_word' id='word_1_53' title='bbox 1343 884 1779 974; x_wconf 78' lang='grc' dir='ltr'><strong><em>προβλήματα</em></strong></span> <span class='ocrx_word' id='word_1_54' title='bbox 1815 885 1927 953; x_wconf 88' lang='grc' dir='ltr'><strong><em>καὶ</em></strong></span> <span class='ocrx_word' id='word_1_55' title='bbox 1964 883 2043 952; x_wconf 79' lang='grc' dir='ltr'><strong><em>τὰ</em></strong></span> <span class='ocrx_word' id='word_1_56' title='bbox 2082 882 2335 972; x_wconf 79' lang='grc' dir='ltr'><strong><em>φυσικὰ</em></strong></span> <span class='ocrx_word' id='word_1_57' title='bbox 2370 884 2808 973; x_wconf 81' lang='grc' dir='ltr'><strong><em>προβλήματα</em></strong></span> 
     </span>
     <span class='ocr_line' id='line_1_8' title="bbox 438 989 2808 1082; baseline 0 -20"><span class='ocrx_word' id='word_1_58' title='bbox 438 1006 455 1013; x_wconf 81' lang='grc'><em>“</em></span> <span class='ocrx_word' id='word_1_59' title='bbox 513 996 587 1062; x_wconf 84' lang='grc' dir='ltr'><strong><em>ἐν</em></strong></span> <span class='ocrx_word' id='word_1_60' title='bbox 653 993 1112 1082; x_wconf 83' lang='grc' dir='ltr'><strong><em>ἑβδομήκοντα</em></strong></span> <span class='ocrx_word' id='word_1_61' title='bbox 1174 998 1460 1081; x_wconf 81' lang='grc' dir='ltr'><strong><em>βιβλίοις</em></strong></span> <span class='ocrx_word' id='word_1_62' title='bbox 1520 992 1685 1063; x_wconf 80' lang='grc' dir='ltr'><strong><em>ὄντα</em></strong></span> <span class='ocrx_word' id='word_1_63' title='bbox 1743 994 1854 1062; x_wconf 83' lang='grc' dir='ltr'><strong><em>καὶ</em></strong></span> <span class='ocrx_word' id='word_1_64' title='bbox 1916 990 1997 1059; x_wconf 77' lang='grc' dir='ltr'><strong><em>τὰ</em></strong></span> <span class='ocrx_word' id='word_1_65' title='bbox 2065 989 2300 1061; x_wconf 83' lang='grc' dir='ltr'><strong><em>ὀπτικὰ</em></strong></span> <span class='ocrx_word' id='word_1_66' title='bbox 2369 992 2808 1081; x_wconf 85' lang='grc' dir='ltr'><strong><em>προβλήματα</em></strong></span> 
     </span>
     <span class='ocr_line' id='line_1_9' title="bbox 511 1096 2805 1192; baseline 0 -23"><span class='ocrx_word' id='word_1_67' title='bbox 511 1102 621 1169; x_wconf 82' lang='grc' dir='ltr'><strong><em>καὶ</em></strong></span> <span class='ocrx_word' id='word_1_68' title='bbox 659 1099 738 1170; x_wconf 83' lang='grc' dir='ltr'><strong><em>τὰ</em></strong></span> <span class='ocrx_word' id='word_1_69' title='bbox 778 1100 1108 1190; x_wconf 82' lang='grc' dir='ltr'><strong><em>μηχανικὰ</em></strong></span> <span class='ocrx_word' id='word_1_70' title='bbox 1149 1100 1583 1191; x_wconf 81' lang='grc' dir='ltr'><strong><em>προβλήματα</em></strong></span> <span class='ocrx_word' id='word_1_71' title='bbox 1619 1100 1729 1168; x_wconf 82' lang='grc' dir='ltr'><strong><em>καὶ</em></strong></span> <span class='ocrx_word' id='word_1_72' title='bbox 1766 1098 1847 1168; x_wconf 77' lang='grc' dir='ltr'><strong><em>τὰ</em></strong></span> <span class='ocrx_word' id='word_1_73' title='bbox 1880 1100 2300 1189; x_wconf 77' lang='grc' dir='ltr'><strong><em>γεγραμμένα</em></strong></span> <span class='ocrx_word' id='word_1_74' title='bbox 2328 1096 2509 1192; x_wconf 80' lang='grc' dir='ltr'><strong><em>αύτῷ</em></strong></span> <span class='ocrx_word' id='word_1_75' title='bbox 2537 1101 2805 1169; x_wconf 72' lang='grc' dir='ltr'><strong><em>δικαιώ-</em></strong></span> 
     </span>
     <span class='ocr_line' id='line_1_10' title="bbox 509 1199 2807 1297; baseline 0 -21"><span class='ocrx_word' id='word_1_76' title='bbox 509 1235 684 1297; x_wconf 88' lang='grc' dir='ltr'><strong><em>ματα</em></strong></span> <span class='ocrx_word' id='word_1_77' title='bbox 729 1214 866 1277; x_wconf 77' lang='grc' dir='ltr'><strong><em>τῶν</em></strong></span> <span class='ocrx_word' id='word_1_78' title='bbox 901 1206 1315 1296; x_wconf 77' lang='grc' dir='ltr'><strong><em>Ἐλληνίδων</em></strong></span> <span class='ocrx_word' id='word_1_79' title='bbox 1362 1206 1656 1293; x_wconf 87' lang='grc' dir='ltr'><strong><em>πόλεων,</em></strong></span> <span class='ocrx_word' id='word_1_80' title='bbox 1715 1210 1782 1291; x_wconf 76' lang='grc' dir='ltr'><strong><em>ἐξ</em></strong></span> <span class='ocrx_word' id='word_1_81' title='bbox 1831 1199 1927 1276; x_wconf 75' lang='grc' dir='ltr'><strong><em>ὦν</em></strong></span> <span class='ocrx_word' id='word_1_82' title='bbox 1978 1212 2309 1287; x_wconf 86' lang='grc' dir='ltr'><strong><em>Φίλιππος</em></strong></span> <span class='ocrx_word' id='word_1_83' title='bbox 2351 1205 2469 1286; x_wconf 81' lang='grc' dir='ltr'><strong><em>τὰς</em></strong></span> <span class='ocrx_word' id='word_1_84' title='bbox 2513 1217 2807 1294; x_wconf 82' lang='grc' dir='ltr'><strong><em>φιλονει-</em></strong></span> 
     </span>
     <span class='ocr_line' id='line_1_11' title="bbox 429 1310 2803 1403; baseline 0 -21"><span class='ocrx_word' id='word_1_85' title='bbox 429 1334 480 1375; x_wconf 85' lang='lat'><strong><em>10</em></strong></span> <span class='ocrx_word' id='word_1_86' title='bbox 506 1320 653 1395; x_wconf 82' lang='grc' dir='ltr'><strong><em>κίας</em></strong></span> <span class='ocrx_word' id='word_1_87' title='bbox 686 1319 824 1385; x_wconf 74' lang='grc' dir='ltr'><strong><em>τῶν</em></strong></span> <span class='ocrx_word' id='word_1_88' title='bbox 864 1312 1206 1403; x_wconf 82' lang='grc' dir='ltr'><strong><em>Ἑλλήνων</em></strong></span> <span class='ocrx_word' id='word_1_89' title='bbox 1244 1315 1573 1399; x_wconf 81' lang='grc' dir='ltr'><strong><em>διέλυσεν,</em></strong></span> <span class='ocrx_word' id='word_1_90' title='bbox 1620 1310 1711 1395; x_wconf 73' lang='grc' dir='ltr'><strong><em>ὥς</em></strong></span> <span class='ocrx_word' id='word_1_91' title='bbox 1747 1311 2564 1403; x_wconf 86' lang='grc' dir='ltr'><strong><em>μεγαλορρημον&lt;ήσαντά</em></strong></span> <span class='ocrx_word' id='word_1_92' title='bbox 2600 1318 2803 1401; x_wconf 86' lang='grc' dir='ltr'><strong><em>π&gt;οτε</em></strong></span> 
     </span>
     <span class='ocr_line' id='line_1_12' title="bbox 505 1418 2804 1515; baseline -0 -24"><span class='ocrx_word' id='word_1_93' title='bbox 505 1424 617 1491; x_wconf 87' lang='grc' dir='ltr'><strong><em>καὶ</em></strong></span> <span class='ocrx_word' id='word_1_94' title='bbox 665 1426 902 1491; x_wconf 76' lang='grc' dir='ltr'><strong><em>εἰπεῖν·</em></strong></span> <span class='ocrx_word' id='word_1_95' title='bbox 959 1420 1204 1510; x_wconf 65' lang='grc' dir='ltr'><strong><em>“ὦ’ρισα</em></strong></span> <span class='ocrx_word' id='word_1_96' title='bbox 1249 1420 1372 1509; x_wconf 81' lang='grc' dir='ltr'><strong><em>τὴν</em></strong></span> <span class='ocrx_word' id='word_1_97' title='bbox 1419 1424 1777 1502; x_wconf 87' lang='grc' dir='ltr'><strong><em>Πέλοπος’.</em></strong></span> <span class='ocrx_word' id='word_1_98' title='bbox 1865 1423 2224 1509; x_wconf 86' lang='grc' dir='ltr'><strong><em>γέγραπται</em></strong></span> <span class='ocrx_word' id='word_1_99' title='bbox 2272 1420 2348 1488; x_wconf 75' lang='grc' dir='ltr'><strong><em>δὲ</em></strong></span> <span class='ocrx_word' id='word_1_100' title='bbox 2393 1418 2573 1515; x_wconf 76' lang='grc' dir='ltr'><strong><em>αὐτῷ</em></strong></span> <span class='ocrx_word' id='word_1_101' title='bbox 2612 1424 2723 1490; x_wconf 85' lang='grc' dir='ltr'><strong><em>καὶ</em></strong></span> <span class='ocrx_word' id='word_1_102' title='bbox 2760 1418 2804 1509; x_wconf 81' lang='grc' dir='ltr'><em>ἡ</em></span> 
     </span>
     <span class='ocr_line' id='line_1_13' title="bbox 508 1526 2809 1618; baseline -0.001 -21"><span class='ocrx_word' id='word_1_103' title='bbox 508 1533 644 1597; x_wconf 77' lang='grc' dir='ltr'><strong><em>τῶν</em></strong></span> <span class='ocrx_word' id='word_1_104' title='bbox 681 1533 1033 1611; x_wconf 75' lang='grc' dir='ltr'><strong><em>πολιτειῶν</em></strong></span> <span class='ocrx_word' id='word_1_105' title='bbox 1063 1532 1324 1616; x_wconf 77' lang='grc' dir='ltr'><strong><em>ἱστορία</em></strong></span> <span class='ocrx_word' id='word_1_106' title='bbox 1351 1526 1655 1618; x_wconf 79' lang='grc' dir='ltr'><strong><em>ὕστερον.</em></strong></span> <span class='ocrx_word' id='word_1_107' title='bbox 1712 1531 1878 1597; x_wconf 73' lang='grc' dir='ltr'><strong><em>ἑτῶν</em></strong></span> <span class='ocrx_word' id='word_1_108' title='bbox 1918 1528 1993 1597; x_wconf 75' lang='grc' dir='ltr'><strong><em>δὲ</em></strong></span> <span class='ocrx_word' id='word_1_109' title='bbox 2028 1527 2391 1615; x_wconf 82' lang='grc' dir='ltr'><strong><em>γενόμενος</em></strong></span> <span class='ocrx_word' id='word_1_110' title='bbox 2420 1526 2668 1614; x_wconf 77' lang='grc' dir='ltr'><strong><em>(ἑπτὰ)</em></strong></span> <span class='ocrx_word' id='word_1_111' title='bbox 2694 1529 2809 1595; x_wconf 81' lang='grc' dir='ltr'><strong><em>καὶ</em></strong></span> 
     </span>
     <span class='ocr_line' id='line_1_14' title="bbox 510 1632 2803 1727; baseline -0 -25"><span class='ocrx_word' id='word_1_112' title='bbox 510 1638 703 1723; x_wconf 88' lang='grc' dir='ltr'><strong><em>δέκα,</em></strong></span> <span class='ocrx_word' id='word_1_113' title='bbox 765 1641 888 1706; x_wconf 85' lang='grc' dir='ltr'><strong><em>τοῦ</em></strong></span> <span class='ocrx_word' id='word_1_114' title='bbox 956 1644 1193 1705; x_wconf 76' lang='grc' dir='ltr'><strong><em>Πυθοῖ</em></strong></span> <span class='ocrx_word' id='word_1_115' title='bbox 1252 1639 1426 1705; x_wconf 89' lang='grc' dir='ltr'><strong><em>θεοῦ</em></strong></span> <span class='ocrx_word' id='word_1_116' title='bbox 1499 1634 1869 1723; x_wconf 80' lang='grc' dir='ltr'><strong><em>χρήσαντος</em></strong></span> <span class='ocrx_word' id='word_1_117' title='bbox 1933 1633 2111 1727; x_wconf 75' lang='grc' dir='ltr'><strong><em>αὐτῷ</em></strong></span> <span class='ocrx_word' id='word_1_118' title='bbox 2180 1642 2584 1722; x_wconf 79' lang='grc' dir='ltr'><strong><em>φιλοσοφεῖν</em></strong></span> <span class='ocrx_word' id='word_1_119' title='bbox 2642 1632 2803 1717; x_wconf 87' lang='grc' dir='ltr'><strong><em>παρ’</em></strong></span> 
     </span>
     <span class='ocr_line' id='line_1_15' title="bbox 505 1740 2807 1833; baseline 0 -23"><span class='ocrx_word' id='word_1_120' title='bbox 505 1740 917 1830; x_wconf 83' lang='grc' dir='ltr'><strong><em>Ἀθηναίοις,</em></strong></span> <span class='ocrx_word' id='word_1_121' title='bbox 975 1746 1176 1833; x_wconf 79' lang='grc' dir='ltr'><strong><em>φοιτᾷ</em></strong></span> <span class='ocrx_word' id='word_1_122' title='bbox 1231 1744 1576 1832; x_wconf 81' lang='grc' dir='ltr'><strong><em>Σωκράτει</em></strong></span> <span class='ocrx_word' id='word_1_123' title='bbox 1637 1742 1749 1809; x_wconf 85' lang='grc' dir='ltr'><strong><em>καὶ</em></strong></span> <span class='ocrx_word' id='word_1_124' title='bbox 1806 1746 2023 1830; x_wconf 90' lang='grc' dir='ltr'><strong><em>συνῆν</em></strong></span> <span class='ocrx_word' id='word_1_125' title='bbox 2078 1740 2283 1829; x_wconf 78' lang='grc' dir='ltr'><strong><em>(τὸν)</em></strong></span> <span class='ocrx_word' id='word_1_126' title='bbox 2343 1743 2535 1829; x_wconf 86' lang='grc' dir='ltr'><strong><em>μέχρι</em></strong></span> <span class='ocrx_word' id='word_1_127' title='bbox 2589 1750 2807 1811; x_wconf 85' lang='grc' dir='ltr'><strong><em>τελευ-</em></strong></span> 
     </span>
     <span class='ocr_line' id='line_1_16' title="bbox 431 1845 2811 1941; baseline 0.001 -24"><span class='ocrx_word' id='word_1_128' title='bbox 431 1868 482 1909; x_wconf 87' lang='lat'><strong><em>1⁵</em></strong></span> <span class='ocrx_word' id='word_1_129' title='bbox 509 1854 627 1937; x_wconf 82' lang='grc' dir='ltr'><strong><em>τῆς</em></strong></span> <span class='ocrx_word' id='word_1_130' title='bbox 673 1848 882 1919; x_wconf 82' lang='grc' dir='ltr'><strong><em>αὐτοῦ</em></strong></span> <span class='ocrx_word' id='word_1_131' title='bbox 929 1848 1180 1937; x_wconf 88' lang='grc' dir='ltr'><strong><em>χρόνον</em></strong></span> <span class='ocrx_word' id='word_1_132' title='bbox 1227 1847 1402 1936; x_wconf 84' lang='grc' dir='ltr'><strong><em>πλὴν</em></strong></span> <span class='ocrx_word' id='word_1_133' title='bbox 1451 1845 1683 1934; x_wconf 84' lang='grc' dir='ltr'><strong><em>ὀλίγον</em></strong></span> <span class='ocrx_word' id='word_1_134' title='bbox 1732 1846 1915 1918; x_wconf 74' lang='grc' dir='ltr'><strong><em>ὄντα.</em></strong></span> <span class='ocrx_word' id='word_1_135' title='bbox 1988 1846 2149 1936; x_wconf 81' lang='grc' dir='ltr'><strong><em>μετὰ</em></strong></span> <span class='ocrx_word' id='word_1_136' title='bbox 2199 1848 2274 1917; x_wconf 77' lang='grc' dir='ltr'><strong><em>δὲ</em></strong></span> <span class='ocrx_word' id='word_1_137' title='bbox 2319 1853 2561 1919; x_wconf 86' lang='grc' dir='ltr'><strong><em>τοῦτον</em></strong></span> <span class='ocrx_word' id='word_1_138' title='bbox 2604 1855 2811 1941; x_wconf 76' lang='grc' dir='ltr'><strong><em>φοιτᾷ</em></strong></span> 
     </span>
     <span class='ocr_line' id='line_1_17' title="bbox 511 1952 2810 2046; baseline 0 -21"><span class='ocrx_word' id='word_1_139' title='bbox 511 1955 828 2026; x_wconf 89' lang='grc' dir='ltr'><strong><em>Πλάτωνι</em></strong></span> <span class='ocrx_word' id='word_1_140' title='bbox 875 1956 985 2023; x_wconf 82' lang='grc' dir='ltr'><strong><em>καὶ</em></strong></span> <span class='ocrx_word' id='word_1_141' title='bbox 1034 1959 1250 2044; x_wconf 87' lang='grc' dir='ltr'><strong><em>συνῆν</em></strong></span> <span class='ocrx_word' id='word_1_142' title='bbox 1295 1954 1510 2046; x_wconf 79' lang='grc' dir='ltr'><strong><em>τούτῳ</em></strong></span> <span class='ocrx_word' id='word_1_143' title='bbox 1557 1952 1678 2023; x_wconf 89' lang='grc' dir='ltr'><strong><em>τὸν</em></strong></span> <span class='ocrx_word' id='word_1_144' title='bbox 1715 1954 1905 2043; x_wconf 84' lang='grc' dir='ltr'><strong><em>μέχρι</em></strong></span> <span class='ocrx_word' id='word_1_145' title='bbox 1952 1960 2258 2043; x_wconf 79' lang='grc' dir='ltr'><strong><em>τελευτῆς</em></strong></span> <span class='ocrx_word' id='word_1_146' title='bbox 2304 1953 2516 2025; x_wconf 82' lang='grc' dir='ltr'><strong><em>αὐτοῦ</em></strong></span> <span class='ocrx_word' id='word_1_147' title='bbox 2553 1956 2810 2044; x_wconf 87' lang='grc' dir='ltr'><strong><em>χρόνον</em></strong></span> 
     </span>
     <span class='ocr_line' id='line_1_18' title="bbox 512 2058 2815 2155; baseline 0 -25"><span class='ocrx_word' id='word_1_148' title='bbox 512 2067 852 2150; x_wconf 78' lang='grc' dir='ltr'><strong><em>εἰκοσαετῆ</em></strong></span> <span class='ocrx_word' id='word_1_149' title='bbox 896 2061 1343 2150; x_wconf 81' lang='grc' dir='ltr'><strong><em>τυγχάνοντα,</em></strong></span> <span class='ocrx_word' id='word_1_150' title='bbox 1405 2058 1494 2141; x_wconf 75' lang='grc' dir='ltr'><strong><em>ὥς</em></strong></span> <span class='ocrx_word' id='word_1_151' title='bbox 1548 2058 1747 2141; x_wconf 82' lang='grc' dir='ltr'><strong><em>αὐτὸς</em></strong></span> <span class='ocrx_word' id='word_1_152' title='bbox 1802 2063 2200 2131; x_wconf 79' lang='grc' dir='ltr'><strong><em>ἐπιστέλλων</em></strong></span> <span class='ocrx_word' id='word_1_153' title='bbox 2252 2068 2558 2155; x_wconf 78' lang='grc' dir='ltr'><strong><em>Φιλίππῳ</em></strong></span> <span class='ocrx_word' id='word_1_154' title='bbox 2608 2065 2815 2149; x_wconf 85' lang='grc' dir='ltr'><strong><em>λέγει,</em></strong></span> 
     </span>
     <span class='ocr_line' id='line_1_19' title="bbox 515 2164 2817 2256; baseline -0 -17"><span class='ocrx_word' id='word_1_155' title='bbox 515 2171 626 2239; x_wconf 82' lang='grc' dir='ltr'><strong><em>καὶ</em></strong></span> <span class='ocrx_word' id='word_1_156' title='bbox 681 2167 856 2240; x_wconf 76' lang='grc' dir='ltr'><strong><em>οὕτω</em></strong></span> <span class='ocrx_word' id='word_1_157' title='bbox 903 2168 1290 2256; x_wconf 81' lang='grc' dir='ltr'><strong><em>φιλοπόνως</em></strong></span> <span class='ocrx_word' id='word_1_158' title='bbox 1335 2172 1554 2256; x_wconf 86' lang='grc' dir='ltr'><strong><em>συνῆν</em></strong></span> <span class='ocrx_word' id='word_1_159' title='bbox 1600 2166 1950 2253; x_wconf 88' lang='grc' dir='ltr'><strong><em>Πλάτωνι,</em></strong></span> <span class='ocrx_word' id='word_1_160' title='bbox 2016 2164 2107 2249; x_wconf 78' lang='grc' dir='ltr'><strong><em>ὥς</em></strong></span> <span class='ocrx_word' id='word_1_161' title='bbox 2159 2165 2280 2256; x_wconf 84' lang='grc' dir='ltr'><strong><em>τὴν</em></strong></span> <span class='ocrx_word' id='word_1_162' title='bbox 2332 2174 2553 2239; x_wconf 83' lang='grc' dir='ltr'><strong><em>οἰκίαν</em></strong></span> <span class='ocrx_word' id='word_1_163' title='bbox 2594 2167 2817 2238; x_wconf 81' lang='grc' dir='ltr'><strong><em>αὐτοῦ</em></strong></span> 
     </span>
     <span class='ocr_line' id='line_1_20' title="bbox 519 2271 2816 2365; baseline -0.001 -20"><span class='ocrx_word' id='word_1_164' title='bbox 519 2275 959 2365; x_wconf 75' lang='grc' dir='ltr'><strong><em>ἀναγνώστου</em></strong></span> <span class='ocrx_word' id='word_1_165' title='bbox 1023 2280 1244 2344; x_wconf 86' lang='grc' dir='ltr'><strong><em>οἰκίαν</em></strong></span> <span class='ocrx_word' id='word_1_166' title='bbox 1312 2277 1966 2363; x_wconf 85' lang='grc' dir='ltr'><strong><em>προσαγορευθῆναι.</em></strong></span> <span class='ocrx_word' id='word_1_167' title='bbox 2065 2271 2258 2361; x_wconf 79' lang='grc' dir='ltr'><strong><em>θαμὰ</em></strong></span> <span class='ocrx_word' id='word_1_168' title='bbox 2325 2272 2454 2363; x_wconf 76' lang='grc' dir='ltr'><strong><em>γὰρ</em></strong></span> <span class='ocrx_word' id='word_1_169' title='bbox 2514 2274 2816 2344; x_wconf 78' lang='grc' dir='ltr'><strong><em>Πλάτων</em></strong></span> 
     </span>
     <span class='ocr_line' id='line_1_21' title="bbox 435 2378 2816 2496; baseline -0.001 -42"><span class='ocrx_word' id='word_1_170' title='bbox 435 2381 768 2496; x_wconf 46' lang='lat' dir='ltr'><strong><em>{siey-ev·</em></strong></span> <span class='ocrx_word' id='word_1_171' title='bbox 815 2382 1145 2471; x_wconf 53' lang='grc' dir='ltr'><strong><em>(ἀπίωμεν</em></strong></span> <span class='ocrx_word' id='word_1_172' title='bbox 1193 2386 1288 2463; x_wconf 78' lang='grc' dir='ltr'><strong><em>εἰς</em></strong></span> <span class='ocrx_word' id='word_1_173' title='bbox 1330 2382 1456 2469; x_wconf 83' lang='grc' dir='ltr'><strong><em>τὴν</em></strong></span> <span class='ocrx_word' id='word_1_174' title='bbox 1496 2386 1620 2451; x_wconf 83' lang='grc' dir='ltr'><strong><em>τοῦ</em></strong></span> <span class='ocrx_word' id='word_1_175' title='bbox 1664 2380 2104 2469; x_wconf 76' lang='grc' dir='ltr'><strong><em>ἀναγνώστου</em></strong></span> <span class='ocrx_word' id='word_1_176' title='bbox 2152 2386 2405 2451; x_wconf 77' lang='grc' dir='ltr'><strong><em>οἰκίαν’</em></strong></span> <span class='ocrx_word' id='word_1_177' title='bbox 2442 2384 2551 2451; x_wconf 82' lang='grc' dir='ltr'><strong><em>καὶ</em></strong></span> <span class='ocrx_word' id='word_1_178' title='bbox 2594 2378 2816 2451; x_wconf 85' lang='grc' dir='ltr'><strong><em>ἀπόν-</em></strong></span> 
     </span>
     <span class='ocr_line' id='line_1_22' title="bbox 513 2484 2817 2579; baseline -0 -20"><span class='ocrx_word' id='word_1_179' title='bbox 513 2519 624 2573; x_wconf 90' lang='grc' dir='ltr'><strong><em>τος</em></strong></span> <span class='ocrx_word' id='word_1_180' title='bbox 677 2497 796 2579; x_wconf 87' lang='grc' dir='ltr'><strong><em>τῆς</em></strong></span> <span class='ocrx_word' id='word_1_181' title='bbox 839 2488 1252 2579; x_wconf 75' lang='grc' dir='ltr'><strong><em>ἀκροάσεως,</em></strong></span> <span class='ocrx_word' id='word_1_182' title='bbox 1310 2484 1589 2574; x_wconf 72' lang='grc' dir='ltr'><strong><em>ἀνεβόα*</em></strong></span> <span class='ocrx_word' id='word_1_183' title='bbox 1636 2485 1705 2558; x_wconf 53' lang='grc' dir='ltr'><strong><em>(ὁ</em></strong></span> <span class='ocrx_word' id='word_1_184' title='bbox 1767 2491 1930 2569; x_wconf 86' lang='grc' dir='ltr'><strong><em>νοῦς</em></strong></span> <span class='ocrx_word' id='word_1_185' title='bbox 1976 2486 2229 2576; x_wconf 78' lang='grc' dir='ltr'><strong><em>ἄπεισι,</em></strong></span> <span class='ocrx_word' id='word_1_186' title='bbox 2282 2488 2521 2576; x_wconf 84' lang='grc' dir='ltr'><strong><em>κωφόν</em></strong></span> <span class='ocrx_word' id='word_1_187' title='bbox 2562 2487 2817 2576; x_wconf 86' lang='grc' dir='ltr'><strong><em>ἀκροα-</em></strong></span> 
     </span>
     <span class='ocr_line' id='line_1_23' title="bbox 513 2600 798 2687; baseline 0 -20"><span class='ocrx_word' id='word_1_188' title='bbox 513 2600 798 2687; x_wconf 88' lang='grc' dir='ltr'><strong><em>τήριον’.</em></strong></span> 
     </span>
     <span class='ocr_line' id='line_1_24' title="bbox 690 2702 2819 2792; baseline 0 -19"><span class='ocrx_word' id='word_1_189' title='bbox 690 2706 949 2791; x_wconf 77' lang='grc' dir='ltr'><strong><em>ἐπέζησε</em></strong></span> <span class='ocrx_word' id='word_1_190' title='bbox 1006 2703 1080 2771; x_wconf 76' lang='grc' dir='ltr'><strong><em>δὲ</em></strong></span> <span class='ocrx_word' id='word_1_191' title='bbox 1137 2702 1449 2771; x_wconf 89' lang='grc' dir='ltr'><strong><em>Πλάτωνι</em></strong></span> <span class='ocrx_word' id='word_1_192' title='bbox 1505 2708 1618 2791; x_wconf 80' lang='grc' dir='ltr'><strong><em>ἔτη</em></strong></span> <span class='ocrx_word' id='word_1_193' title='bbox 1664 2710 1875 2772; x_wconf 75' lang='grc' dir='ltr'><strong><em>εἴκοσι</em></strong></span> <span class='ocrx_word' id='word_1_194' title='bbox 1921 2710 2104 2788; x_wconf 90' lang='grc' dir='ltr'><strong><em>τρία,</em></strong></span> <span class='ocrx_word' id='word_1_195' title='bbox 2148 2708 2239 2791; x_wconf 90' lang='grc' dir='ltr'><strong><em>πῆ</em></strong></span> <span class='ocrx_word' id='word_1_196' title='bbox 2293 2704 2417 2792; x_wconf 73' lang='grc' dir='ltr'><strong><em>μὲν</em></strong></span> <span class='ocrx_word' id='word_1_197' title='bbox 2442 2702 2819 2773; x_wconf 79' lang='grc' dir='ltr'><strong><em>παιδεύων</em></strong></span> 
     </span>
     <span class='ocr_line' id='line_1_25' title="bbox 520 2808 2818 2902; baseline -0 -22"><span class='ocrx_word' id='word_1_198' title='bbox 520 2816 858 2881; x_wconf 88' lang='grc' dir='ltr'><strong><em>Φιλίππου</em></strong></span> <span class='ocrx_word' id='word_1_199' title='bbox 909 2814 1113 2878; x_wconf 82' lang='grc' dir='ltr'><strong><em>παῖδα</em></strong></span> <span class='ocrx_word' id='word_1_200' title='bbox 1155 2808 1626 2898; x_wconf 74' lang='grc' dir='ltr'><strong><em>Ἀλέξανδρον,</em></strong></span> <span class='ocrx_word' id='word_1_201' title='bbox 1680 2813 1770 2898; x_wconf 88' lang='grc' dir='ltr'><strong><em>πῆ</em></strong></span> <span class='ocrx_word' id='word_1_202' title='bbox 1830 2809 1906 2878; x_wconf 72' lang='grc' dir='ltr'><strong><em>δὲ</em></strong></span> <span class='ocrx_word' id='word_1_203' title='bbox 1953 2808 2365 2900; x_wconf 71' lang='grc' dir='ltr'><strong><em>συμπεριιών</em></strong></span> <span class='ocrx_word' id='word_1_204' title='bbox 2412 2808 2590 2902; x_wconf 76' lang='grc' dir='ltr'><strong><em>αὐτῷ</em></strong></span> <span class='ocrx_word' id='word_1_205' title='bbox 2638 2812 2818 2897; x_wconf 81' lang='grc' dir='ltr'><strong><em>(θά-</em></strong></span> 
     </span>
     <span class='ocr_line' id='line_1_26' title="bbox 437 2914 2814 3007; baseline 0 -22"><span class='ocrx_word' id='word_1_206' title='bbox 437 2946 489 2986; x_wconf 85' lang='lat'><strong><em>25</em></strong></span> <span class='ocrx_word' id='word_1_207' title='bbox 517 2928 762 2988; x_wconf 88' lang='grc' dir='ltr'><strong><em>λατταν</em></strong></span> <span class='ocrx_word' id='word_1_208' title='bbox 808 2914 1106 3004; x_wconf 83' lang='grc' dir='ltr'><strong><em>πολλῆν&gt;</em></strong></span> <span class='ocrx_word' id='word_1_209' title='bbox 1152 2918 1264 2985; x_wconf 81' lang='grc' dir='ltr'><strong><em>καὶ</em></strong></span> <span class='ocrx_word' id='word_1_210' title='bbox 1301 2921 1449 3004; x_wconf 88' lang='grc' dir='ltr'><strong><em>γῆν,</em></strong></span> <span class='ocrx_word' id='word_1_211' title='bbox 1496 2921 1587 3004; x_wconf 89' lang='grc' dir='ltr'><strong><em>πῆ</em></strong></span> <span class='ocrx_word' id='word_1_212' title='bbox 1636 2916 1709 2985; x_wconf 70' lang='grc' dir='ltr'><strong><em>δὲ</em></strong></span> <span class='ocrx_word' id='word_1_213' title='bbox 1756 2916 2190 3007; x_wconf 88' lang='grc' dir='ltr'><strong><em>συγγράφων,</em></strong></span> <span class='ocrx_word' id='word_1_214' title='bbox 2236 2921 2326 3006; x_wconf 88' lang='grc' dir='ltr'><strong><em>πῆ</em></strong></span> <span class='ocrx_word' id='word_1_215' title='bbox 2359 2918 2441 2986; x_wconf 78' lang='grc' dir='ltr'><strong><em>’δὲ</em></strong></span> <span class='ocrx_word' id='word_1_216' title='bbox 2489 2921 2814 2986; x_wconf 85' lang='grc' dir='ltr'><strong><em>διδασκα-</em></strong></span> 
     </span>
     <span class='ocr_line' id='line_1_27' title="bbox 515 3022 2814 3114; baseline -0 -19"><span class='ocrx_word' id='word_1_217' title='bbox 515 3033 700 3095; x_wconf 89' lang='grc' dir='ltr'><strong><em>λείου</em></strong></span> <span class='ocrx_word' id='word_1_218' title='bbox 733 3023 1086 3113; x_wconf 74' lang='grc' dir='ltr'><strong><em>προεστεός.</em></strong></span> <span class='ocrx_word' id='word_1_219' title='bbox 1134 3024 1258 3093; x_wconf 82' lang='grc' dir='ltr'><strong><em>οὐκ</em></strong></span> <span class='ocrx_word' id='word_1_220' title='bbox 1304 3022 1434 3111; x_wconf 70' lang='grc' dir='ltr'><strong><em>ἄρα</em></strong></span> <span class='ocrx_word' id='word_1_221' title='bbox 1470 3022 2033 3114; x_wconf 74' lang='grc' dir='ltr'><strong><em>ἀντῳκοδόμησεν</em></strong></span> <span class='ocrx_word' id='word_1_222' title='bbox 2066 3023 2519 3114; x_wconf 79' lang='grc' dir='ltr'><strong><em>Ἀριστοτέλης</em></strong></span> <span class='ocrx_word' id='word_1_223' title='bbox 2554 3024 2814 3113; x_wconf 87' lang='grc' dir='ltr'><strong><em>σχολὴν</em></strong></span> 
     </span>
     <span class='ocr_line' id='line_1_28' title="bbox 516 3128 2817 3220; baseline 0 -20"><span class='ocrx_word' id='word_1_224' title='bbox 516 3139 658 3219; x_wconf 79' lang='grc' dir='ltr'><strong><em>(ἔτι</em></strong></span> <span class='ocrx_word' id='word_1_225' title='bbox 704 3135 948 3213; x_wconf 79' lang='grc' dir='ltr'><strong><em>ζῶντος</em></strong></span> <span class='ocrx_word' id='word_1_226' title='bbox 987 3129 1354 3211; x_wconf 88' lang='grc' dir='ltr'><strong><em>Πλάτωνος</em></strong></span> <span class='ocrx_word' id='word_1_227' title='bbox 1397 3129 1521 3217; x_wconf 89' lang='grc' dir='ltr'><strong><em>τὸ&gt;</em></strong></span> <span class='ocrx_word' id='word_1_228' title='bbox 1562 3128 1878 3215; x_wconf 86' lang='grc' dir='ltr'><strong><em>Λύκειον,</em></strong></span> <span class='ocrx_word' id='word_1_229' title='bbox 1930 3128 2021 3212; x_wconf 77' lang='grc' dir='ltr'><strong><em>ὡς</em></strong></span> <span class='ocrx_word' id='word_1_230' title='bbox 2053 3128 2504 3219; x_wconf 80' lang='grc' dir='ltr'><strong><em>Ἀριστόξενος</em></strong></span> <span class='ocrx_word' id='word_1_231' title='bbox 2545 3136 2817 3220; x_wconf 76' lang='grc' dir='ltr'><strong><em>πρῶτος</em></strong></span> 
     </span>
     <span class='ocr_line' id='line_1_29' title="bbox 515 3235 2813 3333; baseline 0 -26"><span class='ocrx_word' id='word_1_232' title='bbox 515 3236 1016 3324; x_wconf 86' lang='grc' dir='ltr'><strong><em>ἐσυκοφάντησε</em></strong></span> <span class='ocrx_word' id='word_1_233' title='bbox 1061 3239 1172 3333; x_wconf 81' lang='grc' dir='ltr'><strong><em>καὶ</em></strong></span> <span class='ocrx_word' id='word_1_234' title='bbox 1211 3235 1617 3325; x_wconf 87' lang='grc' dir='ltr'><strong><em>Ἀριστείδής</em></strong></span> <span class='ocrx_word' id='word_1_235' title='bbox 1662 3236 1947 3322; x_wconf 76' lang='grc' dir='ltr'><strong><em>ὕστερον</em></strong></span> <span class='ocrx_word' id='word_1_236' title='bbox 1994 3236 2494 3326; x_wconf 83' lang='grc' dir='ltr'><strong><em>ἠκολούθησεν,</em></strong></span> <span class='ocrx_word' id='word_1_237' title='bbox 2547 3238 2813 3327; x_wconf 80' lang='grc' dir='ltr'><strong><em>(ἀλλὰ)</em></strong></span> 
     </span>
     <span class='ocr_line' id='line_1_30' title="bbox 515 3342 2811 3435; baseline 0.001 -21"><span class='ocrx_word' id='word_1_238' title='bbox 515 3346 704 3433; x_wconf 89' lang='grc' dir='ltr'><strong><em>μέχρι</em></strong></span> <span class='ocrx_word' id='word_1_239' title='bbox 750 3348 1054 3431; x_wconf 82' lang='grc' dir='ltr'><strong><em>τελευτῆς</em></strong></span> <span class='ocrx_word' id='word_1_240' title='bbox 1099 3348 1316 3431; x_wconf 91' lang='grc' dir='ltr'><strong><em>συνῆν</em></strong></span> <span class='ocrx_word' id='word_1_241' title='bbox 1362 3343 1700 3413; x_wconf 88' lang='grc' dir='ltr'><strong><em>Πλάτωνι.</em></strong></span> <span class='ocrx_word' id='word_1_242' title='bbox 1772 3345 1882 3412; x_wconf 87' lang='grc' dir='ltr'><strong><em>καὶ</em></strong></span> <span class='ocrx_word' id='word_1_243' title='bbox 1930 3342 2033 3414; x_wconf 81' lang='grc' dir='ltr'><strong><em>ὅτι</em></strong></span> <span class='ocrx_word' id='word_1_244' title='bbox 2072 3346 2361 3416; x_wconf 91' lang='grc' dir='ltr'><strong><em>Πλάτων</em></strong></span> <span class='ocrx_word' id='word_1_245' title='bbox 2402 3348 2526 3435; x_wconf 75' lang='grc' dir='ltr'><strong><em>μὲν</em></strong></span> <span class='ocrx_word' id='word_1_246' title='bbox 2565 3348 2811 3435; x_wconf 78' lang='grc' dir='ltr'><strong><em>ἐτέχθη</em></strong></span> 
     </span>
    </p>
   </div>
   <div class='ocr_carea' id='block_1_3' title="bbox 517 3476 942 3485">
    <p class='ocr_par' dir='ltr' id='par_1_3' title="bbox 517 3476 942 3485">
     <span class='ocr_line' id='line_1_31' title="bbox 517 3476 942 3485; baseline 0 1407"><span class='ocrx_word' id='word_1_247' title='bbox 517 3476 942 3485; x_wconf 95' lang='lat' dir='ltr'><strong><em> </em></strong></span> 
     </span>
    </p>
   </div>
   <div class='ocr_carea' id='block_1_4' title="bbox 511 3537 2817 4410">
    <p class='ocr_par' dir='ltr' id='par_1_4' title="bbox 511 3537 2817 4410">
     <span class='ocr_line' id='line_1_32' title="bbox 659 3537 2817 3614; baseline 0 -15"><span class='ocrx_word' id='word_1_248' title='bbox 659 3550 692 3599; x_wconf 84' lang='grc'><strong>3</strong></span> <span class='ocrx_word' id='word_1_249' title='bbox 731 3559 806 3598; x_wconf 78' lang='lat' dir='ltr'><strong><em>se.</em></strong></span> <span class='ocrx_word' id='word_1_250' title='bbox 841 3537 870 3596; x_wconf 67' lang='lat' dir='ltr'><strong><em>‘r‘</em></strong></span> <span class='ocrx_word' id='word_1_251' title='bbox 918 3537 981 3598; x_wconf 76' lang='grc' dir='ltr'><strong><em>ἐκ</em></strong></span> <span class='ocrx_word' id='word_1_252' title='bbox 1020 3537 1312 3612; x_wconf 74' lang='grc' dir='ltr'><strong><em>νάρθηκος</em></strong></span> <span class='ocrx_word' id='word_1_253' title='bbox 1428 3546 1461 3595; x_wconf 85' lang='grc'>4</span> <span class='ocrx_word' id='word_1_254' title='bbox 1492 3537 1669 3595; x_wconf 79' lang='grc' dir='ltr'><strong><em>ἔδωκε</em></strong></span> <span class='ocrx_word' id='word_1_255' title='bbox 1706 3558 1761 3610; x_wconf 88' lang='lat' dir='ltr'><strong>p.</strong></span> <span class='ocrx_word' id='word_1_256' title='bbox 1802 3542 1921 3595; x_wconf 81' lang='grc' dir='ltr'><strong><em>δεδ.</em></strong></span> <span class='ocrx_word' id='word_1_257' title='bbox 1959 3541 2176 3597; x_wconf 73' lang='lat' dir='ltr'><strong>mavult</strong></span> <span class='ocrx_word' id='word_1_258' title='bbox 2210 3542 2397 3599; x_wconf 76' lang='lat' dir='ltr'><em>Robbe</em></span> <span class='ocrx_word' id='word_1_259' title='bbox 2504 3550 2536 3599; x_wconf 82' lang='lat'>5</span> <span class='ocrx_word' id='word_1_260' title='bbox 2574 3540 2637 3600; x_wconf 85' lang='grc' dir='ltr'><strong><em>τὸ</em></strong></span> <span class='ocrx_word' id='word_1_261' title='bbox 2678 3544 2817 3614; x_wconf 74' lang='grc' dir='ltr'><strong><em>περὶ</em></strong></span> 
     </span>
     <span class='ocr_line' id='line_1_33' title="bbox 515 3619 2815 3693; baseline 0 -16"><span class='ocrx_word' id='word_1_262' title='bbox 515 3625 615 3692; x_wconf 80' lang='grc' dir='ltr'><strong><em>τῆς</em></strong></span> <span class='ocrx_word' id='word_1_263' title='bbox 648 3643 706 3678; x_wconf 78' lang='grc' dir='ltr'><strong><em>κ.</em></strong></span> <span class='ocrx_word' id='word_1_264' title='bbox 747 3623 938 3678; x_wconf 81' lang='lat' dir='ltr'><em>Rohde</em></span> <span class='ocrx_word' id='word_1_265' title='bbox 1100 3628 1166 3677; x_wconf 92' lang='grc'><strong><em>10</em></strong></span> <span class='ocrx_word' id='word_1_266' title='bbox 1202 3624 1353 3677; x_wconf 77' lang='lat' dir='ltr'>recte</span> <span class='ocrx_word' id='word_1_267' title='bbox 1393 3619 1574 3690; x_wconf 87' lang='lat' dir='ltr'><strong>suppl.</strong></span> <span class='ocrx_word' id='word_1_268' title='bbox 1612 3620 1779 3690; x_wconf 81' lang='lat' dir='ltr'><strong>Rose,</strong></span> <span class='ocrx_word' id='word_1_269' title='bbox 1817 3621 2049 3677; x_wconf 69' lang='lat' dir='ltr'><strong>Aristot.</strong></span> <span class='ocrx_word' id='word_1_270' title='bbox 2079 3622 2130 3677; x_wconf 89' lang='lat' dir='ltr'><strong>V</strong></span> <span class='ocrx_word' id='word_1_271' title='bbox 2167 3640 2221 3691; x_wconf 89' lang='lat' dir='ltr'><strong><em>p.</em></strong></span> <span class='ocrx_word' id='word_1_272' title='bbox 2255 3628 2417 3692; x_wconf 80' lang='lat'>1571,</span> <span class='ocrx_word' id='word_1_273' title='bbox 2466 3626 2815 3693; x_wconf 81' lang='grc' dir='ltr'><strong><em>μεγαλορρη-</em></strong></span> 
     </span>
     <span class='ocr_line' id='line_1_34' title="bbox 513 3697 2811 3777; baseline -0 -19"><span class='ocrx_word' id='word_1_274' title='bbox 513 3702 796 3777; x_wconf 83' lang='grc' dir='ltr'><strong><em>μον&lt;εῖν&gt;</em></strong></span> <span class='ocrx_word' id='word_1_275' title='bbox 831 3722 966 3758; x_wconf 82' lang='grc' dir='ltr'><strong><em>ποτε</em></strong></span> <span class='ocrx_word' id='word_1_276' title='bbox 1005 3702 1192 3759; x_wconf 80' lang='lat' dir='ltr'><strong><em>Robbe</em></strong></span> <span class='ocrx_word' id='word_1_277' title='bbox 1373 3708 1436 3756; x_wconf 79' lang='lat'><strong><em>12</em></strong></span> <span class='ocrx_word' id='word_1_278' title='bbox 1491 3697 1633 3756; x_wconf 83' lang='grc' dir='ltr'><strong><em>ἕπτά</em></strong></span> <span class='ocrx_word' id='word_1_279' title='bbox 1681 3717 1788 3757; x_wconf 92' lang='lat' dir='ltr'><strong><em>om.</em></strong></span> <span class='ocrx_word' id='word_1_280' title='bbox 1828 3701 1947 3756; x_wconf 83' lang='lat' dir='ltr'><strong>cod.</strong></span> <span class='ocrx_word' id='word_1_281' title='bbox 1988 3703 2166 3771; x_wconf 86' lang='lat' dir='ltr'><strong>suppl.</strong></span> <span class='ocrx_word' id='word_1_282' title='bbox 2204 3702 2390 3759; x_wconf 79' lang='lat' dir='ltr'><strong><em>Robbe</em></strong></span> <span class='ocrx_word' id='word_1_283' title='bbox 2563 3709 2627 3757; x_wconf 84' lang='lat'><strong><em>13</em></strong></span> <span class='ocrx_word' id='word_1_284' title='bbox 2667 3701 2811 3773; x_wconf 83' lang='grc' dir='ltr'><strong><em>παρ’</em></strong></span> 
     </span>
     <span class='ocr_line' id='line_1_35' title="bbox 511 3778 2811 3853; baseline 0 -17"><span class='ocrx_word' id='word_1_285' title='bbox 511 3780 774 3853; x_wconf 82' lang='grc' dir='ltr'><strong><em>Ἀθήνῃσι</em></strong></span> <span class='ocrx_word' id='word_1_286' title='bbox 811 3783 931 3839; x_wconf 84' lang='lat' dir='ltr'><strong>cod.</strong></span> <span class='ocrx_word' id='word_1_287' title='bbox 973 3799 1112 3838; x_wconf 78' lang='lat' dir='ltr'><strong>corr.</strong></span> <span class='ocrx_word' id='word_1_288' title='bbox 1149 3783 1336 3839; x_wconf 86' lang='lat' dir='ltr'><strong><em>Robbe</em></strong></span> <span class='ocrx_word' id='word_1_289' title='bbox 1502 3787 1568 3835; x_wconf 84' lang='lat'><strong><em>14</em></strong></span> <span class='ocrx_word' id='word_1_290' title='bbox 1606 3778 1707 3836; x_wconf 86' lang='grc' dir='ltr'><strong><em>τὸν</em></strong></span> <span class='ocrx_word' id='word_1_291' title='bbox 1742 3798 1850 3836; x_wconf 92' lang='lat' dir='ltr'><strong><em>om.</em></strong></span> <span class='ocrx_word' id='word_1_292' title='bbox 1889 3780 2007 3836; x_wconf 81' lang='lat' dir='ltr'><strong>cod.</strong></span> <span class='ocrx_word' id='word_1_293' title='bbox 2048 3780 2174 3836; x_wconf 86' lang='lat' dir='ltr'><strong>add.</strong></span> <span class='ocrx_word' id='word_1_294' title='bbox 2212 3780 2401 3837; x_wconf 80' lang='lat' dir='ltr'><strong><em>Robbe</em></strong></span> <span class='ocrx_word' id='word_1_295' title='bbox 2554 3787 2619 3835; x_wconf 79' lang='lat'><strong><em>1⁷</em></strong></span> <span class='ocrx_word' id='word_1_296' title='bbox 2660 3780 2811 3837; x_wconf 75' lang='grc' dir='ltr'><strong><em>εἰκο-</em></strong></span> 
     </span>
     <span class='ocr_line' id='line_1_36' title="bbox 515 3858 2816 3932; baseline -0.001 -14"><span class='ocrx_word' id='word_1_297' title='bbox 515 3863 688 3931; x_wconf 83' lang='grc' dir='ltr'><strong><em>σαετῆ</em></strong></span> <span class='ocrx_word' id='word_1_298' title='bbox 724 3858 1076 3932; x_wconf 73' lang='grc' dir='ltr'><strong><em>τυγχάνοντα</em></strong></span> <span class='ocrx_word' id='word_1_299' title='bbox 1107 3880 1246 3918; x_wconf 86' lang='lat' dir='ltr'><strong>corr.</strong></span> <span class='ocrx_word' id='word_1_300' title='bbox 1271 3862 1462 3918; x_wconf 78' lang='lat' dir='ltr'><em>Rohde</em></span> <span class='ocrx_word' id='word_1_301' title='bbox 1490 3862 1617 3917; x_wconf 79' lang='lat' dir='ltr'><strong>coll.</strong></span> <span class='ocrx_word' id='word_1_302' title='bbox 1647 3863 1995 3930; x_wconf 88' lang='lat' dir='ltr'><strong>Ammon.·p.</strong></span> <span class='ocrx_word' id='word_1_303' title='bbox 2024 3866 2146 3928; x_wconf 85' lang='grc'><strong><em>399,</em></strong></span> <span class='ocrx_word' id='word_1_304' title='bbox 2176 3866 2245 3915; x_wconf 82' lang='lat'><strong><em>24</em></strong></span> <span class='ocrx_word' id='word_1_305' title='bbox 2264 3859 2443 3918; x_wconf 72' lang='lat' dir='ltr'><strong>West.</strong></span> <span class='ocrx_word' id='word_1_306' title='bbox 2483 3859 2816 3932; x_wconf 82' lang='grc' dir='ltr'><strong><em>εἰκοσαετὴς</em></strong></span> 
     </span>
     <span class='ocr_line' id='line_1_37' title="bbox 514 3937 2811 4012; baseline 0.001 -16"><span class='ocrx_word' id='word_1_307' title='bbox 514 3937 808 4012; x_wconf 84' lang='grc' dir='ltr'><strong><em>τυγχάνων</em></strong></span> <span class='ocrx_word' id='word_1_308' title='bbox 846 3944 966 4000; x_wconf 82' lang='lat' dir='ltr'><strong>cod.</strong></span> <span class='ocrx_word' id='word_1_309' title='bbox 1004 3944 1190 3999; x_wconf 78' lang='lat' dir='ltr'><strong><em>Robbe</em></strong></span> <span class='ocrx_word' id='word_1_310' title='bbox 1348 3947 1420 3997; x_wconf 80' lang='lat'><strong><em>24</em></strong></span> <span class='ocrx_word' id='word_1_311' title='bbox 1457 3938 1778 4011; x_wconf 78' lang='grc' dir='ltr'><strong><em>συμπεριών</em></strong></span> <span class='ocrx_word' id='word_1_312' title='bbox 1816 3940 1936 3997; x_wconf 79' lang='lat' dir='ltr'><strong>cod.</strong></span> <span class='ocrx_word' id='word_1_313' title='bbox 1974 3956 2112 3995; x_wconf 87' lang='lat' dir='ltr'><strong>corr.</strong></span> <span class='ocrx_word' id='word_1_314' title='bbox 2149 3940 2337 3997; x_wconf 76' lang='lat' dir='ltr'><strong><em>Robbe</em></strong></span> <span class='ocrx_word' id='word_1_315' title='bbox 2480 3945 2616 3997; x_wconf 82' lang='grc' dir='ltr'><strong><em>θαλ.</em></strong></span> <span class='ocrx_word' id='word_1_316' title='bbox 2653 3946 2811 3998; x_wconf 84' lang='grc' dir='ltr'><strong><em>πολλ.</em></strong></span> 
     </span>
     <span class='ocr_line' id='line_1_38' title="bbox 517 4016 2813 4093; baseline -0 -15"><span class='ocrx_word' id='word_1_317' title='bbox 517 4040 624 4078; x_wconf 91' lang='lat' dir='ltr'><strong><em>om.</em></strong></span> <span class='ocrx_word' id='word_1_318' title='bbox 664 4023 784 4078; x_wconf 86' lang='lat' dir='ltr'><strong>cod.</strong></span> <span class='ocrx_word' id='word_1_319' title='bbox 815 4021 1253 4091; x_wconf 61' lang='lat' dir='ltr'><strong>spakiorelicm,</strong></span> <span class='ocrx_word' id='word_1_320' title='bbox 1293 4023 1474 4093; x_wconf 85' lang='lat' dir='ltr'><strong>suppl.</strong></span> <span class='ocrx_word' id='word_1_321' title='bbox 1503 4022 1691 4078; x_wconf 77' lang='lat' dir='ltr'><strong><em>Robbe</em></strong></span> <span class='ocrx_word' id='word_1_322' title='bbox 1799 4027 1869 4076; x_wconf 81' lang='lat'><strong><em>26</em></strong></span> <span class='ocrx_word' id='word_1_323' title='bbox 1904 4022 2035 4090; x_wconf 71' lang='lat' dir='ltr'><strong>post</strong></span> <span class='ocrx_word' id='word_1_324' title='bbox 2070 4016 2274 4089; x_wconf 85' lang='grc' dir='ltr'><strong><em>σχολὴν</em></strong></span> <span class='ocrx_word' id='word_1_325' title='bbox 2302 4023 2361 4076; x_wconf 77' lang='lat' dir='ltr'><strong><em>et</em></strong></span> <span class='ocrx_word' id='word_1_326' title='bbox 2395 4024 2527 4077; x_wconf 79' lang='lat' dir='ltr'>ante</span> <span class='ocrx_word' id='word_1_327' title='bbox 2563 4019 2813 4077; x_wconf 78' lang='grc' dir='ltr'><strong><em>Λύκειον</em></strong></span> 
     </span>
     <span class='ocr_line' id='line_1_39' title="bbox 513 4095 2812 4171; baseline 0.001 -15"><span class='ocrx_word' id='word_1_328' title='bbox 513 4103 720 4157; x_wconf 83' lang='lat' dir='ltr'><strong>lacuna</strong></span> <span class='ocrx_word' id='word_1_329' title='bbox 756 4104 911 4157; x_wconf 59' lang='lat' dir='ltr'><strong><em>extusa</em></strong></span> <span class='ocrx_word' id='word_1_330' title='bbox 947 4102 1006 4157; x_wconf 89' lang='lat' dir='ltr'><strong><em>in</em></strong></span> <span class='ocrx_word' id='word_1_331' title='bbox 1043 4102 1162 4157; x_wconf 85' lang='lat' dir='ltr'><strong>cod.</strong></span> <span class='ocrx_word' id='word_1_332' title='bbox 1179 4145 1194 4171; x_wconf 90' lang='lat'><strong>,</strong></span> <span class='ocrx_word' id='word_1_333' title='bbox 1237 4118 1406 4171; x_wconf 81' lang='lat' dir='ltr'><strong>quam</strong></span> <span class='ocrx_word' id='word_1_334' title='bbox 1444 4103 1595 4157; x_wconf 69' lang='lat' dir='ltr'><strong>recte</strong></span> <span class='ocrx_word' id='word_1_335' title='bbox 1633 4102 1812 4171; x_wconf 84' lang='lat' dir='ltr'><strong>suppl.</strong></span> <span class='ocrx_word' id='word_1_336' title='bbox 1850 4101 2038 4156; x_wconf 78' lang='lat' dir='ltr'><strong><em>Robbe</em></strong></span> <span class='ocrx_word' id='word_1_337' title='bbox 2188 4106 2257 4156; x_wconf 80' lang='lat'><strong><em>27</em></strong></span> <span class='ocrx_word' id='word_1_338' title='bbox 2290 4095 2629 4171; x_wconf 67' lang='grc' dir='ltr'><strong><em>Ἀριστοκλῆς</em></strong></span> <span class='ocrx_word' id='word_1_339' title='bbox 2666 4105 2812 4158; x_wconf 84' lang='lat' dir='ltr'><strong>coni.</strong></span> 
     </span>
     <span class='ocr_line' id='line_1_40' title="bbox 514 4176 2812 4251; baseline 0 -15"><span class='ocrx_word' id='word_1_340' title='bbox 514 4182 726 4249; x_wconf 83' lang='lat' dir='ltr'><strong><em>Robbe,</em></strong></span> <span class='ocrx_word' id='word_1_341' title='bbox 763 4181 914 4251; x_wconf 86' lang='lat' dir='ltr'><strong>quod</strong></span> <span class='ocrx_word' id='word_1_342' title='bbox 948 4181 1156 4237; x_wconf 83' lang='lat' dir='ltr'><strong>iniuria</strong></span> <span class='ocrx_word' id='word_1_343' title='bbox 1191 4184 1460 4251; x_wconf 72' lang='lat' dir='ltr'><strong>gravatur</strong></span> <span class='ocrx_word' id='word_1_344' title='bbox 1499 4183 1717 4248; x_wconf 72' lang='lat' dir='ltr'><strong><em>Maass,</em></strong></span> <span class='ocrx_word' id='word_1_345' title='bbox 1756 4179 1939 4250; x_wconf 86' lang='lat' dir='ltr'><strong>Biogr.</strong></span> <span class='ocrx_word' id='word_1_346' title='bbox 1976 4198 2031 4249; x_wconf 90' lang='lat' dir='ltr'><strong>p.</strong></span> <span class='ocrx_word' id='word_1_347' title='bbox 2060 4184 2129 4234; x_wconf 82' lang='lat'><strong><em>82</em></strong></span> <span class='ocrx_word' id='word_1_348' title='bbox 2168 4183 2285 4236; x_wconf 71' lang='lat' dir='ltr'><strong>not.</strong></span> <span class='ocrx_word' id='word_1_349' title='bbox 2452 4187 2521 4236; x_wconf 78' lang='lat'><strong><em>28</em></strong></span> <span class='ocrx_word' id='word_1_350' title='bbox 2564 4176 2709 4237; x_wconf 76' lang='grc' dir='ltr'><strong><em>ἀλλὰ</em></strong></span> <span class='ocrx_word' id='word_1_351' title='bbox 2749 4184 2812 4237; x_wconf 90' lang='lat' dir='ltr'><strong><em>in</em></strong></span> 
     </span>
     <span class='ocr_line' id='line_1_41' title="bbox 515 4254 2814 4333; baseline 0.001 -19"><span class='ocrx_word' id='word_1_352' title='bbox 515 4261 720 4330; x_wconf 78' lang='lat' dir='ltr'><strong>lacuna</strong></span> <span class='ocrx_word' id='word_1_353' title='bbox 759 4263 936 4331; x_wconf 88' lang='lat' dir='ltr'><strong>suppl.</strong></span> <span class='ocrx_word' id='word_1_354' title='bbox 971 4262 1157 4317; x_wconf 83' lang='lat' dir='ltr'><strong><em>Robbe</em></strong></span> <span class='ocrx_word' id='word_1_355' title='bbox 1291 4267 1359 4316; x_wconf 81' lang='lat'><strong><em>29</em></strong></span> <span class='ocrx_word' id='word_1_356' title='bbox 1397 4262 1573 4317; x_wconf 83' lang='lat' dir='ltr'>verba</span> <span class='ocrx_word' id='word_1_357' title='bbox 1608 4262 1707 4316; x_wconf 78' lang='grc' dir='ltr'><strong><em>καὶ</em></strong></span> <span class='ocrx_word' id='word_1_358' title='bbox 1743 4254 1831 4316; x_wconf 81' lang='grc' dir='ltr'><strong><em>ὅτι</em></strong></span> <span class='ocrx_word' id='word_1_359' title='bbox 1868 4256 2109 4315; x_wconf 87' lang='grc' dir='ltr'><strong><em>Πλάτων</em></strong></span> <span class='ocrx_word' id='word_1_360' title='bbox 2150 4292 2213 4301; x_wconf 91' lang='lat'><em>-</em></span> <span class='ocrx_word' id='word_1_361' title='bbox 2254 4256 2391 4317; x_wconf 74' lang='grc' dir='ltr'><strong><em>οὐδὲ</em></strong></span> <span class='ocrx_word' id='word_1_362' title='bbox 2430 4257 2632 4333; x_wconf 76' lang='grc' dir='ltr'><strong><em>ᾇάδιον</em></strong></span> <span class='ocrx_word' id='word_1_363' title='bbox 2670 4257 2814 4317; x_wconf 82' lang='grc' dir='ltr'><strong><em>ἀνα-</em></strong></span> 
     </span>
     <span class='ocr_line' id='line_1_42' title="bbox 517 4340 1500 4410; baseline 0.003 -17"><span class='ocrx_word' id='word_1_364' title='bbox 517 4341 758 4410; x_wconf 79' lang='grc' dir='ltr'><strong><em>γνῶναι,</em></strong></span> <span class='ocrx_word' id='word_1_365' title='bbox 795 4340 999 4396; x_wconf 77' lang='lat' dir='ltr'><strong>desunt</strong></span> <span class='ocrx_word' id='word_1_366' title='bbox 1033 4341 1097 4395; x_wconf 69' lang='lat' dir='ltr'><strong><em>in⁴</em></strong></span> <span class='ocrx_word' id='word_1_367' title='bbox 1128 4340 1500 4397; x_wconf 80' lang='lat' dir='ltr'><strong>Ammoniana</strong></span> 
     </span>
    </p>
   </div>
  </div>
 </body>
</html>
