3025 4892
535 217 622 284 36
1461 214 1892 274 HESYCHIUS.

713 380 934 448 CXLI.
980 377 1289 468 Ἀχαιὸς
1315 379 1804 469 Συρακούσιος,
1837 378 2149 467 τραγικὸς
2183 377 2522 467 νεώτερος.
2584 383 2843 468 ἔγραψε

534 486 998 579 τραγωδίαςί

713 595 969 664 CXLII.
1036 592 1437 682 Ἀχιλλεὺς
1489 594 1783 675 Τάτιος
1819 593 2320 682 Ἀλεξανδρεύς,
2366 621 2403 662 ο
2450 594 2716 684 γράψας
2758 595 2845 664 τὰ

533 699 700 770 κατὰ
747 707 1140 788 Λευκίππην
1201 701 1314 768 καὶ
1360 705 1841 790 Κλειτοφῶντα
1896 702 2007 768 καὶ
2060 699 2231 769 ἄλλα
2287 701 2565 790 ἐρωτικὰ
2614 704 2689 770 ἐν
2738 708 2845 789 βι-

481 831 507 871 ⁶
534 815 748 896 βλίοις
783 808 864 895 η’.
918 809 1197 895 γέγονεν
1233 813 1514 895 ἔσχατον
1541 807 1943 895 Χριστιανὸς
1978 809 2088 876 καὶ
2126 811 2495 890 ἐπίσκοπος.
2534 808 2549 900 Ι
2587 813 2843 906 ἔγραψε

535 916 611 986 δὲ
673 917 824 1004 περὶ
888 921 1180 1003 σφαίρας
1241 916 1354 983 καὶ
1413 917 1877 1003 ἐτυμολογίας,
1942 915 2052 983 καὶ
2116 918 2415 1003 ἱστορίαν
2464 915 2845 1003 σύμμικτον

535 1019 806 1093 πολλῶν
852 1023 962 1090 καὶ
1010 1021 1320 1110 μεγάλων
1365 1023 1478 1090 καὶ
1518 1029 1923 1110 θαυμασίων
1962 1021 2237 1111 ἀνδρῶν
2272 1023 2845 1112 μνημονεύουσαν

537 1129 574 1201 ὅ
625 1131 700 1199 δὲ
745 1129 945 1217 λόγος
991 1125 1202 1198 αὐτοῦ
1246 1128 1412 1198 κατὰ
1455 1128 1674 1198 πάντα
1721 1127 1955 1218 ὅμοιος
1986 1144 2128 1210 τοῖς
2173 1132 2527 1218 ἐρωτικοῖς.
2567 1128 2582 1220 Ι

717 1238 1004 1305 CXLIII.
1058 1233 1378 1322 Ἀψίνης
1419 1233 1779 1324 Ἀθηναῖος
1822 1235 2179 1324 σοφιστής,
2218 1235 2581 1324 Ὀνασίμου
2623 1234 2849 1324 πατὴρ

462 1366 514 1406 ιο
539 1349 665 1414 τοῦ
711 1347 1040 1431 σοφιστοῦ
1085 1347 1210 1412 τοῦ
1241 1341 1490 1432 πατρὸς
1529 1341 1824 1426 Ἀψίνου.

718 1451 1004 1519 CXLIV.
1053 1447 1370 1536 Ἀψίνης
1406 1449 1756 1538 Γαδαρεὺς
1782 1451 2125 1538 σοφιστής,
2164 1456 2456 1537 σπαρείς,
2494 1448 2587 1530 ὥς
2614 1449 2847 1535 λόγος,

539 1561 614 1627 ἐκ
661 1557 924 1645 Πανός,
971 1557 1401 1644 μαθητεύσας
1441 1558 1518 1627 δὲ
1566 1561 1641 1628 ἐν
1688 1558 1972 1648 Σμύρνῃ
2010 1557 2406 1648 Ἡρακλείδῃ
2450 1563 2542 1648 τῷ
2582 1562 2849 1648 Λυκίῳ,

540 1663 680 1734 εἶτα
736 1668 1071 1756 Βασιλικῷ
1134 1667 1210 1734 ἐν
1264 1670 1713 1756 Νικομηδείᾳ,
1761 1668 2233 1752 ἑσοφίστευσεν
2275 1665 2603 1752 Ἀθήνησι
2648 1669 2847 1750 βασι-

539 1771 859 1852 λεύοντος
903 1773 1324 1858 Μαξιμίνου,
1369 1769 1698 1842 ὑπατικοῦ
1743 1772 1974 1859 λαβὼν
2018 1771 2294 1860 ἀξίωμα.

460 1897 511 1939 1⁶
716 1869 966 1947 CXLV.
1013 1875 1232 1961 Ἀψίν
1250 1907 1330 1966 ης
1351 1877 1713 1966 Ὀνασίμου
1737 1883 1861 1948 τοῦ
1890 1882 2217 1968 σοφιστοῦ
2246 1877 2613 1966 Ἀθηναίου
2643 1899 2849 1965 σοφι-

537 1982 694 2072 στὴς
739 1983 1061 2073 νεώτερος
1105 1990 1228 2053 τοῦ
1272 1988 1633 2074 Γαδαρέως
1672 1983 1968 2068 Ἀψίνου.
2466 2024 2481 2034 ·

716 2092 996 2160 CXLVI.
1033 2090 1425 2181 ’Ἄψυρτος
1457 2091 1855 2181 Προυσαεὺς
1882 2089 1923 2180 ἢ
1954 2093 2398 2180 Νικομηδεύς,
2437 2091 2849 2180 στρατιώτης

536 2199 1108 2286 στρατευσάμενος
1152 2199 1258 2268 ἐπὶ
1305 2206 1836 2268 Κωνσταντίνου
1881 2205 2001 2269 τοῦ
2058 2203 2381 2287 βασιλέως
2438 2202 2511 2268 ἐν
2560 2205 2846 2289 Σκυθίᾳ

536 2302 717 2392 παρὰ
759 2302 879 2372 τὸν
906 2302 1193 2393 Ἴστρον.
1260 2305 1682 2392 ίππιατρικὸν
1719 2311 1988 2393 βιβλίον
2024 2298 2221 2387 οὗτος
2258 2313 2525 2396 ἔγραψε,
2548 2307 2683 2374 ,καὶ
2715 2333 2850 2392 φυ-

460 2433 513 2474 20
542 2409 736 2480 σικὸν
781 2412 934 2498 περὶ
977 2417 1116 2482 τῶν
1155 2411 1379 2482 αὐτῶν
1414 2409 1707 2499 ἀλόγων,
1742 2414 1851 2480 καὶ
1893 2416 2099 2498 ἕτερα.
2156 2419 2429 2505 [ἔγραψε
2464 2414 2576 2482 καὶ
2606 2417 2853 2499 Σίμων

533 2516 892 2606 Ἀθηναῖος
939 2514 1422 2589 ίπποσκοπικὸν
1469 2525 1736 2606 βιβλίον
1782 2520 2217 2607 θαυμάσιον.]

545 2769 694 2837 quod
733 2770 1051 2838 oppositum
1089 2785 1205 2824 esse
1242 2768 1417 2837 ipsius
1447 2769 1717 2838 Hesychii
1745 2769 2056 2825 sententiae
2093 2787 2163 2826 ex
2189 2771 2336 2826 Ionis
2371 2770 2490 2827 vita
2526 2774 2677 2827 recte
2708 2789 2853 2827 con·

543 2847 712 2902 clusit
744 2849 960 2915 Rohde‚
1006 2846 1148 2904 Mus.
1187 2849 1364 2904 Rhen.
1404 2849 1643 2902 XXXIII
1678 2867 1733 2918 p.
1777 2856 1878 2906 189
1916 2852 2058 2920 not„
2105 2868 2211 2905 συν
2240 2845 2378 2921 Εύρ.
2415 2853 2560 2922 vuly.
2600 2847 2703 2906 σὺν
2742 2853 2855 2906 καὶ

546 2915 685 2995 Εὖρ.
724 2933 826 2981 AV
861 2928 961 2983 καὶ
998 2925 1103 2984 σὺν
1141 2929 1312 2984 Daub

685 3007 856 3063 CXLI
894 3009 1045 3064 Eud.
1083 3027 1139 3079 p.
1178 3014 1296 3065 118.
1335 3010 1600 3064 Welcker
1636 3027 1689 3079 p.
1728 3015 1885 3064 1045
1999 3017 2025 3064 1
2068 3009 2209 3066 δέκα
2247 3012 2345 3066 καὶ
2380 3012 2655 3080 τέσσαρας
2680 3011 2848 3068 Eud.

686 3085 882 3141 CXLII
918 3088 1070 3142 Eud.
1107 3107 1159 3158 p.
1193 3094 1311 3143 117.
1355 3090 1575 3156 Iacche,
1598 3089 1821 3158 Proleg.
1851 3091 1922 3146 ad
1950 3091 2088 3148 Ach.
2120 3093 2245 3148 Tat.
2274 3109 2328 3161 p.
2359 3093 2409 3146 V
2438 3093 2501 3148 A.
2532 3099 2583 3161 2,
2620 3091 2852 3159 Rohde,

543 3165 634 3222 Gr.
673 3166 892 3222 Roman
929 3185 983 3237 p.
1023 3174 1128 3223 470
1158 3185 1274 3238 seq.
1420 3177 1452 3224 3
1494 3167 1701 3234 Τάτιος
1735 3170 1943 3226 rectius
1980 3171 2201 3241 scripsit
2240 3173 2474 3226 Photius
2508 3170 2645 3227 bibl.
2683 3189 2741 3240 p.
2776 3179 2849 3226 66

545 3241 788 3309 Στάτιος
813 3249 944 3318 vuly
971 3247 1123 3303 Eud.
1153 3245 1396 3312 Στάσιος
1413 3256 1460 3304 V
1561 3255 1593 3304 5
1621 3248 1820 3320 γέγονε
1852 3267 1992 3318 seq.:
2021 3250 2211 3304 Rohde
2236 3251 2274 3306 l.
2297 3268 2345 3306 c.
2364 3268 2419 3320 p.
2441 3256 2543 3305 475
2622 3248 2848 3319 ἔγραψε

545 3343 658 3393 seq.
698 3343 810 3380 non
847 3326 919 3380 ad
957 3327 1236 3382 Achillem
1274 3328 1502 3383 Tatium
1550 3329 1647 3384 sed
1693 3329 1764 3381 ad
1802 3331 2043 3385 alterum
2079 3330 2359 3385 Achillem
2407 3333 2657 3400 spectare
2694 3329 2851 3385 vidit

543 3405 759 3471 Rohde,
797 3423 848 3474 p.
889 3411 989 3460 471
1022 3423 1135 3476 seq.
1211 3405 1292 3462 ef.
1327 3408 1497 3462 etiam
1537 3409 1712 3478 Diels,
1751 3410 1991 3480 Doxogr.
2029 3428 2083 3480 p.
2126 3416 2191 3464 17
2212 3427 2326 3478 seq.
2400 3411 2679 3465 Incertum
2716 3412 2847 3479 quis

541 3487 838 3554 utrumque
878 3486 1191 3541 confuderit
1325 3494 1357 3542 6
1395 3485 1987 3558 ἴστορίας-συμμίκτου
2024 3495 2071 3543 V
2159 3491 2222 3545 In
2261 3491 2512 3560 margine
2541 3496 2587 3543 Δ
2627 3490 2843 3561 legitur

544 3567 656 3620 εἴτε
695 3561 916 3628 τούτοις
953 3563 1346 3636 προσεκύρησα
1384 3570 1534 3637 quod
1573 3586 1682 3638 quo
1719 3571 1937 3639 spectet
1971 3569 2203 3625 dubium

688 3644 1192 3700 CXLIII—CXLV
1230 3647 1382 3702 Eud.
1420 3667 1473 3718 p.
1518 3654 1636 3703 114.
1695 3649 1778 3704 cf.
1814 3669 1867 3704 v.
1902 3645 2209 3720 Ὀνάσιμος.
2274 3649 2673 3706 Atheniensem
2710 3667 2843 3704 cum

544 3725 852 3781 Gadarensi
899 3725 1137 3780 eundem
1186 3743 1305 3782 esse
1352 3730 1577 3783 constat
1753 3736 1785 3785 9
1824 3725 2117 3800 ἀξιόλογος
2154 3726 2420 3800 σοφιστής
2458 3747 2565 3787 om.
2603 3735 2649 3782 Δ
2686 3724 2844 3795 ἄξιό-

545 3812 707 3877 λογος
745 3825 855 3862 om.
892 3812 937 3858 V
974 3801 1269 3875 ἀξιόλογος
1303 3825 1431 3877 σοφ.
1469 3809 1614 3878 vuly.
1654 3809 1805 3865 Eud.
1910 3805 2208 3880 Ἀθηναῖος
2245 3828 2354 3868 om.
2392 3815 2447 3862 Π
2595 3816 2657 3864 11
2700 3813 2843 3864 Γαδ.

547 3884 923 3959 πρεσβύτερος
960 3887 1060 3941 τοῦ
1093 3881 1392 3957 Ὀνασίμου
1429 3888 1560 3943 add.
1590 3891 1761 3959 Eud„
1801 3907 1943 3960 quae
1980 3893 2210 3946 tertium
2248 3883 2428 3961 primo
2466 3891 2591 3965 lcco
2627 3908 2845 3946 memo-

545 3968 695 4023 ravit
841 3974 906 4022 13
945 3969 1275 4042 Νικομηδίᾳ
1311 3974 1357 4021 Δ
1503 3975 1571 4024 14
1606 3971 1975 4042 Μαξιμιανοῦ
2014 3989 2206 4027 omnes
2243 3971 2378 4026 libri
2414 3973 2473 4026 et
2509 3971 2659 4025 Eud.
2699 3987 2843 4026 corr.

547 4049 820 4103 Kueterus
855 4047 984 4102 coll.
1022 4066 1073 4103 V.
1117 4045 1364 4111 Γαΐανός
1538 4056 1602 4104 15
1637 4045 1929 4120 Ἀθηναῖος
1963 4053 2134 4107 Daub
2310 4058 2375 4108 16
2412 4049 2685 4122 νεώτερος
2720 4069 2841 4120 seq

545 4144 654 4182 om.
692 4128 845 4184 Eud.
919 4125 1179 4183 Ceterum
1218 4129 1285 4184 cf.
1324 4147 1374 4185 v.
1413 4129 1623 4198 Μαΐωρ
1662 4134 1718 4187 et
1756 4129 2022 4201 Φρόντων
2054 4129 2359 4203 Ἐμεσηνός

477 4204 486 4212 ’
689 4207 910 4262 CXLVI
947 4209 1098 4263 Eud.
1137 4227 1189 4278 p.
1234 4215 1336 4264 110
1443 4217 1547 4264 17
1596 4204 1632 4279 ἢ
1671 4208 2035 4283 Νικομηδεύς
2069 4219 2113 4266 Ε
2160 4231 2297 4268 corr.
2338 4213 2511 4268 etiam
2546 4213 2845 4282 mestuus,

546 4286 642 4353 qui
679 4279 715 4354 ἢ
754 4306 829 4348 ως
866 4307 1014 4351 τινες
1050 4291 1367 4358 proposuit,
1404 4311 1440 4359 η
1479 4307 1587 4346 om.
1624 4294 1769 4361 vuly.
1827 4291 1908 4346 Cf.
1947 4291 2223 4363 Σωτάδης
2258 4288 2415 4362 Κρής
2570 4299 2635 4348 19
2674 4290 2847 4362 ἔγρα-

545 4377 658 4433 ψεν
689 4363 1052 4435 ἴππιατρικὸν
1082 4371 1223 4440 βιβλ.
1252 4369 1405 4424 Eud.
1518 4376 1587 4424 20
1596 4371 1744 4445 περὶ
1771 4373 1885 4427 τῶν
1922 4369 2158 4476 ἀλόγων
2174 4369 2236 4428 ἐν
2266 4375 2501 4446 βιβλίοις
2526 4369 2578 4427 δ’
2606 4373 2845 4443 reliquie
