3025 4892
1586 77 1624 108 0

498 225 539 286 2
1427 211 1852 279 HESYCHIUS'.

674 385 822 450 IV⁸.
901 381 1270 470 Ἀγαθίας
1325 383 1759 471 σχολαστικὸς
1802 390 2215 471 Μυριναῖος,
2276 379 2312 449 ὁ
2359 381 2623 468 γράψας
2666 408 2813 467 την

494 489 654 577 μετὰ
693 490 1084 578 Προκόπιον
1123 495 1424 578 ἱστορίαν
1467 489 1617 574 [τὸν
1652 490 2027 578 Καισαρέα,
2073 487 2153 556 τὰ
2188 487 2352 556 κατὰ
2383 487 2812 576 Βελισάριον

493 597 605 664 καὶ
660 594 777 676 τὰς
832 599 906 664 ἐν
957 595 1199 687 Ἰταλίᾳ
1243 598 1353 665 καὶ
1401 600 1474 665 ἐν
1524 596 1745 687 Λιβύῃ
1792 595 2088 685 πράξεις,
2146 597 2442 664 τουτέστι
2494 593 2575 663 τὰ
2626 621 2811 662 κατα

495 706 782 790 Ναρσῆν
828 705 901 770 ἐν
953 701 1195 771 Ἰταλία
1239 704 1350 771 καὶ
1405 702 1484 771 τὰ
1545 707 1619 772 ἐν
1666 705 1912 792 Λαζικῇ
1963 702 2074 769 καὶ
2122 708 2512 794 Βυζαντίω].
2596 694 2813 781 οὗτος

343 871 349 878 .
441 830 466 869 ⁵
497 809 812 888 συνέταξε
855 810 966 878 καὶ
1015 811 1202 898 ἔτερα
1248 814 1505 897 βιβλία,
1555 809 1839 897 ἔμμετρά
1886 835 1955 877 τε
2000 811 2111 877 καὶ
2157 810 2655 897 καταλογάδην,
2709 796 2811 877 τά

494 942 565 982 τε
610 915 994 1002 καλούμενα
1042 916 1405 1003 Δὰφνιακά
1453 916 1565 983 καὶ
1611 915 1731 984 τὸν
1776 915 2026 984 κύκλον
2072 921 2208 984 τῶν
2254 918 2430 986 νέων
2478 920 2811 1006 ἐπιγραμ-

495 1024 754 1110 μάτων,
803 1019 884 1091 ὃν
931 1021 1132 1103 αὐτὸς
1170 1023 1458 1114 συνῆξεν
1494 1023 1566 1090 ἐκ
1603 1025 1739 1090 τῶν
1776 1020 1941 1090 κατὰ
1980 1015 2219 1111 καιρὸν
2257 1028 2572 1110 ποιητῶν.
2632 1044 2809 1092 συν-

495 1129 748 1217 ήκμασε
788 1129 862 1197 δὲ
900 1129 1151 1220 Παύλῳ
1197 1131 1288 1221 τῷ
1329 1133 1771 1218 Σιλεντιαρίςο
1807 1130 1919 1197 καὶ
1966 1133 2373 1220 Μακεδονίᾳ)
2419 1134 2508 1223 τῷ
2563 1127 2807 1221 ὑπάτῳ

496 1239 607 1304 καὶ
661 1241 1098 1328 Τριβωνιανςό
1149 1238 1253 1304 ἐπὶ
1303 1240 1435 1304 τῶν
1476 1234 1965 1320 Ἰουστινιανοῦ
2011 1235 2296 1323 χρόνων.

420 1363 472 1405 10
675 1346 826 1412 IVb.
896 1341 1284 1430 Ἀγάθων,
1331 1346 1705 1433 τραγῳδίας
1748 1331 2049 1429 ποιητής,
2097 1347 2191 1423 εἰς
2243 1349 2576 1432 μαλακίαν
2624 1363 2801 1411 σκω-

495 1445 820 1537 πτόμενος
861 1447 1323 1538 Ἀριστοφάνει
1369 1453 1476 1541 τῷ
1510 1447 1885 1538 Γηρυτάδῃ.
1930 1455 1937 1464 ”
1976 1441 2063 1536 ἦν
2120 1450 2195 1518 δὲ
2248 1455 2627 1538 Τισαμενοῦ
2672 1456 2807 1519 τοῦ

491 1554 858 1643 Ἀθηναίου
902 1556 1082 1643 υἱός,
1137 1553 1412 1624 παιδικὰ
1468 1553 1763 1641 γεγονὼς
1818 1561 2221 1625 Παυσανίου
2274 1561 2396 1625 τοῦ
2451 1562 2805 1647 τραγικοῦ,

495 1660 650 1751 μεθ’
705 1655 787 1732 οὗ
834 1662 1002 1750 πρὸς
1039 1662 1396 1751 Ἀρχέλαον
1449 1660 1569 1730 τὸν
1615 1663 1893 1748 βασιλέα
1948 1660 2184 1754 ᾤχετο,
2241 1661 2331 1744 ὥς
2380 1663 2713 1754 Μαρσύας
2764 1662 2806 1731 ὁ

497 1769 838 1860 νεώτερος.
930 1772 1248 1857 [ἐμιμεῖτο
1307 1768 1382 1836 δὲ
1437 1767 1561 1855 τὴν
1617 1768 2002 1856 κομψότητα
2046 1774 2163 1857 τῆς
2217 1773 2453 1853 λέξεως
2500 1777 2805 1857 Γοργίου

423 1893 474 1932 ¹5
501 1882 624 1946 τοῦ
671 1878 1001 1966 ῥήτορος.]

674 1988 753 2055 V.
812 1983 1173 2072 Ἀγάπιος
1212 1982 1573 2070 Ἀθηναῖος
1608 1984 2016 2072 φιλόσοφος,
2054 1983 2214 2072 μετὰ
2246 1985 2563 2073 Πρόκλον
2602 1984 2805 2054 άποι-

496 2092 785 2180 χόμενον
832 2091 963 2161 ὑπὸ
995 2098 1317 2185 Μαρίνςο,
1366 2088 1440 2171 ὃς
1487 2091 1894 2179 ἐθαυμάζετο
1934 2092 2037 2160 ἐπὶ
2075 2083 2455 2184 φιλομαθίᾳ
2484 2093 2593 2161 καὶ
2632 2090 2803 2161 ἀπο-

499 2201 665 2286 ριῶν
709 2204 1012 2289 προβολῇ
1060 2198 1565 2286 δυσεπηβόλων.

642 2360 756 2416 IV⁸
791 2361 943 2416 Eud.
980 2380 1035 2432 p.
1084 2367 1199 2417 101.
1267 2361 1346 2414 Of.
1387 2360 1561 2415 schol.
1602 2359 1827 2414 Anthol.
1866 2360 1983 2416 Pal.
2022 2359 2265 2430 (IacobS,
2305 2362 2473 2416 Anth.
2504 2361 2580 2414 VI
2612 2379 2665 2430 p.
2696 2360 2801 2429 LI3

499 2439 740 2496 Dindorf
771 2461 826 2512 p.
857 2441 1032 2512 XIX):
1067 2435 1113 2495 A
1125 2442 1383 2510 γαθίου
1415 2441 1779 2509 σχολαστικοῦ
1813 2434 2065 2494 Ἀσιανοῦ
2098 2442 2451 2508 Μυριναίου,
2485 2435 2554 2494 ού
2585 2437 2800 2507 στέφα-

497 2542 617 2592 νος,
656 2517 794 2577 α’λλὰ
835 2517 1132 2590 συναγωγὴ
1171 2518 1318 2574 νέων
1357 2515 1806 2590 ἐπιγραμματων.
1881 2513 2136 2589 ἤκμασεν
2175 2515 2234 2574 δ’
2266 2539 2431 2582 ουτος
2470 2515 2500 2573 ὃ
2535 2514 2803 2589 Ἀγαθιάς

499 2601 594 2656 ἐπὶ
625 2598 1024 2658 Ἰουστινιανοῦ
1062 2601 1163 2655 τοῦ
1203 2596 1466 2670 μεγάλου.
1536 2597 1791 2668 ἔγραψεν
1827 2596 1891 2653 δὲ
1930 2599 2029 2653 καὶ
2067 2595 2316 2670 ἰστορίαν
2353 2600 2448 2655 καὶ
2487 2621 2557 2654 τα
2595 2594 2801 2654 ἐπονο-

497 2677 787 2751 μαζόμενα
830 2675 1159 2748 Δαφνιακά.
1235 2676 1446 2747 ἔγραψε
1501 2676 1566 2732 δὲ
1623 2681 1802 2734 ταῦτα
1856 2675 2252 2750 ἐπιγράμματα
2301 2676 2442 2751 πρὸς
2494 2675 2803 2748 Θεόδωρον

498 2762 882 2830 Δεκουρίωνα.
967 2758 1236 2814 Tractant
1271 2757 1551 2826 Niebuhf,
1598 2761 1769 2829 praef.
1846 2759 2085 2829 Teuffel,
2134 2759 2368 2815 Sbudien
2414 2780 2470 2831 p.
2510 2768 2613 2816 237
2651 2777 2803 2830 seq.;

497 2840 758 2909 Dindorf,
804 2839 933 2893 hist.
981 2839 1112 2894 min.
1153 2839 1202 2891 ΙΙ
1237 2857 1290 2907 p.
1329 2837 1407 2892 XI
1445 2855 1558 2908 seq.
1745 2847 1769 2893 1
1822 2837 2179 2910 σχολαστικὸς
2224 2843 2287 2895 in
2332 2843 2535 2896 lacuna
2581 2843 2708 2896 add.
2752 2847 2805 2893 Δ

496 2939 641 2976 man.
684 2921 769 2973 ΙΙ
837 2922 1225 2988 Σμυρηναῖος,
1271 2936 1418 2973 unus
1457 2920 1593 2974 Par.
1634 2920 1827 2986 Kust„
1862 2925 2198 2990 Μυρηναῖος
2228 2925 2394 2975 ΔΒΕ.
2469 2924 2805 2991 Σμυρναῖος

496 3003 656 3055 εἶπεν.
707 3001 838 3054 libri
883 3001 942 3053 et
987 2999 1165 3067 Eud„
1213 3015 1350 3053 corr.
1397 2999 1673 3054 Kusterus
1719 3001 1847 3056 coll.
1895 3000 2129 3069 praefat.
2180 3001 2373 3056 histor.
2416 3001 2620 3070 Agath.
2669 2997 2805 3069 ἐμοὶ

493 3067 755 3149 Ἀγαθίας
791 3099 897 3148 μεν
930 3098 1138 3149 ονομα,
1176 3081 1406 3148 Μυρίνη
1436 3077 1499 3134 δε
1530 3081 1752 3149 πατρίςς
1790 3081 2153 3149 Μυριναῖος“
2136 3099 2196 3135 m
2224 3081 2345 3138 cod.
2374 3080 2650 3136 ναί-,108110
2677 3081 2805 3150 legi

499 3162 571 3214 ad
598 3161 750 3214 hune
785 3160 970 3214 locum
1007 3159 1228 3214 notavii,
1262 3159 1571 3214 Pearsonus
1716 3166 1748 3213 2
1786 3158 1887 3214 τὸν
1922 3159 2217 3233 Καισαρέα
2257 3194 2323 3201 -
2363 3164 2647 3233 Βυζαντίῳ
2685 3178 2803 3218 om.

497 3241 674 3306 Eud.;
717 3239 910 3309 itaque
949 3239 1215 3309 expunxi,
1252 3235 1320 3293 τὰ
1350 3235 1497 3293 κατὰ
1530 3237 1859 3308 Βελισάριον
1888 3273 1955 3281 -
1987 3239 2223 3312 πράξεις
2258 3241 2413 3298 uncis
2452 3243 2807 3298 secluserunt

497 3321 855 3390 Bernhardy,
901 3320 1112 3375 Bekker
1305 3324 1336 3373 5
1383 3317 1692 3385 συνέταξεν
1736 3325 1783 3373 Δ
1828 3319 2095 3388 συνέταξε
2153 3323 2252 3377 καὶ
2308 3321 2554 3393 ἔμμετρα
2612 3325 2803 3396 βιβλία

499 3401 596 3455 καὶ
633 3406 825 3457 καταλ.
863 3402 1013 3457 Eud.
1205 3407 1234 3455 7
1275 3391 1354 3454 ὧν
1392 3395 1567 3462 αὐτὸς
1600 3402 1747 3471 vuly.
1800 3396 1866 3456 ὃν
1913 3396 2088 3465 αύτὸς
2125 3407 2274 3455 ΔΒΕ
2472 3398 2800 3472 συνήκμασε
2884 3469 2894 3475 ·

499 3481 562 3536 δὲ
592 3487 740 3535 ΔΒΕ
778 3481 929 3539 Eud.
977 3480 1266 3537 revocavit
1303 3479 1572 3546 Gaisford
1680 3477 1875 3549 συνήκ.
1912 3481 2009 3537 καὶ
2044 3484 2190 3554 vuly.
2350 3490 2382 3538 8
2420 3483 2801 3552 Σελεντιαρίω

506 3565 553 3613 Δ
590 3563 658 3617 of.
697 3581 748 3618 v.
793 3558 1176 3636 Τριβωνιανός
1212 3562 1337 3616 Σιδ.

641 3643 757 3697 IVb
795 3644 940 3698 Tota.
968 3642 1087 3697 vita,
1125 3643 1360 3697 accessit
1387 3659 1454 3696 ex
1483 3643 1657 3698 schol.
1696 3641 1914 3697 Platon.
1954 3643 2032 3697 VI
2069 3662 2123 3713 p.
2156 3649 2258 3698 255
2296 3643 2485 3698 Herm.
2526 3642 2801 3712 (Cramer,

497 3724 705 3780 Anecd.
756 3723 930 3779 Oxou.
971 3723 1049 3778 IV
1085 3743 1140 3793 p.
1171 3725 1320 3791 269),
1364 3740 1708 3793 quamquam
1746 3739 1814 3776 ea
1848 3721 2031 3777 forma
2074 3724 2147 3778 ab
2182 3724 2462 3792 Hesychio
2500 3740 2615 3777 non
2649 3738 2801 3776 eom-

496 3805 741 3874 positam
785 3821 903 3860 esse
949 3805 1122 3872 patzet.
1199 3803 1478 3873 Hesychio
1518 3801 1865 3859 abiudicavit
1898 3803 2199 3871 Mettauer,
2246 3804 2316 3858 de
2364 3803 2536 3858 schol.
2575 3802 2800 3857 Platon.

497 3885 634 3939 font.
663 3903 717 3953 p.
742 3889 824 3940 60.
865 3881 1070 3938 Omisit
1097 3882 1321 3951 Suidas,
1356 3883 1453 3952 qui
1481 3884 1654 3939 schol.
1684 3883 1777 3937 Ar.
1806 3883 1946 3936 Rau.
1978 3887 2044 3936 83
2067 3899 2179 3953 seq.
2210 3881 2521 3953 descripsit.
2562 3883 2803 3937 Tractaiz

504 3965 795 4032 Welcker‚
833 3963 925 4018 Gr.
965 3961 1283 4032 Tragtsdien
1319 3981 1370 4032 p.
1412 3969 1513 4018 981
1554 3965 1669 4018 not.
1712 3970 1739 4017 1
1780 3966 1838 4018 etz
1874 3968 1907 4016 4

637 4045 682 4097 V
743 4045 894 4100 Eud.
953 4062 1006 4113 p.
1061 4049 1144 4097 93.
1177 4041 1296 4116 ‘Ex
1359 4059 1468 4096 uno
1520 4044 1739 4114 Agapio
1795 4043 1973 4114 (euius
2036 4043 2295 4098 meminit
2346 4039 2674 4096 Damasoius
2738 4042 2801 4095 in

497 4126 660 4182 Phot.
698 4125 834 4180 bibl.
882 4144 937 4194 p.
977 4125 1101 4192 352)
1149 4123 1289 4177 duos
1335 4122 1513 4178 factos
1561 4140 1675 4180 esse
1723 4124 1841 4179 veri
1886 4123 2091 4191 simi1e3
2138 4124 2332 4192 itaque
2378 4121 2607 4176 difficile
2653 4120 2801 4175 iudi-

466 4209 653 4275 ·eatt1,
701 4205 837 4275 quid
873 4207 930 4260 in
967 4204 1057 4258 his
1104 4203 1236 4258 vitis
1266 4202 1469 4259 Suidae
1507 4204 1803 4274 debeatur,
1852 4221 1976 4258 eum
2021 4204 2263 4273 plurima.
2306 4201 2646 4270 Hesychium
2684 4218 2801 4255 non

498 4286 783 4356 scripsisse
820 4284 1179 4340 manifestum
1216 4284 1293 4338 sit
1416 4290 1480 4337 16
1518 4279 1695 4351 Ἀγάπ.
1735 4278 1766 4338 ὃ
1808 4287 1941 4350 φιλ.,
1974 4277 2157 4351 Ἅθην.
2196 4279 2259 4336 τὸ
2297 4279 2462 4351 γένος
2498 4281 2650 4336 Eud.

505 4370 568 4417 17
608 4367 882 4432 Μαρίνων
913 4370 957 4416 A
998 4367 1234 4435 Μαρίνφ
1275 4359 1352 4418 ὦν
1393 4363 1714 4416 Gutschmv‘d
1823 4365 2178 4431 φιλομαθεῖα
2207 4367 2251 4413 A
2289 4361 2385 4415 καὶ
2425 4379 2531 4415 om.
2570 4361 2723 4417 Eud.
