3025 4892
1089 235 1519 296 HESYCHIUS.
2362 235 2450 302 35

333 403 649 472 CXXXV.
715 397 1125 481 Αὐσόνιος
1169 398 1512 489 σοφιστής,
1558 397 1909 488 γεγραφὼς
1945 395 2296 478 ἐπιστολάς
2340 400 2449 466 καὶ

167 509 327 579 ἄλλα
371 509 520 580 τινὰ
567 507 733 597 πρὸς
777 508 1079 579 Νόννον.

335 618 688 686 CXXXVI.
771 613 1297 705 Αὐτοκράτης
1352 553 1739 702 Ἀθηναῖος,
1804 613 2093 702 κωμικὸς
2158 611 2448 702 ἀρχαῖος.

157 727 292 792 τῶν
356 723 716 812 δραμάτων
765 722 976 793 αὐτοῦ
1047 728 1525 811 Τυμπανισταί.
1616 728 1865 809 ἔγραψε
1930 721 2039 789 καὶ
2076 722 2451 812 τραγωδίας

159 831 422 910 πολλάς.
2478 857 2503 896 5

329 939 713 1007 CXXXVII.
780 935 1157 1024 Ἀφαρεύς
1196 934 1557 1023 Ἀθηναῖος
1602 937 1857 1023 ῥήτωρ,
1902 933 2052 1014 υίὸς
2094 937 2215 1002 τοῦ
2262 953 2449 1019 σοφι-

158 1050 318 1112 στοῦ
343 1042 604 1114 Ιππίου
648 1045 758 1113 καὶ
795 1045 1190 1130 Πλαθάνης,
1235 1043 1571 1130 πρόγονος
1616 1041 1689 1110 δὲ
1713 1039 2131 1128 Ισοκράτους
2174 1043 2294 1109 τοῦ
2335 1038 2451 1152 ῥή-

155 1177 368 1238 τορος,
421 1149 720 1239 ἀκμάσας
773 1149 936 1220 κατὰ
991 1148 1116 1237 τὴν
1165 1148 1253 1230 qs'
1295 1147 1708 1236 ὀλυμπιάδα,
1770 1175 1877 1217 οτε
1915 1148 2026 1216 καὶ
2083 1146 2365 1216 Πλάτων
2412 1126 2447 1213 ὀ

156 1256 542 1346 φιλόσοφος.

249 1387 254 1392 ’
329 1366 744 1434 CXXXVIII.
810 1360 1052 1450 Αφθο
1067 1390 1237 1443 νιος
1283 1361 1624 1451 σοφιστής.
1689 1367 1977 1450 ἔγραψεν
2021 1365 2115 1444 είς
2150 1357 2273 1450 τὴν
2300 1357 2447 1448 Ἑρ-
2478 1393 2531 1432 ιο

157 1473 480 1558 μογένους
525 1474 766 1559 τέχνην
813 1472 1398 1559 προγυμνάσματα.

330 1581 686 1648 CXXXIX.
780 1576 1255 1666 Ἀφρικανός
1333 1575 1368 1646 ὁ
1449 1579 1695 1658 Σέξτος
1761 1581 2194 1664 χρηματίσας,
2265 1574 2452 1663 φιλό-

42 1743 44 1746 ,
159 1707 367 1772 σοφος
411 1691 647 1773 Λίβυς,
695 1683 730 1754 ὁ
779 1683 936 1766 τοὺς
980 1682 1277 1766 Κεστοὺς
1321 1683 1671 1772 γεγραφὼς
1714 1687 1787 1753 ἐν
1814 1689 2103 1772 βιβλίοις
2128 1682 2250 1752 κδ’.
2323 1682 2452 1750 εἰσὶ

81 1843 90 1852 .
159 1792 233 1858 δὲ
279 1793 489 1860 οἱονεὶ
535 1792 810 1880 φυσικά,
871 1798 1104 1880 ἔχοντα
1153 1792 1223 1859 ἐκ
1261 1790 1484 1878 λόγων
1521 1816 1590 1859 τε
1624 1790 1736 1858 καὶ
1774 1792 2110 1860 ἐπαοιδῶν
2147 1789 2258 1856 καὶ
2296 1814 2453 1874 γρα-

149 1903 332 1967 πτῶν
392 1927 600 1968 τινων
665 1898 1102 1987 χαρακτήρων
1168 1897 1377 1978 ἰάσεις
1429 1923 1502 1966 τε
1554 1898 1667 1964 καὶ
1725 1893 2019 1965 ἀλλοίων
2078 1898 2452 1984 ἐνεργειῶν.
2482 1927 2532 1964 15

150 2004 315 2074 κατὰ
373 2005 622 2074 τούτου
688 2011 976 2092 ἔγραψεν
1023 2003 1399 2092 Ὡριγένης,
1453 2009 1768 2072 ἔνστασιν
1813 2001 2257 2091 ποιησάμενος
2302 2001 2452 2088 περὶ

150 2118 276 2182 τοῦ
307 2118 422 2200 τῆς
468 2111 848 2198 Σωσάννης
891 2115 1160 2197 βιβλίου
1205 2114 1327 2177 τοῦ
1373 2113 1467 2190 εἰς
1510 2108 1634 2178 τὸν
1684 2109 1968 2196 Δανιήλ.

327 2221 512 2290 CXL.
579 2217 881 2306 Ἀχαιὸς
925 2216 1362 2304 Πυθοδώρου
1405 2216 1446 2304 ἢ
1496 2220 2029 2306 Πυθοδωρίδου,
2085 2213 2453 2305 Ἐρετριεὺς

151 2325 498 2414 τραγικός,
547 2328 782 2413 γέγονε
827 2322 992 2392 κατὰ
1039 2320 1164 2409 τὴν
1212 2321 1319 2391 οδ’
1367 2320 1773 2410 ὀλυμπιάδα,
1818 2323 1930 2390 καὶ
1979 2322 2281 2410 δράματα
2320 2324 2448 2390 ἐδί-

155 2435 306 2513 δαξε
351 2433 492 2521 μδ’,
533 2437 603 2502 οἱ
644 2432 717 2502 δὲ
746 2431 811 2500 λ’
851 2431 1308 2520 ἱστορήκασιν,
1351 2428 1547 2497 ἄλλοι
1584 2428 1715 2498 κδ’.
1780 2432 2042 2516 ἐνίκησε
2080 2429 2155 2498 δὲ
2194 2433 2286 2498 ἕν.
2356 2421 2446 2516 ἦν
2474 2461 2527 2500 ιο

156 2537 231 2605 δὲ
273 2537 598 2626 νεῶτερος
643 2539 1080 2626 Σοφοκλέους
1125 2533 1330 2629 ὀλίγῳ
1375 2541 1531 2605 τινί.
1618 2537 2084 2605 ἐπεδείκνυντο
2132 2535 2207 2604 δὲ
2250 2539 2447 2624 κοινῇ

155 2643 280 2710 σὺν
325 2645 436 2713 καὶ
483 2644 818 2738 Εὐριπίδῃ
855 2641 984 2718 ἀπὸ
1031 2647 1150 2732 τῆς
1193 2642 1312 2732 πγ’
1359 2641 1793 2730 ὀλυμπιάδος.

158 2816 292 2886 βιβλ.
323 2810 394 2883 ιγ’
425 2814 576 2872 Eud.
633 2814 892 2870 Ceterum
929 2810 1142 2884 ἔγραψε
1175 2829 1280 2866 om.
1308 2817 1357 2866 A
1395 2830 1699 2882 omnesque
1737 2813 1853 2869 fere
1888 2814 2024 2869 libri
2052 2815 2108 2870 et
2137 2816 2272 2869 vett.
2304 2814 2447 2881 edd.‚

135 2895 314 2949 addit
345 2900 406 2963 V,
443 2895 679 2950 inseruit
713 2895 1048 2966 Bernhardy

295 2972 541 3030 CXXXV
586 2981 616 3028 2
656 2991 728 3028 an
766 2969 906 3042 πρὸς
937 2973 1176 3026 Θέωναῗ
1215 2972 1313 3026 sed
1349 2975 1479 3042 post
1516 2969 1641 3027 τινά
1680 2972 2082 3044 interpungens
2121 2969 2264 3044 πρὸς
2298 2972 2447 3028 Νόν·

159 3073 256 3107 νον
295 3053 617 3122 cognomini
655 3052 825 3108 alicui
861 3053 1062 3108 tribuit
1098 3053 1419 3108 Gutschmid

301 3133 578 3188 CXXXVI
615 3134 767 3190 Eud.
805 3152 858 3203 p.
901 3139 1018 3190 118.
1093 3131 1174 3187 Cf.
1213 3131 1470 3188 Meineke
1507 3134 1533 3186 I
1570 3153 1623 3204 p.
1662 3140 1795 3202 270,
1832 3135 1883 3188 Π
1920 3154 1974 3205 p.
2014 3142 2116 3192 891

296 3213 598 3270 CXXXVII
642 3215 793 3270 Eud.
841 3231 896 3284 p.
937 3219 1054 3269 114.
1131 3213 1209 3267 Cf.
1239 3212 1522 3284 Welcker‚
1568 3215 1659 3269 Gr.
1710 3217 1876 3284 Trag.
1924 3235 1979 3286 p.
2031 3223 2193 3286 10683
2241 3217 2448 3287 Bergk,

157 3297 307 3350 Poefi.
345 3293 470 3364 Lyr.
509 3312 561 3363 p.
601 3300 701 3348 641
887 3299 918 3348 7
965 3291 1077 3357 καὶ>
1109 3289 1424 3362 Πλαθάνης
1471 3311 1578 3350 om.
1617 3293 1768 3349 Eud.
1923 3292 2201 3367 πρόγονός
2247 3318 2305 3352 τε
2350 3298 2448 3352 καὶ

159 3373 470 3442 εἰσποίητος
506 3373 676 3428 Dion.
715 3373 901 3428 Hal-ic.
941 3372 1167 3428 Isocrat.
1207 3390 1262 3442 p.
1302 3382 1422 3432 102.
1568 3383 1601 3432 8
1640 3373 1717 3432 κε’
1758 3381 1859 3430 BE

301 3453 628 3508 CXXXVIII
671 3453 888 3510 Fabric.
935 3453 1072 3508 bibl.
1119 3473 1202 3524 gr.
1242 3455 1319 3510 VI
1365 3473 1420 3527 p.
1459 3462 1546 3512 94.
1620 3457 1701 3512 Cf.
1742 3458 1944 3512 Suidas
1991 3478 2042 3515 v.
2087 3454 2444 3529 Ἑρμογένης.

156 3537 242 3590 Ab
281 3535 428 3589 Aldo
463 3533 620 3588 edita
655 3534 872 3588 monuit
907 3535 1182 3589 Kasterus

298 3614 569 3670 CXXXIX
610 3613 762 3671 Eud.
791 3633 845 3684 p.
884 3621 998 3671 125.
1059 3613 1138 3670 cf.
1171 3635 1221 3671 v.
1250 3617 1460 3682 Σέξτος
1487 3619 1678 3689 Λίβυς.
1734 3617 1815 3675 Cf.
1844 3618 2055 3686 Gelzer,
2094 3619 2243 3675 Sext.
2273 3621 2443 3674 Iulius

159 3697 448 3752 Africanus
494 3715 548 3750 u.
597 3695 686 3750 die
738 3696 858 3764 byz.
912 3694 1114 3751 Chron.
1172 3696 1427 3766 (Leipzig
1476 3699 1635 3767 1880)
1822 3704 1887 3752 12
1939 3695 2151 3764 Σέξτος
2200 3699 2446 3769 Scaliyer

155 3778 428 3831 Kusterus
466 3772 676 3837 Κέστος
707 3774 956 3829 Valesius
996 3775 1212 3838 Σὲκτος
1248 3782 1350 3831 Av
1387 3782 1504 3832 Am.
1543 3779 1688 3848 vuly.
1729 3778 1958 3848 Σέκτωρ
1986 3779 2137 3835 Eud.
2254 3783 2319 3833 15
2346 3779 2446 3832 καὶ

154 3854 326 3918 ἄλλας
378 3852 664 3925 ἐνεργείας
713 3854 988 3909 Kusterus
1039 3853 1216 3919 ἰάσεις
1266 3877 1324 3912 τε
1378 3857 1476 3912 καὶ
1528 3855 1799 3928 δυνάμεις
1847 3853 2085 3912 άλλοίων
2144 3853 2443 3928 ἐνεργειῶν

161 3939 410 4006 Τοιῳὶιιε
447 3936 544 3991 καὶ
581 3930 698 3991 om.
739 3929 1040 4004 ἐνεργειῶν
1081 3934 1323 4008 δύναμις
1359 3939 1803 3994 Hemsterhusius
1963 3945 2029 3994 16
2065 3935 2445 4008 ποιησάμενος

155 4017 290 4073 libri
327 4017 477 4071 Eud.
509 4016 783 4071 Westerm.
820 4016 1206 4086 ποιησαμένου
1244 4018 1580 4088 Bernhardy

300 4097 438 4152 CXL
478 4095 630 4153 Eud.
658 4115 711 4166 p.
745 4101 864 4151 118.
913 4095 992 4150 Cf.
1004 4097 1293 4167 Welcker,
1322 4101 1414 4155 Gr.
1447 4099 1613 4169 Trag.
1640 4117 1694 4169 p.
1714 4103 1820 4154 958
1931 4104 1995 4153 18
2024 4099 2443 4167 Πυθοδωρίδου

157 4253 296 4290 corr.
323 4233 655 4322 Bernhardy
683 4228 1096 4299 Πυθοδώριὸος
1126 4234 1270 4302 vuly.
1301 4234 1451 4289 Eud.
1491 4236 1682 4302 πυθορ
1686 4239 1769 4286 ‘cV
1906 4237 1971 4286 19
2012 4229 2101 4286 κδ’
2138 4248 2240 4302 pro
2278 4227 2361 4286 06'
2399 4238 2441 4286 Ε
2490 4217 2496 4224 ’

156 4307 353 4377 γέγονε
385 4337 448 4344 -
482 4323 544 4358 εν
581 4319 681 4358 om.
711 4303 860 4358 Eud.
899 4320 1042 4371 quae
1077 4307 1275 4372 postea
1311 4305 1438 4360 add.
1481 4254 1706 4370 ἐδίδαξε
1747 4300 2007 4374 δράματα
2036 4300 2127 4369 ξδ’
2250 4310 2318 4358 20
2356 4299 2450 4358 ἓνί

155 4391 196 4440 V
342 4391 408 4439 21
451 4379 775 4446 ἔπιδεικνύς
811 4389 856 4435 V
999 4388 1066 4436 22
1117 4380 1222 4439 σὺν
1257 4381 1406 4440 Ἴωνι
1443 4383 1542 4439 καὶ
1578 4379 1863 4457 Εὐριπίδῃ
1911 4385 2053 4441 coni.
2091 4385 2442 4455 Bernhardy,

1943 4471 2017 4530 3*
