3025 4892
1163 229 1590 285 HESYCHIUS.
2386 226 2512 289 217

249 394 612 480 φιλοσόφου
679 396 752 461 έν
813 398 1100 479 βιβλίοις
1155 390 1244 478 γ’,
1309 387 1635 459 ὑπατικὸν
1691 387 2157 473 καταλογάδην
2212 392 2305 467 εἰς
2353 385 2516 455 Ἰου-

245 500 574 569 στινιανόν
614 496 1095 586 αὐτοκράτορα,
1132 494 1483 583 βασιλικὸν
1534 500 1627 577 εἰς
1671 493 1791 563 τὸν
1829 491 2059 579 αὐτόν,
2096 493 2245 580 περὶ
2281 496 2515 580 μηνῶν

242 609 594 695 ἐναλλαγῆς
643 609 898 687 έπικῶς.

405 716 711 785 DGCCV.
791 710 1338 799 Τρυφιόδωρ
1363 736 1453 790 ος
1499 707 1864 797 Αἰγύπτιος
1915 704 2363 795 γραμματικὸς
2404 708 2517 775 καὶ

235 820 494 907 ποιητὴς
538 822 735 890 ἐπῶν.
791 826 1036 907 ἔγραψε
1075 816 1623 903 Μαραθωνιακά,
1656 812 1860 885 Ἰλίου
1900 812 2181 902 ἅλωσιν,
2226 812 2307 882 τὰ
2350 811 2509 882 καθ’
2544 836 2569 876 5

233 924 713 1015 Ἱπποδάμειαν,
744 922 1136 995 Ὀδύσσειαν
1172 923 1756 1021 λειπογράμματον
1793 922 1961 1009 (ἔστι
1990 921 2065 989 δὲ
2100 925 2353 1009 ποίημα
2379 924 2517 991 τῶν

233 1031 586 1115 Ὀδυσσέως
613 1034 929 1122 καμάτων
962 1033 1075 1101 καὶ
1107 1030 1233 1101 ὅσα
1260 1032 1727 1119 μυθολογοῦσι
1756 1028 1905 1116 περὶ
1936 1026 2176 1118 αὐτοῦ)
2194 1028 2304 1095 καὶ
2334 1026 2519 1096 ἄλλα.

401 1143 740 1210 DCCOVI.
841 1148 902 1209 Τ
903 1139 1408 1228 ρυφιόδωρος
1479 1136 1776 1225 διάφορα
1846 1140 2091 1224 ἔγραψε
2156 1132 2246 1203 δι’
2318 1137 2519 1220 ἐπῶν,

235 1247 669 1336 παράφρασιν
713 1252 850 1317 τῶν
882 1245 1174 1335 Ὁμήρου
1217 1247 1625 1334 παραβολῶν
1668 1244 1779 1312 καὶ
1826 1241 1994 1311 ἄλλα
2039 1251 2329 1313 πλεῖστα.

399 1356 774 1424 DOCOVII.
865 1353 1203 1441 Τρύφων
1257 1351 1637 1441 Ἀμμωνίου
1686 1348 2159 1437 Ἀλεξανδρεὺς
2222 1376 2515 1439 γραμμα-
2550 1369 2601 1408 10

223 1459 400 1541 τικὸς
446 1461 590 1552 {nal
635 1460 974 1551 ποιητήςΙ,
1031 1458 1324 1546 γεγονώς
1369 1457 1535 1527 κατὰ
1584 1455 1741 1537 τοὺς
1786 1454 2192 1543 Αὐγούστου
2237 1456 2523 1545 χρόνους

228 1568 338 1635 καὶ
384 1567 737 1656 πρότερον.
805 1567 954 1653 περὶ
999 1568 1428 1653 πλεονασμοῦ
1471 1567 1593 1633 τοῦ
1640 1567 1713 1632 ἐν
1758 1568 1838 1652 τῇ
1885 1567 2156 1632 Αἰολίδι
2204 1567 2521 1656 διαλέκτῳ

217 1680 450 1760 βιβλία
506 1677 584 1759 ζ’,
645 1674 795 1762 περὶ
855 1676 992 1741 τῶν
1053 1670 1208 1758 παρ’
1257 1669 1517 1762 Ὁμήρῳ
1576 1671 1941 1739 διαλέκτων
1998 1670 2108 1737 καὶ
2168 1675 2520 1759 Σιμωνίδῃ

216 1780 328 1847 καὶ
378 1780 710 1872 Πινδάρῳ
753 1782 865 1849 καὶ
899 1779 1210 1867 Ἀλκμᾶνι
1257 1781 1369 1847 καὶ
1411 1792 1555 1858 τοῖς
1590 1777 1818 1856 ἄλλοις
1853 1785 2174 1864 λυρικοῖς,
2219 1778 2370 1866 περὶ
2407 1782 2523 1865 τῆς

207 1884 558 1975 Ἑλλήνων
608 1890 956 1957 διαλέκτου
1001 1886 1112 1957 καὶ
1155 1884 1467 1974 Ἀργείων
1512 1886 1624 1954 καὶ
1662 1883 2011 1974 Ἱμεραίων
2057 1886 2166 1953 καὶ
2194 1882 2520 1973 Ῥηγίνων
2550 1902 2603 1942 15

217 1994 329 2061 καὶ
382 1996 707 2084 Δωριέων
759 1996 874 2063 καὶ
922 1999 1445 2081 Συρακουσίων,
1500 1993 1651 2077 περὶ
1706 1996 1823 2078 τῆς
1883 1992 1955 2058 έν
2010 1996 2308 2085 κλίσεσιν
2362 1989 2521 2059 ἀνα-

219 2105 454 2187 λογίας
519 2102 610 2188 α’,
678 2104 830 2189 περὶ
891 2105 1008 2189 τῆς
1073 2103 1146 2169 ἐν
1211 2097 1444 2190 εὐθείᾳ
1503 2096 1895 2185 ἀναλογίας,
1958 2098 2109 2186 περὶ
2168 2094 2519 2185 ὀνομάτων

220 2213 672 2296 συγκριτικῶν
718 2209 811 2294 α’,
867 2209 1018 2294 περὶ
1063 2211 1179 2293 τῆς
1225 2209 1298 2274 ἐν
1345 2204 1877 2294 μονοσυλλάβοις
1920 2202 2312 2291 ἀναλογίας,
2372 2206 2521 2292 περὶ

225 2314 584 2401 ὀνομάτων
642 2314 1077 2403 χαρακτήρων
1129 2312 1222 2399 α’,
1277 2314 1427 2401 περὶ
1473 2310 1787 2400 ῥημάτων
1834 2309 2198 2397 ἀναλογίας
2242 2311 2520 2397 βαρυτό-

221 2448 368 2489 νων
405 2420 500 2506 α’,
537 2422 687 2509 περὶ
727 2421 1040 2510 ῥημάτων
1080 2422 1464 2508 έγκλιτικῶν
1500 2419 1613 2487 καὶ
1650 2416 2145 2507 ἀπαρεμφάτων
2174 2417 2283 2485 καὶ
2312 2436 2515 2505 προσ·
2546 2436 2599 2475 2⁰

219 2532 548 2597 τακτικῶν
593 2530 705 2596 καὶ
753 2528 1073 2597 εὐκτικῶν
1121 2529 1230 2595 καὶ
1277 2524 1498 2606 ἁπλῶς
1534 2524 1828 2612 πάντων,
1865 2527 2016 2615 περὶ
2056 2524 2521 2613 ὀρθογραφίας

219 2635 332 2702 καὶ
387 2638 523 2702 τῶν
579 2636 654 2702 ἐν
709 2633 876 2723 αὐτῇ
938 2634 1386 2723 ζητουμένων,
1443 2634 1595 2721 περὶ
1651 2633 2051 2720 πνευμάτων
2094 2633 2208 2702 καὶ
2251 2630 2517 2721 τρόπων

219 2742 334 2808 καὶ
381 2740 571 2808 ἄλλα.

321 2992 329 2999 .
366 2946 601 3001 DCCCV
647 2948 729 3003 Cf.
774 2946 1006 3018 Νέστωρ
1047 2942 1394 3018 Λαρανδεύς.
1469 2945 1907 3023 Post-Nonnum
1947 2947 2344 3017 Panopolitam
2391 2962 2518 3000 enm

222 3026 429 3083 vixisse
469 3028 705 3083 constat.
745 3028 826 3084 Of.
856 3028 1116 3098 Diintzer‚
1146 3029 1246 3098 Ep.
1275 3028 1341 3082 fr.
1374 3027 1424 3080 11
1453 3045 1506 3095 p.
1540 3032 1642 3080 114
1752 3032 1784 3081 5
1818 3023 2051 3082 Ἰουλίου
2076 3033 2121 3080 V
2155 3030 2265 3083 hoe
2292 3044 2519 3083 carmen

223 3112 327 3162 691
358 3107 610 3162 versibus
648 3110 930 3163 servatum
967 3110 1122 3163 extat
1231 3115 1262 3163 6
1301 3108 1371 3161 de
1409 3123 1475 3161 eo
1505 3105 1574 3161 cf.
1605 3107 1860 3162 Eustath.
1890 3107 2141 3165 Prooem.
2170 3126 2225 3177 p.
2263 3113 2420 3176 1379,
2450 3111 2520 3161 54

368 3185 630 3241 DCCCVI
659 3188 730 3243 ab
759 3187 1114 3242 antecedenti
1141 3206 1254 3244 non
1282 3187 1535 3243 diversus
1565 3202 1686 3240 esse
1712 3184 1937 3240 videtur
2050 3193 2113 3241 10
2140 3186 2451 3260 περιβολῶν
2474 3193 2519 3240 v

370 3265 663 3321 DCCCVII
699 3268 781 3322 Cf.
805 3262 1122 3337 Δημήτριος
1153 3262 1240 3333 Ἰξ,
1278 3267 1619 3337 Fragmenta
1646 3266 1771 3321 ooll.
1800 3264 2130 3334 Ar.Velsen,
2160 3267 2338 3323 Berol.
2366 3270 2516 3321 1853.

230 3348 312 3401 De
349 3346 538 3400 aetate
575 3364 686 3414 qua
721 3346 927 3403 vixerit
961 3346 1254 3414 (Demetrii
1282 3346 1487 3401 Ixionis
1527 3346 1674 3399 enim
1712 3348 2006 3414 aequalem
2043 3347 2214 3402 fuisse
2258 3347 2517 3415 constat),

227 3426 295 3482 cf.
325 3425 547 3493 Rohde,
585 3425 726 3480 Mus,
755 3427 932 3481 Rhen.
961 3427 1197 3481 XXXIII
1231 3446 1283 3497 p.
1319 3434 1420 3483 168
1451 3429 1567 3481 not.
1600 3433 1647 3481 6.
1698 3427 1778 3481 Cf.
1820 3426 1990 3481 etiam
2028 3425 2217 3494 Daub,
2254 3428 2324 3483 de
2364 3427 2516 3484 Suid.

227 3526 282 3577 p.
313 3510 416 3559 458
455 3505 568 3559 not.
598 3510 666 3559 48
705 3507 764 3561 et
801 3505 959 3561 stud.
996 3525 1051 3576 p.
1085 3512 1185 3561 122
1369 3513 1432 3561 11
1472 3506 1663 3560 Verba
1698 3505 1795 3560 καὶ
1831 3501 2066 3574 ποιητὴς
2110 3508 2202 3561 hic
2241 3507 2519 3562 sententia

230 3584 452 3657 privata
489 3587 640 3653 sunt3
684 3586 832 3654 quod
871 3585 920 3639 si
955 3589 1106 3641 recte
1144 3587 1411 3657 suspicor,
1451 3603 1589 3642 corr.
1628 3585 1725 3639 καὶ
1763 3580 1937 3647 αὐτὸς
1972 3583 2209 3655 ποιητὴς
2246 3590 2304 3642 et
2339 3587 2398 3641 in
2436 3588 2517 3640 al-

227 3670 406 3722 teram
443 3663 821 3735 Tryphiodori
858 3665 1034 3721 vitam
1064 3665 1305 3733 inseraS,
1339 3668 1402 3722 in
1438 3684 1551 3737 qua
1586 3666 1702 3721 tale
1741 3665 1876 3735 quid
1913 3666 2285 3734 desideratur3
2322 3684 2517 3722 verum

231 3745 372 3801 vidit
405 3743 580 3798 etiam
618 3745 976 3816 Bernhardy,
1023 3744 1168 3801 κατὰ
1214 3743 1345 3810 τοὺς
1382 3747 1694 3803 Θεοδοσίου
1731 3740 2056 3815 Αὖγούστου
2098 3766 2179 3815 χρ.
2217 3745 2520 3801 infeliciter

232 3826 519 3881 Reinesius
665 3831 732 3879 14
769 3824 867 3879 καὶ
902 3821 1172 3899 Πινδάρῳ
1209 3844 1315 3881 om.
1343 3833 1386 3879 Ε
1519 3822 1725 3881 15⁰hos
1762 3827 1960 3882 titulos
1997 3828 2356 3897 perturbatos
2395 3844 2515 3882 esse

229 3905 370 3961 vidit
403 3906 762 3976 Bernhardy3
811 3908 1068 3975 spectant
1103 3907 1252 3963 enim
1282 3902 1575 3978 Ἱμεραίων
1611 3907 1710 3961 καὶ
1746 3903 2010 3975 Ῥηγίνων
2048 3909 2192 3963 διαλ.
2232 3908 2305 3962 ad
2339 3908 2516 3963 libros

229 3988 296 4040 de
331 3985 646 4042 stesichoro
677 3988 734 4041 et
759 3986 929 4057 Ibyco
942 4028 956 4055 ,
993 4004 1174 4059 neque
1202 3988 1541 4058 Argivorum
1577 3991 1635 4043 et
1664 3986 2135 4057 Syracusanorum
2162 3987 2437 4043 dialectus
2476 4003 2512 4042 a

230 4066 482 4122 Doriensi
527 4066 952 4135 distinguendae
990 4071 1174 4135 erant3
1222 4068 1320 4123 καὶ
1356 4074 1504 4137 Δωρ.
1545 4071 1675 4123 ante
1721 4088 1771 4122 κ.
1815 4062 1947 4138 Ἆργ.
1988 4066 2333 4137 transposuit
2372 4066 2515 4121 Gut-

230 4147 443 4202 schmid.
520 4148 778 4202 Ceterum
815 4148 884 4202 de
921 4148 1048 4203 aliis
1075 4149 1166 4203 Tr.
1197 4149 1420 4219 seriptis
1448 4169 1500 4205 v.
1540 4149 1740 4203 Athen.
1769 4147 1821 4201 II
1858 4165 1910 4216 p.
1943 4153 2037 4215 53,
2077 4148 2152 4202 IV
2189 4167 2244 4218 p.
2277 4154 2380 4202 174
2418 4149 2512 4217 (ad

231 4223 354 4294 περὶ
387 4220 712 4297 ὀνομασιῶν
749 4228 816 4282 cf.
857 4228 1080 4297 Rohde‚
1120 4228 1189 4283 de
1228 4228 1439 4285 Pollue.
1478 4248 1533 4300 p.
1564 4234 1634 4283 14
1669 4230 1782 4282 not.
1815 4232 1895 4297 2),
1936 4227 2037 4282 VII
2074 4246 2128 4297 p.
2158 4234 2290 4295 324,
2328 4229 2512 4298 Apoll.

234 4308 300 4360 de
335 4305 458 4361 adv.
495 4324 550 4375 p.
580 4311 684 4361 548
723 4306 796 4361 al.
942 4314 1012 4361 20
1049 4307 1118 4363 de
1153 4309 1243 4362 his
1279 4309 1438 4364 libris
1465 4327 1518 4364 v.
1539 4310 1748 4377 Lange,
1785 4307 1929 4363 Phil.
1960 4308 2059 4363 VlI
2086 4326 2139 4378 p.
2166 4314 2269 4365 211
2292 4325 2406 4382 seq.

233 4393 296 4440 21
331 4380 777 4440 ἀποτελεστικῶν
814 4404 916 4456 pro
955 4383 1084 4441 ἁπλ.
1123 4384 1350 4442 πάντων
1380 4390 1574 4462 Lanqe
