<?xml version="1.0" encoding="UTF-8"?>
<!DOCTYPE html PUBLIC "-//W3C//DTD XHTML 1.0 Transitional//EN"
    "http://www.w3.org/TR/xhtml1/DTD/xhtml1-transitional.dtd">
<html xmlns="http://www.w3.org/1999/xhtml" xml:lang="en" lang="en">
 <head>
  <title>
</title>
<meta http-equiv="Content-Type" content="text/html;charset=utf-8" />
  <meta name='ocr-system' content='tesseract 3.04.00' />
  <meta name='ocr-capabilities' content='ocr_page ocr_carea ocr_par ocr_line ocrx_word'/>
</head>
<body>
  <div class='ocr_page' id='page_1' title='image "./hesychiimilesii04flacgoog_0151.png"; bbox 0 0 3025 4892; ppageno 0'>
   <div class='ocr_carea' id='block_1_1' title="bbox 1159 189 2510 257">
    <p class='ocr_par' dir='ltr' id='par_1_1' title="bbox 1159 189 2510 257">
     <span class='ocr_line' id='line_1_1' title="bbox 1159 189 2510 257; baseline 0.011 -14"><span class='ocrx_word' id='word_1_1' title='bbox 1159 189 1587 246; x_wconf 84' lang='lat' dir='ltr'>HESYCHIUS.</span> <span class='ocrx_word' id='word_1_2' title='bbox 2424 193 2510 257; x_wconf 82' lang='lat'><strong><em>53</em></strong></span> 
     </span>
    </p>
   </div>
   <div class='ocr_carea' id='block_1_2' title="bbox 195 349 2589 2394">
    <p class='ocr_par' dir='ltr' id='par_1_2' title="bbox 199 349 2512 551">
     <span class='ocr_line' id='line_1_2' title="bbox 387 349 2512 443; baseline 0.001 -23"><span class='ocrx_word' id='word_1_3' title='bbox 387 351 582 420; x_wconf 83' lang='lat' dir='ltr'>CCII.</span> <span class='ocrx_word' id='word_1_4' title='bbox 659 360 728 420; x_wconf 84' lang='lat' dir='ltr'>A</span> <span class='ocrx_word' id='word_1_5' title='bbox 743 349 1659 439; x_wconf 82' lang='grc' dir='ltr'><strong><em>ιογενειανόςἩρακλείας</em></strong></span> <span class='ocrx_word' id='word_1_6' title='bbox 1698 351 1993 440; x_wconf 84' lang='grc' dir='ltr'><strong><em>Πόντου,</em></strong></span> <span class='ocrx_word' id='word_1_7' title='bbox 2040 353 2512 443; x_wconf 77' lang='grc' dir='ltr'><strong><em>γραμματικός,</em></strong></span> 
     </span>
     <span class='ocr_line' id='line_1_3' title="bbox 199 458 1446 551; baseline 0.003 -24"><span class='ocrx_word' id='word_1_8' title='bbox 199 459 512 544; x_wconf 76' lang='grc' dir='ltr'><strong><em>γεγονώς</em></strong></span> <span class='ocrx_word' id='word_1_9' title='bbox 557 461 660 528; x_wconf 78' lang='grc' dir='ltr'><strong><em>ἐπὶ</em></strong></span> <span class='ocrx_word' id='word_1_10' title='bbox 701 458 1059 551; x_wconf 80' lang='grc' dir='ltr'><strong><em>Ἀδριανοῦ</em></strong></span> <span class='ocrx_word' id='word_1_11' title='bbox 1105 463 1446 548; x_wconf 84' lang='grc' dir='ltr'><strong><em>βασιλέως.</em></strong></span> 
     </span>
    </p>

    <p class='ocr_par' dir='ltr' id='par_1_3' title="bbox 198 575 2589 1831">
     <span class='ocr_line' id='line_1_4' title="bbox 392 575 2510 667; baseline 0.002 -24"><span class='ocrx_word' id='word_1_12' title='bbox 392 577 617 644; x_wconf 85' lang='lat' dir='ltr'>CCIII.</span> <span class='ocrx_word' id='word_1_13' title='bbox 695 578 1273 664; x_wconf 69' lang='grc' dir='ltr'><strong><em>Διογενειανιῖς</em></strong></span> <span class='ocrx_word' id='word_1_14' title='bbox 1307 575 1701 666; x_wconf 88' lang='grc' dir='ltr'><strong><em>Ἡρακλείας</em></strong></span> <span class='ocrx_word' id='word_1_15' title='bbox 1745 579 1990 667; x_wconf 82' lang='grc' dir='ltr'><strong><em>ἑτέρας,</em></strong></span> <span class='ocrx_word' id='word_1_16' title='bbox 2040 576 2125 647; x_wconf 84' lang='grc' dir='ltr'><strong><em>οὐ</em></strong></span> <span class='ocrx_word' id='word_1_17' title='bbox 2166 581 2283 665; x_wconf 84' lang='grc' dir='ltr'><strong><em>τῆς</em></strong></span> <span class='ocrx_word' id='word_1_18' title='bbox 2328 578 2510 647; x_wconf 92' lang='grc' dir='ltr'><strong><em>Πόν-</em></strong></span> 
     </span>
     <span class='ocr_line' id='line_1_5' title="bbox 200 682 2509 774; baseline 0.002 -24"><span class='ocrx_word' id='word_1_19' title='bbox 200 709 350 768; x_wconf 85' lang='grc' dir='ltr'><em>του,</em></span> <span class='ocrx_word' id='word_1_20' title='bbox 393 684 864 772; x_wconf 88' lang='grc' dir='ltr'><strong><em>γραμματικός,</em></strong></span> <span class='ocrx_word' id='word_1_21' title='bbox 909 684 1204 772; x_wconf 76' lang='grc' dir='ltr'><strong><em>γεγονὼς</em></strong></span> <span class='ocrx_word' id='word_1_22' title='bbox 1246 685 1356 752; x_wconf 86' lang='grc' dir='ltr'><strong><em>καὶ</em></strong></span> <span class='ocrx_word' id='word_1_23' title='bbox 1403 682 1603 765; x_wconf 83' lang='grc' dir='ltr'><strong><em>αὐτὸς</em></strong></span> <span class='ocrx_word' id='word_1_24' title='bbox 1641 687 1743 754; x_wconf 79' lang='grc' dir='ltr'><strong><em>ἐπὶ</em></strong></span> <span class='ocrx_word' id='word_1_25' title='bbox 1774 683 2131 774; x_wconf 76' lang='grc' dir='ltr'><strong><em>Ἀδριανοῦ</em></strong></span> <span class='ocrx_word' id='word_1_26' title='bbox 2168 687 2509 772; x_wconf 83' lang='grc' dir='ltr'><strong><em>βασιλέως.</em></strong></span> 
     </span>
     <span class='ocr_line' id='line_1_6' title="bbox 201 790 2562 883; baseline 0 -20"><span class='ocrx_word' id='word_1_27' title='bbox 201 797 596 865; x_wconf 82' lang='grc' dir='ltr'><strong><em>ἐπιστατέον</em></strong></span> <span class='ocrx_word' id='word_1_28' title='bbox 635 799 731 883; x_wconf 85' lang='grc' dir='ltr'><strong><em>δέ,</em></strong></span> <span class='ocrx_word' id='word_1_29' title='bbox 780 795 1036 883; x_wconf 83' lang='grc' dir='ltr'><strong><em>μήποτέ</em></strong></span> <span class='ocrx_word' id='word_1_30' title='bbox 1070 795 1250 862; x_wconf 79' lang='grc' dir='ltr'><strong><em>ἐστιν</em></strong></span> <span class='ocrx_word' id='word_1_31' title='bbox 1290 791 1325 863; x_wconf 86' lang='grc' dir='ltr'>ὁ</span> <span class='ocrx_word' id='word_1_32' title='bbox 1367 795 1436 860; x_wconf 86' lang='grc' dir='ltr'><strong><em>ἐκ</em></strong></span> <span class='ocrx_word' id='word_1_33' title='bbox 1473 797 1589 881; x_wconf 81' lang='grc' dir='ltr'><strong><em>τῆς</em></strong></span> <span class='ocrx_word' id='word_1_34' title='bbox 1620 790 1941 880; x_wconf 77' lang='grc' dir='ltr'><strong><em>Ἀλβοίκης</em></strong></span> <span class='ocrx_word' id='word_1_35' title='bbox 1966 791 2355 881; x_wconf 60' lang='grc' dir='ltr'><strong><em>εΗρακλείας</em></strong></span> <span class='ocrx_word' id='word_1_36' title='bbox 2390 799 2511 883; x_wconf 82' lang='grc' dir='ltr'><strong><em>τῆς</em></strong></span> <span class='ocrx_word' id='word_1_37' title='bbox 2536 822 2562 863; x_wconf 79' lang='lat'><strong>5</strong></span> 
     </span>
     <span class='ocr_line' id='line_1_7' title="bbox 200 891 2507 993; baseline -0 -22"><span class='ocrx_word' id='word_1_38' title='bbox 200 905 276 970; x_wconf 87' lang='grc' dir='ltr'><strong><em>ἐν</em></strong></span> <span class='ocrx_word' id='word_1_39' title='bbox 323 909 556 993; x_wconf 79' lang='grc' dir='ltr'><strong><em>Καρίᾳ</em></strong></span> <span class='ocrx_word' id='word_1_40' title='bbox 603 902 856 992; x_wconf 81' lang='grc' dir='ltr'><strong><em>ἰατρός·</em></strong></span> <span class='ocrx_word' id='word_1_41' title='bbox 920 893 1008 988; x_wconf 83' lang='grc' dir='ltr'><strong><em>ἦν</em></strong></span> <span class='ocrx_word' id='word_1_42' title='bbox 1068 899 1194 989; x_wconf 79' lang='grc' dir='ltr'><strong><em>γὰρ</em></strong></span> <span class='ocrx_word' id='word_1_43' title='bbox 1251 891 1446 980; x_wconf 85' lang='grc' dir='ltr'><strong><em>οὗτος</em></strong></span> <span class='ocrx_word' id='word_1_44' title='bbox 1503 907 1834 980; x_wconf 81' lang='grc' dir='ltr'><strong><em>παντοίως</em></strong></span> <span class='ocrx_word' id='word_1_45' title='bbox 1889 899 2131 988; x_wconf 80' lang='grc' dir='ltr'><strong><em>λόγιος.</em></strong></span> <span class='ocrx_word' id='word_1_46' title='bbox 2232 900 2313 970; x_wconf 89' lang='lat' dir='ltr'><strong><em>ov&#39;</em></strong></span> <span class='ocrx_word' id='word_1_47' title='bbox 2379 902 2507 990; x_wconf 83' lang='grc' dir='ltr'><strong><em>γὰρ</em></strong></span> 
     </span>
     <span class='ocr_line' id='line_1_8' title="bbox 201 1002 2508 1104; baseline 0 -26"><span class='ocrx_word' id='word_1_48' title='bbox 201 1002 417 1098; x_wconf 83' lang='grc' dir='ltr'><strong><em>εὗρον</em></strong></span> <span class='ocrx_word' id='word_1_49' title='bbox 471 1015 684 1099; x_wconf 82' lang='grc' dir='ltr'><strong><em>ῥητῶς</em></strong></span> <span class='ocrx_word' id='word_1_50' title='bbox 742 1008 818 1079; x_wconf 86' lang='grc' dir='ltr'><strong><em>τὸ</em></strong></span> <span class='ocrx_word' id='word_1_51' title='bbox 883 1011 948 1092; x_wconf 81' lang='grc' dir='ltr'><strong><em>ἐξ</em></strong></span> <span class='ocrx_word' id='word_1_52' title='bbox 985 1005 1386 1101; x_wconf 29' lang='grc' dir='ltr'><strong><em>,Ἡρακλείας</em></strong></span> <span class='ocrx_word' id='word_1_53' title='bbox 1443 1006 1653 1077; x_wconf 78' lang='grc' dir='ltr'><strong><em>αὐτὸν</em></strong></span> <span class='ocrx_word' id='word_1_54' title='bbox 1710 1005 1881 1075; x_wconf 84' lang='grc' dir='ltr'><strong><em>εἶναι</em></strong></span> <span class='ocrx_word' id='word_1_55' title='bbox 1936 1013 2054 1095; x_wconf 81' lang='grc' dir='ltr'><strong><em>τῆς</em></strong></span> <span class='ocrx_word' id='word_1_56' title='bbox 2109 1010 2181 1075; x_wconf 87' lang='grc' dir='ltr'><strong><em>ἐν</em></strong></span> <span class='ocrx_word' id='word_1_57' title='bbox 2240 1011 2508 1104; x_wconf 77' lang='grc' dir='ltr'><strong><em>Πόντῳ,</em></strong></span> 
     </span>
     <span class='ocr_line' id='line_1_9' title="bbox 200 1113 2509 1208; baseline 0.001 -24"><span class='ocrx_word' id='word_1_58' title='bbox 200 1116 354 1186; x_wconf 74' lang='grc' dir='ltr'><strong><em>ἀλλ’</em></strong></span> <span class='ocrx_word' id='word_1_59' title='bbox 414 1116 584 1187; x_wconf 89' lang='grc' dir='ltr'><strong><em>οῦτω</em></strong></span> <span class='ocrx_word' id='word_1_60' title='bbox 633 1115 812 1202; x_wconf 77' lang='grc' dir='ltr'><strong><em>παρά</em></strong></span> <span class='ocrx_word' id='word_1_61' title='bbox 857 1137 990 1184; x_wconf 92' lang='grc' dir='ltr'><strong><em>τισι</em></strong></span> <span class='ocrx_word' id='word_1_62' title='bbox 1039 1113 1450 1196; x_wconf 79' lang='grc' dir='ltr'><strong><em>δεδόξασται.</em></strong></span> <span class='ocrx_word' id='word_1_63' title='bbox 1552 1121 1731 1184; x_wconf 84' lang='grc' dir='ltr'><strong><em>ἔστιν</em></strong></span> <span class='ocrx_word' id='word_1_64' title='bbox 1770 1114 1947 1208; x_wconf 78' lang='grc' dir='ltr'><strong><em>αὐτῷ</em></strong></span> <span class='ocrx_word' id='word_1_65' title='bbox 1995 1123 2222 1203; x_wconf 80' lang='grc' dir='ltr'><strong><em>βιβλία</em></strong></span> <span class='ocrx_word' id='word_1_66' title='bbox 2273 1123 2509 1187; x_wconf 88' lang='grc' dir='ltr'><strong><em>ταῦτα·</em></strong></span> 
     </span>
     <span class='ocr_line' id='line_1_10' title="bbox 201 1221 2507 1313; baseline 0.001 -20"><span class='ocrx_word' id='word_1_67' title='bbox 201 1227 378 1307; x_wconf 81' lang='grc' dir='ltr'><strong><em>λέξις</em></strong></span> <span class='ocrx_word' id='word_1_68' title='bbox 416 1223 808 1311; x_wconf 81' lang='grc' dir='ltr'><strong><em>παντοδαπὴ</em></strong></span> <span class='ocrx_word' id='word_1_69' title='bbox 836 1221 1000 1292; x_wconf 83' lang='grc' dir='ltr'><strong><em>κατὰ</em></strong></span> <span class='ocrx_word' id='word_1_70' title='bbox 1040 1237 1371 1309; x_wconf 82' lang='grc' dir='ltr'><strong><em>στοιχεῖον</em></strong></span> <span class='ocrx_word' id='word_1_71' title='bbox 1410 1223 1482 1290; x_wconf 79' lang='grc' dir='ltr'><strong><em>ἐν</em></strong></span> <span class='ocrx_word' id='word_1_72' title='bbox 1521 1229 1805 1309; x_wconf 87' lang='grc' dir='ltr'><strong><em>βιβλίοις</em></strong></span> <span class='ocrx_word' id='word_1_73' title='bbox 1842 1223 1899 1291; x_wconf 86' lang='grc' dir='ltr'><strong><em>ε’</em></strong></span> <span class='ocrx_word' id='word_1_74' title='bbox 1933 1224 2235 1313; x_wconf 83' lang='grc' dir='ltr'><strong><em>(ἐπιτομὴ</em></strong></span> <span class='ocrx_word' id='word_1_75' title='bbox 2267 1225 2347 1294; x_wconf 82' lang='grc' dir='ltr'><strong><em>δέ</em></strong></span> <span class='ocrx_word' id='word_1_76' title='bbox 2371 1229 2507 1295; x_wconf 83' lang='grc' dir='ltr'><strong><em>ἐστι</em></strong></span> 
     </span>
     <span class='ocr_line' id='line_1_11' title="bbox 198 1329 2589 1422; baseline -0.002 -22"><span class='ocrx_word' id='word_1_77' title='bbox 198 1335 336 1400; x_wconf 86' lang='grc' dir='ltr'><strong><em>τῶν</em></strong></span> <span class='ocrx_word' id='word_1_78' title='bbox 368 1338 740 1418; x_wconf 85' lang='grc' dir='ltr'><strong><em>Παμφίλου</em></strong></span> <span class='ocrx_word' id='word_1_79' title='bbox 768 1331 1008 1413; x_wconf 85' lang='grc' dir='ltr'><strong><em>λέξεων</em></strong></span> <span class='ocrx_word' id='word_1_80' title='bbox 1037 1334 1319 1416; x_wconf 83' lang='grc' dir='ltr'><strong><em>βιβλίων</em></strong></span> <span class='ocrx_word' id='word_1_81' title='bbox 1349 1329 1396 1396; x_wconf 85' lang='grc' dir='ltr'><strong><em>ε’</em></strong></span> <span class='ocrx_word' id='word_1_82' title='bbox 1436 1331 1547 1397; x_wconf 86' lang='grc' dir='ltr'><strong><em>καὶ</em></strong></span> <span class='ocrx_word' id='word_1_83' title='bbox 1586 1329 1652 1409; x_wconf 75' lang='lat' dir='ltr'><strong><em>q&#39;</em></strong></span> <span class='ocrx_word' id='word_1_84' title='bbox 1690 1331 1800 1397; x_wconf 82' lang='grc' dir='ltr'><strong><em>καὶ</em></strong></span> <span class='ocrx_word' id='word_1_85' title='bbox 1842 1335 1975 1399; x_wconf 85' lang='grc' dir='ltr'><strong><em>τῶν</em></strong></span> <span class='ocrx_word' id='word_1_86' title='bbox 2006 1336 2506 1422; x_wconf 78' lang='grc' dir='ltr'><strong><em>Ζωπυρίωνος),</em></strong></span> <span class='ocrx_word' id='word_1_87' title='bbox 2538 1359 2589 1397; x_wconf 82' lang='grc' dir='ltr'><strong><em>ιο</em></strong></span> 
     </span>
     <span class='ocr_line' id='line_1_12' title="bbox 203 1435 2509 1528; baseline 0.001 -20"><span class='ocrx_word' id='word_1_88' title='bbox 203 1438 724 1528; x_wconf 79' lang='grc' dir='ltr'><strong><em>ἐπιγραμμάτων</em></strong></span> <span class='ocrx_word' id='word_1_89' title='bbox 770 1435 1222 1520; x_wconf 82' lang='grc' dir='ltr'><strong><em>ἆνθολόγιον,</em></strong></span> <span class='ocrx_word' id='word_1_90' title='bbox 1278 1437 1428 1525; x_wconf 86' lang='grc' dir='ltr'><strong><em>περὶ</em></strong></span> <span class='ocrx_word' id='word_1_91' title='bbox 1474 1440 1825 1523; x_wconf 76' lang='grc' dir='ltr'><strong><em>ποταμῶν,</em></strong></span> <span class='ocrx_word' id='word_1_92' title='bbox 1873 1443 2161 1525; x_wconf 89' lang='grc' dir='ltr'><strong><em>λιμνῶν,</em></strong></span> <span class='ocrx_word' id='word_1_93' title='bbox 2217 1445 2509 1528; x_wconf 77' lang='grc' dir='ltr'><strong><em>κρηνῶν,</em></strong></span> 
     </span>
     <span class='ocr_line' id='line_1_13' title="bbox 201 1543 2509 1634; baseline 0 -19"><span class='ocrx_word' id='word_1_94' title='bbox 201 1546 428 1633; x_wconf 88' lang='grc' dir='ltr'><strong><em>ὀρῶν,</em></strong></span> <span class='ocrx_word' id='word_1_95' title='bbox 483 1543 899 1632; x_wconf 77' lang='grc' dir='ltr'><strong><em>ἀκρωρειῶν,</em></strong></span> <span class='ocrx_word' id='word_1_96' title='bbox 959 1545 1110 1630; x_wconf 78' lang='grc' dir='ltr'><strong><em>περὶ</em></strong></span> <span class='ocrx_word' id='word_1_97' title='bbox 1156 1548 1536 1630; x_wconf 87' lang='grc' dir='ltr'><strong><em>παροιμιῶν</em></strong></span> <span class='ocrx_word' id='word_1_98' title='bbox 1581 1571 1748 1612; x_wconf 85' lang='grc' dir='ltr'><strong><em>κατα</em></strong></span> <span class='ocrx_word' id='word_1_99' title='bbox 1805 1560 2132 1632; x_wconf 84' lang='grc' dir='ltr'><strong><em>στοιχεῖον</em></strong></span> <span class='ocrx_word' id='word_1_100' title='bbox 2191 1550 2509 1634; x_wconf 87' lang='grc' dir='ltr'><strong><em>ἐπίτομον</em></strong></span> 
     </span>
     <span class='ocr_line' id='line_1_14' title="bbox 202 1651 2508 1742; baseline 0.001 -21"><span class='ocrx_word' id='word_1_101' title='bbox 202 1653 634 1741; x_wconf 73' lang='grc' dir='ltr'><strong><em>ἀναγραφήν,</em></strong></span> <span class='ocrx_word' id='word_1_102' title='bbox 673 1651 1079 1740; x_wconf 81' lang='grc' dir='ltr'><strong><em>συναγωγὴν</em></strong></span> <span class='ocrx_word' id='word_1_103' title='bbox 1116 1653 1227 1719; x_wconf 78' lang='grc' dir='ltr'><strong><em>καὶ</em></strong></span> <span class='ocrx_word' id='word_1_104' title='bbox 1269 1657 1519 1719; x_wconf 85' lang='grc' dir='ltr'><strong><em>πίνακα</em></strong></span> <span class='ocrx_word' id='word_1_105' title='bbox 1544 1655 1679 1720; x_wconf 86' lang='grc' dir='ltr'><strong><em>τῶν</em></strong></span> <span class='ocrx_word' id='word_1_106' title='bbox 1709 1655 1783 1721; x_wconf 81' lang='grc' dir='ltr'><strong><em>ἐν</em></strong></span> <span class='ocrx_word' id='word_1_107' title='bbox 1811 1652 1988 1742; x_wconf 80' lang='grc' dir='ltr'><strong><em>πάσῃ</em></strong></span> <span class='ocrx_word' id='word_1_108' title='bbox 2025 1659 2104 1742; x_wconf 81' lang='grc' dir='ltr'><strong><em>τῇ</em></strong></span> <span class='ocrx_word' id='word_1_109' title='bbox 2133 1660 2217 1742; x_wconf 81' lang='grc' dir='ltr'><strong><em>γῇ</em></strong></span> <span class='ocrx_word' id='word_1_110' title='bbox 2247 1657 2508 1724; x_wconf 88' lang='grc' dir='ltr'><strong><em>πόλεων</em></strong></span> 
     </span>
     <span class='ocr_line' id='line_1_15' title="bbox 205 1759 720 1831; baseline 0.008 -4"><span class='ocrx_word' id='word_1_111' title='bbox 205 1762 317 1828; x_wconf 79' lang='grc' dir='ltr'><strong><em>καὶ</em></strong></span> <span class='ocrx_word' id='word_1_112' title='bbox 367 1759 450 1828; x_wconf 79' lang='grc' dir='ltr'><strong><em>τὰ</em></strong></span> <span class='ocrx_word' id='word_1_113' title='bbox 495 1759 720 1831; x_wconf 62' lang='grc' dir='ltr'><strong><em>λοιποὶ.Δ</em></strong></span> 
     </span>
    </p>

    <p class='ocr_par' dir='ltr' id='par_1_4' title="bbox 195 1869 2586 2285">
     <span class='ocr_line' id='line_1_16' title="bbox 386 1869 2586 1968; baseline -0.002 -24"><span class='ocrx_word' id='word_1_114' title='bbox 386 1877 604 1945; x_wconf 85' lang='lat' dir='ltr'>CCIV.</span> <span class='ocrx_word' id='word_1_115' title='bbox 678 1876 1072 1962; x_wconf 80' lang='grc' dir='ltr'><strong><em>Διογένης</em></strong></span> <span class='ocrx_word' id='word_1_116' title='bbox 1117 1869 1158 1960; x_wconf 82' lang='grc' dir='ltr'>ἢ</span> <span class='ocrx_word' id='word_1_117' title='bbox 1200 1873 1537 1961; x_wconf 80' lang='grc' dir='ltr'><strong><em>Οἰνόμαος</em></strong></span> <span class='ocrx_word' id='word_1_118' title='bbox 1578 1872 1938 1960; x_wconf 80' lang='grc' dir='ltr'><strong><em>Ἀθηναῖος</em></strong></span> <span class='ocrx_word' id='word_1_119' title='bbox 1982 1875 2309 1961; x_wconf 86' lang='grc' dir='ltr'><strong><em>τραγικός.</em></strong></span> <span class='ocrx_word' id='word_1_120' title='bbox 2350 1877 2363 1968; x_wconf 87' lang='grc' dir='ltr'>Ι</span> <span class='ocrx_word' id='word_1_121' title='bbox 2403 1880 2503 1964; x_wconf 90' lang='grc' dir='ltr'><strong><em>γέ-</em></strong></span> <span class='ocrx_word' id='word_1_122' title='bbox 2537 1903 2586 1940; x_wconf 87' lang='lat'><strong><em>15</em></strong></span> 
     </span>
     <span class='ocr_line' id='line_1_17' title="bbox 205 1980 2505 2073; baseline 0.001 -23"><span class='ocrx_word' id='word_1_123' title='bbox 205 2011 412 2067; x_wconf 86' lang='grc' dir='ltr'><strong><em>γονεν</em></strong></span> <span class='ocrx_word' id='word_1_124' title='bbox 456 1984 560 2050; x_wconf 80' lang='grc' dir='ltr'><strong><em>ἐπὶ</em></strong></span> <span class='ocrx_word' id='word_1_125' title='bbox 597 1987 713 2069; x_wconf 81' lang='grc' dir='ltr'><strong><em>τῆς</em></strong></span> <span class='ocrx_word' id='word_1_126' title='bbox 754 1986 890 2049; x_wconf 85' lang='grc' dir='ltr'><strong><em>τῶν</em></strong></span> <span class='ocrx_word' id='word_1_127' title='bbox 927 1981 984 2049; x_wconf 89' lang='grc' dir='ltr'><strong><em>λ’</em></strong></span> <span class='ocrx_word' id='word_1_128' title='bbox 1023 1980 1457 2061; x_wconf 86' lang='grc' dir='ltr'><strong><em>καταλύσεως.</em></strong></span> <span class='ocrx_word' id='word_1_129' title='bbox 1506 1982 1520 2073; x_wconf 88' lang='grc' dir='ltr'>Ι</span> <span class='ocrx_word' id='word_1_130' title='bbox 1573 1981 1875 2068; x_wconf 75' lang='grc' dir='ltr'><strong><em>δράματα</em></strong></span> <span class='ocrx_word' id='word_1_131' title='bbox 1914 1984 2123 2051; x_wconf 82' lang='grc' dir='ltr'><strong><em>αὐτοῦ</em></strong></span> <span class='ocrx_word' id='word_1_132' title='bbox 2154 1980 2505 2070; x_wconf 77' lang='grc' dir='ltr'><strong><em>Ἀχιλλεύς,</em></strong></span> 
     </span>
     <span class='ocr_line' id='line_1_18' title="bbox 195 2087 2506 2178; baseline 0.001 -22"><span class='ocrx_word' id='word_1_133' title='bbox 195 2087 463 2177; x_wconf 81' lang='grc' dir='ltr'><strong><em>Ἑλένη,</em></strong></span> <span class='ocrx_word' id='word_1_134' title='bbox 529 2087 885 2178; x_wconf 84' lang='grc' dir='ltr'><strong><em>Ἡρακλῆς,</em></strong></span> <span class='ocrx_word' id='word_1_135' title='bbox 943 2089 1266 2173; x_wconf 81' lang='grc' dir='ltr'><strong><em>Θυέστης,</em></strong></span> <span class='ocrx_word' id='word_1_136' title='bbox 1331 2087 1636 2175; x_wconf 84' lang='grc' dir='ltr'><strong><em>Μήδεια,</em></strong></span> <span class='ocrx_word' id='word_1_137' title='bbox 1700 2093 2051 2173; x_wconf 86' lang='grc' dir='ltr'><strong><em>Οἰδίπους,</em></strong></span> <span class='ocrx_word' id='word_1_138' title='bbox 2098 2089 2506 2177; x_wconf 83' lang='grc' dir='ltr'><strong><em>Χρύσιππος,</em></strong></span> 
     </span>
     <span class='ocr_line' id='line_1_19' title="bbox 206 2199 488 2285; baseline 0.007 -23"><span class='ocrx_word' id='word_1_139' title='bbox 206 2199 488 2285; x_wconf 87' lang='grc' dir='ltr'><strong><em>Σεμέλη.</em></strong></span> 
     </span>
    </p>

    <p class='ocr_par' dir='ltr' id='par_1_5' title="bbox 385 2297 2505 2394">
     <span class='ocr_line' id='line_1_20' title="bbox 385 2297 2505 2394; baseline 0 -22"><span class='ocrx_word' id='word_1_140' title='bbox 385 2305 571 2374; x_wconf 86' lang='lat' dir='ltr'>CCV.</span> <span class='ocrx_word' id='word_1_141' title='bbox 628 2305 1030 2392; x_wconf 76' lang='grc' dir='ltr'><strong><em>Διογένης</em></strong></span> <span class='ocrx_word' id='word_1_142' title='bbox 1073 2297 1142 2388; x_wconf 81' lang='grc' dir='ltr'><strong><em>[ἢ</em></strong></span> <span class='ocrx_word' id='word_1_143' title='bbox 1182 2301 1689 2388; x_wconf 84' lang='grc' dir='ltr'><strong><em>Διογενειανὸς]</em></strong></span> <span class='ocrx_word' id='word_1_144' title='bbox 1730 2304 2105 2391; x_wconf 80' lang='grc' dir='ltr'><strong><em>Κυζικηνὸς</em></strong></span> <span class='ocrx_word' id='word_1_145' title='bbox 2141 2332 2505 2394; x_wconf 88' lang='grc' dir='ltr'><strong><em>γραμματι-</em></strong></span> 
     </span>
    </p>
   </div>
   <div class='ocr_carea' id='block_1_3' title="bbox 211 2471 633 2482">
    <p class='ocr_par' dir='ltr' id='par_1_6' title="bbox 211 2471 633 2482">
     <span class='ocr_line' id='line_1_21' title="bbox 211 2471 633 2482; baseline 0 2410"><span class='ocrx_word' id='word_1_146' title='bbox 211 2471 633 2482; x_wconf 95' lang='lat' dir='ltr'><strong><em> </em></strong></span> 
     </span>
    </p>
   </div>
   <div class='ocr_carea' id='block_1_4' title="bbox 207 2568 2506 2724">
    <p class='ocr_par' dir='ltr' id='par_1_7' title="bbox 207 2568 2506 2724">
     <span class='ocr_line' id='line_1_22' title="bbox 355 2568 2506 2645; baseline 0.001 -19"><span class='ocrx_word' id='word_1_147' title='bbox 355 2573 498 2628; x_wconf 86' lang='lat' dir='ltr'>CCII</span> <span class='ocrx_word' id='word_1_148' title='bbox 537 2574 618 2628; x_wconf 86' lang='lat' dir='ltr'><strong><em>Cf.</em></strong></span> <span class='ocrx_word' id='word_1_149' title='bbox 657 2574 846 2640; x_wconf 79' lang='lat' dir='ltr'>Daub,</span> <span class='ocrx_word' id='word_1_150' title='bbox 886 2573 1041 2628; x_wconf 80' lang='lat' dir='ltr'>stud.</span> <span class='ocrx_word' id='word_1_151' title='bbox 1077 2591 1130 2642; x_wconf 90' lang='lat' dir='ltr'><strong><em>p.</em></strong></span> <span class='ocrx_word' id='word_1_152' title='bbox 1161 2579 1228 2627; x_wconf 83' lang='lat'><strong><em>97</em></strong></span> <span class='ocrx_word' id='word_1_153' title='bbox 1253 2590 1367 2641; x_wconf 85' lang='lat' dir='ltr'><strong><em>seq.</em></strong></span> <span class='ocrx_word' id='word_1_154' title='bbox 1484 2580 1517 2626; x_wconf 78' lang='lat'>2</span> <span class='ocrx_word' id='word_1_155' title='bbox 1559 2570 1654 2628; x_wconf 75' lang='grc' dir='ltr'><strong><em>ἐπὶ</em></strong></span> <span class='ocrx_word' id='word_1_156' title='bbox 1686 2568 1975 2641; x_wconf 86' lang='grc' dir='ltr'><strong><em>Ἀδριανοῦ</em></strong></span> <span class='ocrx_word' id='word_1_157' title='bbox 2013 2605 2081 2616; x_wconf 90' lang='lat'><em>-</em></span> <span class='ocrx_word' id='word_1_158' title='bbox 2120 2571 2506 2645; x_wconf 82' lang='grc' dir='ltr'><strong><em>γραμματικὸς</em></strong></span> 
     </span>
     <span class='ocr_line' id='line_1_23' title="bbox 207 2651 2279 2724; baseline 0.001 -18"><span class='ocrx_word' id='word_1_159' title='bbox 207 2651 553 2724; x_wconf 77' lang='lat' dir='ltr'>insequentis</span> <span class='ocrx_word' id='word_1_160' title='bbox 589 2655 742 2708; x_wconf 75' lang='lat' dir='ltr'>vitae</span> <span class='ocrx_word' id='word_1_161' title='bbox 783 2671 852 2710; x_wconf 84' lang='lat' dir='ltr'><strong><em>ex</em></strong></span> <span class='ocrx_word' id='word_1_162' title='bbox 879 2659 980 2706; x_wconf 83' lang='lat' dir='ltr'><strong><em>Av</em></strong></span> <span class='ocrx_word' id='word_1_163' title='bbox 1017 2653 1266 2707; x_wconf 69' lang='lat' dir='ltr'>restituit</span> <span class='ocrx_word' id='word_1_164' title='bbox 1305 2653 1603 2720; x_wconf 78' lang='lat' dir='ltr'><strong><em>Gaisford,</em></strong></span> <span class='ocrx_word' id='word_1_165' title='bbox 1643 2671 1749 2708; x_wconf 90' lang='lat' dir='ltr'><strong><em>om.</em></strong></span> <span class='ocrx_word' id='word_1_166' title='bbox 1791 2655 1913 2708; x_wconf 85' lang='lat' dir='ltr'>edd.</span> <span class='ocrx_word' id='word_1_167' title='bbox 1952 2657 2087 2710; x_wconf 75' lang='lat' dir='ltr'>vett.</span> <span class='ocrx_word' id='word_1_168' title='bbox 2129 2655 2279 2708; x_wconf 80' lang='lat' dir='ltr'><strong><em>Eud.</em></strong></span> 
     </span>
    </p>
   </div>
   <div class='ocr_carea' id='block_1_5' title="bbox 135 2741 2503 3693">
    <p class='ocr_par' dir='ltr' id='par_1_8' title="bbox 135 2741 2503 3693">
     <span class='ocr_line' id='line_1_24' title="bbox 343 2741 2494 2814; baseline 0 -16"><span class='ocrx_word' id='word_1_169' title='bbox 343 2741 512 2798; x_wconf 86' lang='lat' dir='ltr'>CCIII</span> <span class='ocrx_word' id='word_1_170' title='bbox 550 2744 699 2798; x_wconf 81' lang='lat' dir='ltr'><strong><em>Eud.</em></strong></span> <span class='ocrx_word' id='word_1_171' title='bbox 730 2762 784 2812; x_wconf 89' lang='lat' dir='ltr'><strong><em>p.</em></strong></span> <span class='ocrx_word' id='word_1_172' title='bbox 815 2749 945 2810; x_wconf 81' lang='lat'>231,</span> <span class='ocrx_word' id='word_1_173' title='bbox 985 2759 1130 2810; x_wconf 83' lang='lat' dir='ltr'>quae</span> <span class='ocrx_word' id='word_1_174' title='bbox 1159 2741 1359 2796; x_wconf 83' lang='lat' dir='ltr'>melius</span> <span class='ocrx_word' id='word_1_175' title='bbox 1388 2759 1563 2795; x_wconf 89' lang='lat' dir='ltr'>unum</span> <span class='ocrx_word' id='word_1_176' title='bbox 1594 2742 1849 2810; x_wconf 77' lang='lat' dir='ltr'>agnoscit</span> <span class='ocrx_word' id='word_1_177' title='bbox 1876 2744 2307 2814; x_wconf 79' lang='lat' dir='ltr'>grammaticum</span> <span class='ocrx_word' id='word_1_178' title='bbox 2347 2747 2494 2814; x_wconf 83' lang='lat' dir='ltr'>(cum</span> 
     </span>
     <span class='ocr_line' id='line_1_25' title="bbox 205 2821 2502 2892; baseline 0.001 -17"><span class='ocrx_word' id='word_1_179' title='bbox 205 2823 395 2892; x_wconf 53' lang='lat' dir='ltr'><em>wlff),</em></span> <span class='ocrx_word' id='word_1_180' title='bbox 435 2840 502 2877; x_wconf 83' lang='lat' dir='ltr'><strong><em>ex</em></strong></span> <span class='ocrx_word' id='word_1_181' title='bbox 538 2841 648 2892; x_wconf 89' lang='lat' dir='ltr'><strong><em>quo</em></strong></span> <span class='ocrx_word' id='word_1_182' title='bbox 677 2825 928 2877; x_wconf 76' lang='lat' dir='ltr'>errantes</span> <span class='ocrx_word' id='word_1_183' title='bbox 959 2823 1096 2877; x_wconf 80' lang='lat' dir='ltr'>duos</span> <span class='ocrx_word' id='word_1_184' title='bbox 1123 2823 1321 2877; x_wconf 82' lang='lat' dir='ltr'>fecisse</span> <span class='ocrx_word' id='word_1_185' title='bbox 1349 2821 1567 2876; x_wconf 82' lang='lat' dir='ltr'>librarii</span> <span class='ocrx_word' id='word_1_186' title='bbox 1604 2822 1881 2876; x_wconf 76' lang='lat' dir='ltr'>videntur.</span> <span class='ocrx_word' id='word_1_187' title='bbox 1944 2823 2025 2877; x_wconf 85' lang='lat' dir='ltr'><strong><em>cf.</em></strong></span> <span class='ocrx_word' id='word_1_188' title='bbox 2046 2823 2272 2890; x_wconf 83' lang='lat' dir='ltr'>Weber,</span> <span class='ocrx_word' id='word_1_189' title='bbox 2300 2825 2502 2878; x_wconf 87' lang='lat' dir='ltr'>Philol-</span> 
     </span>
     <span class='ocr_line' id='line_1_26' title="bbox 213 2900 2501 2974; baseline 0.001 -18"><span class='ocrx_word' id='word_1_190' title='bbox 213 2902 402 2972; x_wconf 88' lang='lat' dir='ltr'>Suppl.</span> <span class='ocrx_word' id='word_1_191' title='bbox 443 2903 520 2956; x_wconf 82' lang='grc' dir='ltr'><strong><em>ΠΙ</em></strong></span> <span class='ocrx_word' id='word_1_192' title='bbox 559 2920 608 2971; x_wconf 89' lang='lat' dir='ltr'><strong><em>p.</em></strong></span> <span class='ocrx_word' id='word_1_193' title='bbox 651 2909 756 2956; x_wconf 85' lang='grc'><strong><em>469</em></strong></span> <span class='ocrx_word' id='word_1_194' title='bbox 797 2905 911 2958; x_wconf 76' lang='lat' dir='ltr'><strong><em>not.</em></strong></span> <span class='ocrx_word' id='word_1_195' title='bbox 953 2907 1046 2968; x_wconf 83' lang='lat'><strong><em>35,</em></strong></span> <span class='ocrx_word' id='word_1_196' title='bbox 1093 2902 1316 2968; x_wconf 81' lang='lat' dir='ltr'>Rohde‚</span> <span class='ocrx_word' id='word_1_197' title='bbox 1363 2900 1503 2954; x_wconf 82' lang='lat' dir='ltr'><strong><em>Mus.</em></strong></span> <span class='ocrx_word' id='word_1_198' title='bbox 1545 2902 1721 2956; x_wconf 81' lang='lat' dir='ltr'>Rhen.</span> <span class='ocrx_word' id='word_1_199' title='bbox 1760 2902 1998 2957; x_wconf 82' lang='lat' dir='ltr'>XXXIII</span> <span class='ocrx_word' id='word_1_200' title='bbox 2044 2922 2098 2972; x_wconf 88' lang='lat' dir='ltr'><strong><em>p.</em></strong></span> <span class='ocrx_word' id='word_1_201' title='bbox 2140 2909 2241 2957; x_wconf 88' lang='grc'><strong><em>180</em></strong></span> <span class='ocrx_word' id='word_1_202' title='bbox 2286 2907 2400 2958; x_wconf 75' lang='lat' dir='ltr'><strong><em>not.</em></strong></span> <span class='ocrx_word' id='word_1_203' title='bbox 2450 2913 2501 2974; x_wconf 86' lang='lat'><strong><em>3,</em></strong></span> 
     </span>
     <span class='ocr_line' id='line_1_27' title="bbox 135 2975 2502 3052; baseline 0.002 -18"><span class='ocrx_word' id='word_1_204' title='bbox 135 3043 138 3047; x_wconf 23' lang='lat'>¹</span> <span class='ocrx_word' id='word_1_205' title='bbox 207 2981 424 3036; x_wconf 74' lang='lat' dir='ltr'>Unters.</span> <span class='ocrx_word' id='word_1_206' title='bbox 463 3001 517 3051; x_wconf 93' lang='lat' dir='ltr'><strong><em>p.</em></strong></span> <span class='ocrx_word' id='word_1_207' title='bbox 558 2989 624 3035; x_wconf 93' lang='grc'><strong><em>66</em></strong></span> <span class='ocrx_word' id='word_1_208' title='bbox 664 2984 780 3036; x_wconf 66' lang='grc'><strong><em>11017.</em></strong></span> <span class='ocrx_word' id='word_1_209' title='bbox 813 2989 897 3036; x_wconf 91' lang='grc'><strong><em>10.</em></strong></span> <span class='ocrx_word' id='word_1_210' title='bbox 955 2987 1178 3050; x_wconf 81' lang='grc' dir='ltr'><strong><em>Διογεν.</em></strong></span> <span class='ocrx_word' id='word_1_211' title='bbox 1213 2975 1326 3049; x_wconf 85' lang='grc' dir='ltr'><strong><em>Ἦρ.</em></strong></span> <span class='ocrx_word' id='word_1_212' title='bbox 1367 2979 1622 3050; x_wconf 88' lang='grc' dir='ltr'><strong><em>Πόντου,</em></strong></span> <span class='ocrx_word' id='word_1_213' title='bbox 1661 3001 1863 3052; x_wconf 86' lang='grc' dir='ltr'><strong><em>γραμμ.</em></strong></span> <span class='ocrx_word' id='word_1_214' title='bbox 1908 2978 2002 3037; x_wconf 77' lang='grc' dir='ltr'><strong><em>ἐπὶ</em></strong></span> <span class='ocrx_word' id='word_1_215' title='bbox 2036 2978 2321 3050; x_wconf 79' lang='grc' dir='ltr'><strong><em>Ἀδριανοῦ</em></strong></span> <span class='ocrx_word' id='word_1_216' title='bbox 2360 2977 2394 3052; x_wconf 81' lang='grc' dir='ltr'><strong><em>ἢ</em></strong></span> <span class='ocrx_word' id='word_1_217' title='bbox 2438 2980 2502 3039; x_wconf 77' lang='grc' dir='ltr'><strong><em>ἐκ</em></strong></span> 
     </span>
     <span class='ocr_line' id='line_1_28' title="bbox 206 3055 2502 3134; baseline 0.002 -22"><span class='ocrx_word' id='word_1_218' title='bbox 206 3061 300 3130; x_wconf 84' lang='grc' dir='ltr'><strong><em>τῆς</em></strong></span> <span class='ocrx_word' id='word_1_219' title='bbox 337 3058 402 3116; x_wconf 78' lang='grc' dir='ltr'><strong><em>ἕν</em></strong></span> <span class='ocrx_word' id='word_1_220' title='bbox 429 3063 618 3134; x_wconf 77' lang='grc' dir='ltr'><strong><em>Καρίᾳ</em></strong></span> <span class='ocrx_word' id='word_1_221' title='bbox 646 3057 791 3115; x_wconf 77' lang='grc' dir='ltr'><strong><em>κατὰ</em></strong></span> <span class='ocrx_word' id='word_1_222' title='bbox 823 3062 1145 3130; x_wconf 78' lang='grc' dir='ltr'><strong><em>Λυσίμαχον</em></strong></span> <span class='ocrx_word' id='word_1_223' title='bbox 1161 3055 1359 3130; x_wconf 63' lang='grc' dir='ltr'><strong><em>’βιβλία</em></strong></span> <span class='ocrx_word' id='word_1_224' title='bbox 1390 3056 1568 3115; x_wconf 84' lang='grc' dir='ltr'><strong><em>αῦτοῦ</em></strong></span> <span class='ocrx_word' id='word_1_225' title='bbox 1602 3059 1890 3129; x_wconf 81' lang='grc' dir='ltr'><strong><em>φέρονται.</em></strong></span> <span class='ocrx_word' id='word_1_226' title='bbox 1932 3061 2109 3128; x_wconf 81' lang='grc' dir='ltr'><strong><em>λέξεις</em></strong></span> <span class='ocrx_word' id='word_1_227' title='bbox 2136 3063 2502 3117; x_wconf 81' lang='grc' dir='ltr'><strong><em>παντοδαπαὶ</em></strong></span> 
     </span>
     <span class='ocr_line' id='line_1_29' title="bbox 212 3140 2503 3212; baseline 0.003 -19"><span class='ocrx_word' id='word_1_228' title='bbox 212 3143 310 3196; x_wconf 75' lang='lat' dir='ltr'><strong><em>etc.</em></strong></span> <span class='ocrx_word' id='word_1_229' title='bbox 350 3142 503 3196; x_wconf 72' lang='lat' dir='ltr'><strong><em>Eud.</em></strong></span> <span class='ocrx_word' id='word_1_230' title='bbox 541 3140 773 3210; x_wconf 86' lang='lat' dir='ltr'>reliquis</span> <span class='ocrx_word' id='word_1_231' title='bbox 811 3141 1047 3207; x_wconf 81' lang='lat' dir='ltr'>omissis,</span> <span class='ocrx_word' id='word_1_232' title='bbox 1086 3141 1242 3195; x_wconf 87' lang='lat' dir='ltr'>cuius</span> <span class='ocrx_word' id='word_1_233' title='bbox 1279 3143 1452 3196; x_wconf 83' lang='lat' dir='ltr'>verba</span> <span class='ocrx_word' id='word_1_234' title='bbox 1489 3141 1696 3196; x_wconf 74' lang='lat' dir='ltr'>rectius</span> <span class='ocrx_word' id='word_1_235' title='bbox 1733 3142 1815 3196; x_wconf 85' lang='lat' dir='ltr'><strong><em>sic</em></strong></span> <span class='ocrx_word' id='word_1_236' title='bbox 1840 3144 2198 3212; x_wconf 78' lang='lat' dir='ltr'>transponas,</span> <span class='ocrx_word' id='word_1_237' title='bbox 2236 3145 2301 3198; x_wconf 72' lang='lat' dir='ltr'><strong><em>ut</em></strong></span> <span class='ocrx_word' id='word_1_238' title='bbox 2329 3146 2503 3199; x_wconf 83' lang='lat' dir='ltr'>verba</span> 
     </span>
     <span class='ocr_line' id='line_1_30' title="bbox 213 3216 2500 3292; baseline 0.002 -18"><span class='ocrx_word' id='word_1_239' title='bbox 213 3217 593 3290; x_wconf 79' lang='grc' dir='ltr'><strong><em>γραμματικὸς</em></strong></span> <span class='ocrx_word' id='word_1_240' title='bbox 631 3218 726 3276; x_wconf 74' lang='grc' dir='ltr'><strong><em>ἐπὶ</em></strong></span> <span class='ocrx_word' id='word_1_241' title='bbox 757 3216 1046 3288; x_wconf 85' lang='grc' dir='ltr'><strong><em>Ἀδριανοῦ</em></strong></span> <span class='ocrx_word' id='word_1_242' title='bbox 1083 3223 1212 3291; x_wconf 74' lang='lat' dir='ltr'><strong><em>post</em></strong></span> <span class='ocrx_word' id='word_1_243' title='bbox 1238 3223 1436 3291; x_wconf 85' lang='grc' dir='ltr'><strong><em>Λυσίμ.</em></strong></span> <span class='ocrx_word' id='word_1_244' title='bbox 1476 3222 1823 3276; x_wconf 75' lang='lat' dir='ltr'>collocentur</span> <span class='ocrx_word' id='word_1_245' title='bbox 1932 3228 1963 3276; x_wconf 85' lang='lat'>5</span> <span class='ocrx_word' id='word_1_246' title='bbox 2004 3217 2329 3290; x_wconf 76' lang='grc' dir='ltr'><strong><em>ἕπιστητέον</em></strong></span> <span class='ocrx_word' id='word_1_247' title='bbox 2356 3225 2500 3292; x_wconf 76' lang='lat' dir='ltr'><strong><em>vulq.</em></strong></span> 
     </span>
     <span class='ocr_line' id='line_1_31' title="bbox 214 3295 2501 3374; baseline 0.003 -22"><span class='ocrx_word' id='word_1_248' title='bbox 214 3295 542 3355; x_wconf 75' lang='grc' dir='ltr'><strong><em>ἐπιστατέον</em></strong></span> <span class='ocrx_word' id='word_1_249' title='bbox 580 3307 625 3354; x_wconf 99' lang='lat' dir='ltr'>A</span> <span class='ocrx_word' id='word_1_250' title='bbox 759 3309 788 3356; x_wconf 79' lang='lat'><strong><em>‘7</em></strong></span> <span class='ocrx_word' id='word_1_251' title='bbox 827 3303 1117 3362; x_wconf 84' lang='grc' dir='ltr'><strong><em>παντοίοις</em></strong></span> <span class='ocrx_word' id='word_1_252' title='bbox 1153 3296 1339 3369; x_wconf 79' lang='grc' dir='ltr'><strong><em>λόγοις</em></strong></span> <span class='ocrx_word' id='word_1_253' title='bbox 1373 3304 1519 3371; x_wconf 74' lang='lat' dir='ltr'><strong><em>vulq.</em></strong></span> <span class='ocrx_word' id='word_1_254' title='bbox 1567 3309 1836 3364; x_wconf 78' lang='grc' dir='ltr'><strong><em>παντοῖος</em></strong></span> <span class='ocrx_word' id='word_1_255' title='bbox 1872 3298 2036 3371; x_wconf 81' lang='grc' dir='ltr'><strong><em>λόγος</em></strong></span> <span class='ocrx_word' id='word_1_256' title='bbox 2072 3309 2302 3372; x_wconf 80' lang='lat' dir='ltr'>ABDE3</span> <span class='ocrx_word' id='word_1_257' title='bbox 2351 3307 2501 3374; x_wconf 90' lang='lat' dir='ltr'>quod</span> 
     </span>
     <span class='ocr_line' id='line_1_32' title="bbox 210 3377 2499 3451; baseline 0.003 -19"><span class='ocrx_word' id='word_1_258' title='bbox 210 3380 399 3450; x_wconf 76' lang='lat' dir='ltr'><strong>scripsi</strong></span> <span class='ocrx_word' id='word_1_259' title='bbox 436 3381 578 3438; x_wconf 87' lang='lat' dir='ltr'>coni.</span> <span class='ocrx_word' id='word_1_260' title='bbox 619 3381 864 3449; x_wconf 80' lang='lat' dir='ltr'><strong><em>Toupius</em></strong></span> <span class='ocrx_word' id='word_1_261' title='bbox 903 3382 1028 3435; x_wconf 89' lang='lat' dir='ltr'>coll.</span> <span class='ocrx_word' id='word_1_262' title='bbox 1073 3377 1372 3444; x_wconf 82' lang='grc' dir='ltr'><strong><em>Διονύσιος</em></strong></span> <span class='ocrx_word' id='word_1_263' title='bbox 1397 3379 1517 3450; x_wconf 85' lang='grc' dir='ltr'><strong><em>“Αλ.,</em></strong></span> <span class='ocrx_word' id='word_1_264' title='bbox 1556 3389 1825 3444; x_wconf 83' lang='grc' dir='ltr'><strong><em>παντοῖος</em></strong></span> <span class='ocrx_word' id='word_1_265' title='bbox 1861 3378 2064 3451; x_wconf 78' lang='grc' dir='ltr'><strong><em>λόγους</em></strong></span> <span class='ocrx_word' id='word_1_266' title='bbox 2102 3385 2281 3438; x_wconf 75' lang='lat' dir='ltr'>suasit</span> <span class='ocrx_word' id='word_1_267' title='bbox 2316 3385 2499 3439; x_wconf 76' lang='lat' dir='ltr'>Bern-</span> 
     </span>
     <span class='ocr_line' id='line_1_33' title="bbox 209 3457 2500 3532; baseline 0.002 -20"><span class='ocrx_word' id='word_1_268' title='bbox 209 3458 383 3530; x_wconf 77' lang='lat' dir='ltr'><strong><em>hardy</em></strong></span> <span class='ocrx_word' id='word_1_269' title='bbox 509 3466 540 3514; x_wconf 82' lang='lat'>9</span> <span class='ocrx_word' id='word_1_270' title='bbox 577 3459 758 3526; x_wconf 81' lang='grc' dir='ltr'><strong><em>λέξεις</em></strong></span> <span class='ocrx_word' id='word_1_271' title='bbox 793 3463 1165 3515; x_wconf 84' lang='grc' dir='ltr'><strong><em>παντοδαπαί</em></strong></span> <span class='ocrx_word' id='word_1_272' title='bbox 1194 3463 1338 3530; x_wconf 68' lang='lat' dir='ltr'><strong><em>vwlff.</em></strong></span> <span class='ocrx_word' id='word_1_273' title='bbox 1378 3461 1526 3528; x_wconf 82' lang='grc' dir='ltr'><strong><em>λέξις</em></strong></span> <span class='ocrx_word' id='word_1_274' title='bbox 1563 3457 1902 3532; x_wconf 81' lang='grc' dir='ltr'><strong><em>παντοδαπή</em></strong></span> <span class='ocrx_word' id='word_1_275' title='bbox 1942 3468 1987 3515; x_wconf 96' lang='lat' dir='ltr'>A</span> <span class='ocrx_word' id='word_1_276' title='bbox 2131 3470 2191 3516; x_wconf 90' lang='lat'><strong><em>11</em></strong></span> <span class='ocrx_word' id='word_1_277' title='bbox 2235 3464 2500 3531; x_wconf 77' lang='grc' dir='ltr'><strong><em>κρημνῶν</em></strong></span> 
     </span>
     <span class='ocr_line' id='line_1_34' title="bbox 211 3541 2498 3610; baseline 0.003 -20"><span class='ocrx_word' id='word_1_278' title='bbox 211 3542 345 3610; x_wconf 71' lang='lat' dir='ltr'><strong><em>tuly.</em></strong></span> <span class='ocrx_word' id='word_1_279' title='bbox 385 3545 546 3592; x_wconf 68' lang='lat'><strong><em>1321</em></strong></span> <span class='ocrx_word' id='word_1_280' title='bbox 583 3547 699 3595; x_wconf 79' lang='lat' dir='ltr'><strong><em>Ald.</em></strong></span> <span class='ocrx_word' id='word_1_281' title='bbox 741 3541 891 3595; x_wconf 78' lang='lat' dir='ltr'><strong><em>Eud.</em></strong></span> <span class='ocrx_word' id='word_1_282' title='bbox 1006 3547 1070 3595; x_wconf 81' lang='lat'><strong><em>12</em></strong></span> <span class='ocrx_word' id='word_1_283' title='bbox 1110 3542 1426 3610; x_wconf 79' lang='grc' dir='ltr'><strong><em>παροιμιῶν</em></strong></span> <span class='ocrx_word' id='word_1_284' title='bbox 1463 3557 1603 3595; x_wconf 86' lang='lat' dir='ltr'>corr.</span> <span class='ocrx_word' id='word_1_285' title='bbox 1634 3541 1885 3596; x_wconf 77' lang='lat' dir='ltr'><strong><em>Schottus</em></strong></span> <span class='ocrx_word' id='word_1_286' title='bbox 1920 3542 2095 3610; x_wconf 86' lang='lat' dir='ltr'>praef.</span> <span class='ocrx_word' id='word_1_287' title='bbox 2136 3543 2209 3596; x_wconf 81' lang='lat' dir='ltr'><strong><em>ad</em></strong></span> <span class='ocrx_word' id='word_1_288' title='bbox 2245 3543 2498 3598; x_wconf 84' lang='lat' dir='ltr'>Paroem.</span> 
     </span>
     <span class='ocr_line' id='line_1_35' title="bbox 211 3620 2351 3693; baseline -0.001 -18"><span class='ocrx_word' id='word_1_289' title='bbox 211 3620 434 3692; x_wconf 87' lang='lat' dir='ltr'><strong><em>(Corpus</em></strong></span> <span class='ocrx_word' id='word_1_290' title='bbox 473 3623 724 3678; x_wconf 83' lang='lat' dir='ltr'>Paroem.</span> <span class='ocrx_word' id='word_1_291' title='bbox 761 3624 786 3676; x_wconf 98' lang='lat' dir='ltr'><strong><em>I</em></strong></span> <span class='ocrx_word' id='word_1_292' title='bbox 822 3642 875 3693; x_wconf 87' lang='lat' dir='ltr'><strong><em>p.</em></strong></span> <span class='ocrx_word' id='word_1_293' title='bbox 914 3623 1143 3690; x_wconf 91' lang='lat' dir='ltr'>XXVII)</span> <span class='ocrx_word' id='word_1_294' title='bbox 1181 3620 1620 3691; x_wconf 57' lang='lat' dir='ltr'><strong><em>uomfflwlibri</em></strong></span> <span class='ocrx_word' id='word_1_295' title='bbox 1655 3623 1800 3690; x_wconf 64' lang='lat' dir='ltr'><strong><em>vulg.</em></strong></span> <span class='ocrx_word' id='word_1_296' title='bbox 1951 3628 2015 3674; x_wconf 86' lang='lat'><strong><em>13</em></strong></span> <span class='ocrx_word' id='word_1_297' title='bbox 2051 3622 2117 3692; x_wconf 83' lang='grc' dir='ltr'><strong><em>τῇ</em></strong></span> <span class='ocrx_word' id='word_1_298' title='bbox 2159 3638 2267 3676; x_wconf 89' lang='lat' dir='ltr'><strong><em>om.</em></strong></span> <span class='ocrx_word' id='word_1_299' title='bbox 2306 3626 2351 3673; x_wconf 99' lang='lat' dir='ltr'>A</span> 
     </span>
    </p>
   </div>
   <div class='ocr_carea' id='block_1_6' title="bbox 209 3709 2497 4420">
    <p class='ocr_par' dir='ltr' id='par_1_9' title="bbox 209 3709 2497 4338">
     <span class='ocr_line' id='line_1_36' title="bbox 340 3709 2496 3781; baseline 0 -17"><span class='ocrx_word' id='word_1_300' title='bbox 340 3709 505 3765; x_wconf 88' lang='lat' dir='ltr'>CCIV</span> <span class='ocrx_word' id='word_1_301' title='bbox 543 3711 695 3766; x_wconf 80' lang='lat' dir='ltr'><strong><em>Eud.</em></strong></span> <span class='ocrx_word' id='word_1_302' title='bbox 735 3730 788 3781; x_wconf 87' lang='lat' dir='ltr'><strong><em>p.</em></strong></span> <span class='ocrx_word' id='word_1_303' title='bbox 831 3717 950 3766; x_wconf 78' lang='lat'><strong><em>228.</em></strong></span> <span class='ocrx_word' id='word_1_304' title='bbox 1009 3710 1392 3777; x_wconf 82' lang='lat' dir='ltr'>Cf.Welcker,</span> <span class='ocrx_word' id='word_1_305' title='bbox 1430 3711 1522 3766; x_wconf 86' lang='lat' dir='ltr'><strong><em>Gr.</em></strong></span> <span class='ocrx_word' id='word_1_306' title='bbox 1552 3711 1719 3779; x_wconf 85' lang='lat' dir='ltr'>Trag.</span> <span class='ocrx_word' id='word_1_307' title='bbox 1758 3729 1812 3780; x_wconf 89' lang='lat' dir='ltr'><strong><em>p.</em></strong></span> <span class='ocrx_word' id='word_1_308' title='bbox 1855 3715 2009 3766; x_wconf 85' lang='lat'>1035.</span> <span class='ocrx_word' id='word_1_309' title='bbox 2076 3710 2235 3765; x_wconf 83' lang='lat' dir='ltr'>Hunc</span> <span class='ocrx_word' id='word_1_310' title='bbox 2271 3713 2496 3779; x_wconf 81' lang='lat' dir='ltr'>poetam</span> 
     </span>
     <span class='ocr_line' id='line_1_37' title="bbox 215 3786 2496 3860; baseline 0.001 -20"><span class='ocrx_word' id='word_1_311' title='bbox 215 3786 473 3856; x_wconf 87' lang='lat' dir='ltr'>Cynicum</span> <span class='ocrx_word' id='word_1_312' title='bbox 518 3808 640 3845; x_wconf 79' lang='lat' dir='ltr'>esse</span> <span class='ocrx_word' id='word_1_313' title='bbox 688 3809 755 3845; x_wconf 83' lang='lat' dir='ltr'><strong><em>ex</em></strong></span> <span class='ocrx_word' id='word_1_314' title='bbox 800 3790 960 3860; x_wconf 85' lang='lat' dir='ltr'>Diog.</span> <span class='ocrx_word' id='word_1_315' title='bbox 1003 3791 1106 3859; x_wconf 91' lang='lat' dir='ltr'><strong><em>VI,</em></strong></span> <span class='ocrx_word' id='word_1_316' title='bbox 1144 3797 1214 3846; x_wconf 88' lang='grc'><strong><em>80</em></strong></span> <span class='ocrx_word' id='word_1_317' title='bbox 1260 3790 1533 3845; x_wconf 74' lang='lat' dir='ltr'>conclusit</span> <span class='ocrx_word' id='word_1_318' title='bbox 1569 3791 1792 3857; x_wconf 79' lang='lat' dir='ltr'>Rohde,</span> <span class='ocrx_word' id='word_1_319' title='bbox 1844 3790 1985 3844; x_wconf 87' lang='lat' dir='ltr'><strong><em>Mus.</em></strong></span> <span class='ocrx_word' id='word_1_320' title='bbox 2035 3791 2213 3843; x_wconf 84' lang='lat' dir='ltr'>Rhen.</span> <span class='ocrx_word' id='word_1_321' title='bbox 2262 3789 2496 3843; x_wconf 89' lang='lat' dir='ltr'>XXXIV</span> 
     </span>
     <span class='ocr_line' id='line_1_38' title="bbox 210 3869 2495 3940; baseline 0.001 -20"><span class='ocrx_word' id='word_1_322' title='bbox 210 3885 258 3935; x_wconf 90' lang='lat' dir='ltr'><strong><em>p.</em></strong></span> <span class='ocrx_word' id='word_1_323' title='bbox 295 3877 398 3924; x_wconf 80' lang='grc'><strong><em>620</em></strong></span> <span class='ocrx_word' id='word_1_324' title='bbox 427 3887 559 3940; x_wconf 62' lang='lat' dir='ltr'>seq„</span> <span class='ocrx_word' id='word_1_325' title='bbox 598 3871 694 3939; x_wconf 91' lang='lat' dir='ltr'><strong><em>qui</em></strong></span> <span class='ocrx_word' id='word_1_326' title='bbox 725 3869 992 3939; x_wconf 83' lang='lat' dir='ltr'>Cynicum</span> <span class='ocrx_word' id='word_1_327' title='bbox 1029 3870 1210 3939; x_wconf 89' lang='lat' dir='ltr'>ipsum</span> <span class='ocrx_word' id='word_1_328' title='bbox 1249 3888 1297 3925; x_wconf 86' lang='lat' dir='ltr'><strong><em>a.</em></strong></span> <span class='ocrx_word' id='word_1_329' title='bbox 1337 3877 1442 3925; x_wconf 88' lang='lat'><strong><em>403</em></strong></span> <span class='ocrx_word' id='word_1_330' title='bbox 1480 3873 1675 3926; x_wconf 73' lang='lat' dir='ltr'>natum</span> <span class='ocrx_word' id='word_1_331' title='bbox 1716 3888 1833 3926; x_wconf 84' lang='lat' dir='ltr'>esse</span> <span class='ocrx_word' id='word_1_332' title='bbox 1864 3869 2074 3924; x_wconf 75' lang='lat' dir='ltr'>docuit.</span> <span class='ocrx_word' id='word_1_333' title='bbox 2134 3869 2329 3937; x_wconf 72' lang='lat' dir='ltr'>Itaque</span> <span class='ocrx_word' id='word_1_334' title='bbox 2368 3885 2495 3938; x_wconf 84' lang='lat' dir='ltr'><strong><em>poe·</em></strong></span> 
     </span>
     <span class='ocr_line' id='line_1_39' title="bbox 213 3945 2493 4021; baseline 0 -20"><span class='ocrx_word' id='word_1_335' title='bbox 213 3948 316 4001; x_wconf 75' lang='lat' dir='ltr'><strong><em>tam</em></strong></span> <span class='ocrx_word' id='word_1_336' title='bbox 356 3949 634 4018; x_wconf 70' lang='lat' dir='ltr'>tragicum</span> <span class='ocrx_word' id='word_1_337' title='bbox 672 3950 894 4004; x_wconf 84' lang='lat' dir='ltr'>finxisse</span> <span class='ocrx_word' id='word_1_338' title='bbox 922 3950 1144 4015; x_wconf 76' lang='lat' dir='ltr'>videtur</span> <span class='ocrx_word' id='word_1_339' title='bbox 1174 3951 1482 4021; x_wconf 83' lang='lat' dir='ltr'>Hesychius</span> <span class='ocrx_word' id='word_1_340' title='bbox 1511 3953 1603 4006; x_wconf 83' lang='lat' dir='ltr'><strong><em>vel</em></strong></span> <span class='ocrx_word' id='word_1_341' title='bbox 1632 3952 1705 4016; x_wconf 75' lang='lat' dir='ltr'><strong><em>ie,</em></strong></span> <span class='ocrx_word' id='word_1_342' title='bbox 1748 3948 2271 4019; x_wconf 77' lang='lat' dir='ltr'>quem-compilavit</span> <span class='ocrx_word' id='word_1_343' title='bbox 2367 3955 2429 4003; x_wconf 84' lang='lat'><strong><em>15</em></strong></span> <span class='ocrx_word' id='word_1_344' title='bbox 2459 3945 2493 4018; x_wconf 78' lang='grc' dir='ltr'>ἦ</span> 
     </span>
     <span class='ocr_line' id='line_1_40' title="bbox 216 4026 2493 4100; baseline 0 -18"><span class='ocrx_word' id='word_1_345' title='bbox 216 4026 490 4100; x_wconf 79' lang='grc' dir='ltr'><strong><em>Οἰνόμαος</em></strong></span> <span class='ocrx_word' id='word_1_346' title='bbox 525 4033 767 4100; x_wconf 73' lang='lat' dir='ltr'><strong><em>suspect.</em></strong></span> <span class='ocrx_word' id='word_1_347' title='bbox 804 4030 1116 4084; x_wconf 66' lang='lat' dir='ltr'><strong><em>Burmann.</em></strong></span> <span class='ocrx_word' id='word_1_348' title='bbox 1157 4032 1226 4085; x_wconf 81' lang='lat' dir='ltr'><strong><em>ad</em></strong></span> <span class='ocrx_word' id='word_1_349' title='bbox 1268 4030 1427 4086; x_wconf 92' lang='lat' dir='ltr'>Ovid.</span> <span class='ocrx_word' id='word_1_350' title='bbox 1457 4031 1625 4085; x_wconf 75' lang='lat' dir='ltr'>Trist.</span> <span class='ocrx_word' id='word_1_351' title='bbox 1661 4032 1737 4097; x_wconf 90' lang='lat' dir='ltr'><strong><em>II,</em></strong></span> <span class='ocrx_word' id='word_1_352' title='bbox 1769 4035 1872 4083; x_wconf 86' lang='lat'><strong><em>385</em></strong></span> <span class='ocrx_word' id='word_1_353' title='bbox 1910 4032 2079 4098; x_wconf 79' lang='lat' dir='ltr'>atque</span> <span class='ocrx_word' id='word_1_354' title='bbox 2116 4027 2243 4082; x_wconf 85' lang='lat' dir='ltr'>aliis</span> <span class='ocrx_word' id='word_1_355' title='bbox 2334 4027 2493 4097; x_wconf 83' lang='grc' dir='ltr'><strong><em>γέγο-</em></strong></span> 
     </span>
     <span class='ocr_line' id='line_1_41' title="bbox 213 4103 2487 4177; baseline 0.001 -18"><span class='ocrx_word' id='word_1_356' title='bbox 213 4127 300 4161; x_wconf 83' lang='grc' dir='ltr'><strong><em>νεν</em></strong></span> <span class='ocrx_word' id='word_1_357' title='bbox 337 4141 404 4149; x_wconf 92' lang='lat'><strong><em>—-</em></strong></span> <span class='ocrx_word' id='word_1_358' title='bbox 445 4106 824 4177; x_wconf 80' lang='grc' dir='ltr'><strong><em>καταλύσεως,</em></strong></span> <span class='ocrx_word' id='word_1_359' title='bbox 863 4127 969 4163; x_wconf 89' lang='lat' dir='ltr'><strong><em>om.</em></strong></span> <span class='ocrx_word' id='word_1_360' title='bbox 1001 4110 1150 4164; x_wconf 77' lang='lat' dir='ltr'><strong><em>Eud.</em></strong></span> <span class='ocrx_word' id='word_1_361' title='bbox 1187 4111 1416 4166; x_wconf 76' lang='lat' dir='ltr'>seclusit</span> <span class='ocrx_word' id='word_1_362' title='bbox 1453 4111 1729 4164; x_wconf 79' lang='lat' dir='ltr'><strong><em>Westerm,</em></strong></span> <span class='ocrx_word' id='word_1_363' title='bbox 1843 4117 1908 4163; x_wconf 90' lang='grc'><strong><em>16</em></strong></span> <span class='ocrx_word' id='word_1_364' title='bbox 1942 4103 2209 4177; x_wconf 77' lang='grc' dir='ltr'><strong><em>Ἀχιλλεὺς</em></strong></span> <span class='ocrx_word' id='word_1_365' title='bbox 2240 4139 2300 4145; x_wconf 90' lang='lat'><strong><em>—-</em></strong></span> <span class='ocrx_word' id='word_1_366' title='bbox 2344 4105 2487 4176; x_wconf 80' lang='grc' dir='ltr'><strong><em>Χρύ-</em></strong></span> 
     </span>
     <span class='ocr_line' id='line_1_42' title="bbox 209 4186 2497 4261; baseline 0 -22"><span class='ocrx_word' id='word_1_367' title='bbox 209 4205 406 4252; x_wconf 75' lang='grc' dir='ltr'><strong><em>σιππος</em></strong></span> <span class='ocrx_word' id='word_1_368' title='bbox 445 4189 739 4258; x_wconf 84' lang='lat' dir='ltr'>Sinopensi</span> <span class='ocrx_word' id='word_1_369' title='bbox 777 4188 1016 4258; x_wconf 82' lang='lat' dir='ltr'>Diogeni</span> <span class='ocrx_word' id='word_1_370' title='bbox 1054 4189 1210 4244; x_wconf 49' lang='lat' dir='ltr'>dedis</span> <span class='ocrx_word' id='word_1_371' title='bbox 1244 4189 1407 4261; x_wconf 86' lang='lat' dir='ltr'>Diog.</span> <span class='ocrx_word' id='word_1_372' title='bbox 1446 4190 1550 4257; x_wconf 92' lang='lat' dir='ltr'><strong><em>VI,</em></strong></span> <span class='ocrx_word' id='word_1_373' title='bbox 1590 4195 1658 4243; x_wconf 87' lang='lat'><strong><em>80</em></strong></span> <span class='ocrx_word' id='word_1_374' title='bbox 1794 4195 1859 4242; x_wconf 88' lang='lat'><strong><em>18</em></strong></span> <span class='ocrx_word' id='word_1_375' title='bbox 1898 4186 2118 4258; x_wconf 84' lang='grc' dir='ltr'><strong><em>Σεμέλη</em></strong></span> <span class='ocrx_word' id='word_1_376' title='bbox 2156 4187 2394 4241; x_wconf 76' lang='lat' dir='ltr'>accessit</span> <span class='ocrx_word' id='word_1_377' title='bbox 2429 4203 2497 4242; x_wconf 81' lang='lat' dir='ltr'><strong><em>ex</em></strong></span> 
     </span>
     <span class='ocr_line' id='line_1_43' title="bbox 214 4269 789 4338; baseline 0.003 -17"><span class='ocrx_word' id='word_1_378' title='bbox 214 4269 400 4324; x_wconf 75' lang='lat' dir='ltr'><strong><em>Athen.</em></strong></span> <span class='ocrx_word' id='word_1_379' title='bbox 436 4269 565 4322; x_wconf 88' lang='lat' dir='ltr'><strong><em>XIV</em></strong></span> <span class='ocrx_word' id='word_1_380' title='bbox 602 4288 656 4338; x_wconf 90' lang='lat' dir='ltr'><strong><em>p.</em></strong></span> <span class='ocrx_word' id='word_1_381' title='bbox 688 4276 789 4324; x_wconf 87' lang='grc'><strong><em>636</em></strong></span> 
     </span>
    </p>

    <p class='ocr_par' dir='ltr' id='par_1_10' title="bbox 345 4347 1857 4420">
     <span class='ocr_line' id='line_1_44' title="bbox 345 4347 1857 4420; baseline -0.003 -13"><span class='ocrx_word' id='word_1_382' title='bbox 345 4349 485 4407; x_wconf 85' lang='lat' dir='ltr'><strong><em>CCV</em></strong></span> <span class='ocrx_word' id='word_1_383' title='bbox 527 4348 604 4408; x_wconf 82' lang='lat' dir='ltr'><strong><em>cf,</em></strong></span> <span class='ocrx_word' id='word_1_384' title='bbox 646 4347 850 4403; x_wconf 77' lang='lat' dir='ltr'><strong>Mffller</strong></span> <span class='ocrx_word' id='word_1_385' title='bbox 885 4348 963 4403; x_wconf 91' lang='lat' dir='ltr'><strong><em>IV</em></strong></span> <span class='ocrx_word' id='word_1_386' title='bbox 999 4367 1055 4420; x_wconf 89' lang='lat' dir='ltr'><strong><em>p.</em></strong></span> <span class='ocrx_word' id='word_1_387' title='bbox 1095 4353 1225 4418; x_wconf 86' lang='grc'><strong><em>391,</em></strong></span> <span class='ocrx_word' id='word_1_388' title='bbox 1266 4366 1432 4418; x_wconf 83' lang='lat' dir='ltr'>quem</span> <span class='ocrx_word' id='word_1_389' title='bbox 1472 4349 1694 4402; x_wconf 78' lang='lat' dir='ltr'>secutus</span> <span class='ocrx_word' id='word_1_390' title='bbox 1732 4365 1857 4403; x_wconf 88' lang='lat' dir='ltr'><strong><em>sum</em></strong></span> 
     </span>
    </p>
   </div>
  </div>
 </body>
</html>
