3025 4892
559 252 691 314 214
1483 247 1912 303 HESYCHIUS.

559 411 687 496 ιθ’,
738 416 1054 499 προοίμια
1100 408 1228 495 λς’,
1253 406 1601 495 Ἄρτεμιν,
1656 407 2014 488 διασκευὰς
2056 408 2150 495 η’,
2200 407 2521 495 ἐγκώμια,
2583 409 2846 497 Πέρσας

560 516 601 605 ἢ
662 516 1050 602 Ναύπλιον,
1111 519 1458 601 Φινείδας,
1516 517 1852 603 Λαέρτην,
1910 513 2377 602 διθυράμβους
2422 513 2541 601 ιη’,
2595 512 2849 601 ὕμνους

559 623 670 691 κα’
717 624 830 691 καὶ
877 622 1047 691 ἄλλα
1093 621 1260 690 τινά.
2188 618 2194 625 ’

736 729 1138 798 DGOXGIV.
1236 726 1627 815 Τιμόθεος
1688 732 1967 808 Γαζαῖος
2028 725 2509 815 γραμματικός,
2564 727 2852 814 γεγονώς

511 861 538 903 5
567 839 671 906 ἐπὶ
713 834 1152 904 Ἀναστασίου
1189 833 1530 920 βασιλέως,
1576 836 1672 912 εἰς
1717 828 1799 901 ὃν
1834 833 1947 899 καὶ
1983 837 2366 924 τραγῳδίαν
2404 835 2669 922 ἐποίησε
2700 836 2853 921 περὶ

563 948 684 1013 τοῦ
737 948 1068 1031 δημοσίου
1112 944 1234 1011 τοῦ
1278 941 1702 1027 καλουμένου
1748 938 2242 1028 χρυσαργύρου.
2334 945 2580 1029 ἔγραψε
2628 941 2697 1008 δὲ
2737 942 2856 1008 καὶ

565 1051 802 1130 &course
862 1050 1010 1135 περὶ
1074 1048 1257 1140 ζςόων
1321 1046 1747 1135 τετραπόδων
1814 1050 2136 1133 [θηρίων]
2202 1050 2339 1117 τῶν
2409 1045 2566 1138 παρ’
2621 1047 2859 1126 Ἰνδοῖς

563 1157 675 1224 καὶ
709 1153 960 1242 ’Ἄραψι
1013 1153 1123 1221 καὶ
1170 1157 1566 1240 Αἰγυπτίοις
1622 1152 1731 1221 καὶ
1791 1150 1917 1221 ὅσα
1961 1154 2187 1240 τρέφει
2243 1152 2496 1241 Λιβύη,
2554 1156 2661 1223 καὶ
2704 1153 2859 1240 περὶ

560 1261 820 1348 ὀρνέων
866 1261 1075 1343 ξένων
1122 1287 1190 1329 τε
1234 1261 1345 1329 καὶ
1390 1258 1774 1329 ἀλλοκότων
1818 1260 1930 1328 καὶ
1977 1258 2201 1348 ὄφεων
2248 1267 2475 1348 βιβλία
2522 1261 2607 1331 δ’.

489 1396 545 1437 10
749 1368 1117 1437 DOGXGV.
1222 1370 1611 1454 Τιμοκλῆς
1668 1362 2028 1453 Ἀθηναῖος
2090 1366 2396 1453 κωμικός.
2505 1372 2639 1436 τῶν
2702 1371 2863 1454 δρα-

568 1474 796 1562 μάτων
845 1472 1056 1542 αὐτοῦ
1102 1475 1241 1541 ἐστι
1286 1471 1798 1561 Δημοσάτυροι,
1852 1472 2273 1561 Κένταυρος,
2321 1473 2649 1562 Καύνιοι,
2688 1471 2863 1542 Ἐπι-

569 1586 822 1667 στολαί,
855 1578 1407 1669 Ἐπιχαιρέκακος,
1449 1579 1959 1667 Φιλοδικαστής,
1998 1578 2289 1668 Πύκτης,
2318 1579 2408 1663 ὥς
2436 1602 2644 1669 φησιν
2667 1580 2863 1667 Ἀθή-

572 1714 760 1769 ναιος
806 1690 879 1757 ἐν
927 1696 1559 1775 Δειπνοσοφιστατς.
1654 1725 1659 1731 ·

750 1794 1149 1863 DOOXOVI.
1222 1794 1618 1880 Τιμοκλῆς
1662 1792 1904 1881 ἕτερος,
1950 1795 2061 1861 καὶ
2108 1790 2312 1876 αὐτὸς
2353 1794 2659 1884 κωμικός.
2730 1799 2867 1863 τῶν

495 1925 546 1966 15
575 1898 933 1989 δραμάτων
963 1896 1174 1967 αὐτοῦ
1203 1898 1338 1966 ἐστι
1370 1896 1967 1985 Διονυσιαζουσαι,
2001 1900 2544 1990 Πολυπράγμων,
2571 1900 2869 1991 Ἰκάριοι,

574 2010 830 2093 Δῆλος,
895 2005 1129 2092 Λήθη,
1201 2002 1575 2090 Διόνυσος,
1636 2010 2046 2093 Κονίσαλος,
2107 2008 2477 2098 Πορφύρα,
2545 2008 2686 2097 ἥτις
2758 2009 2869 2075 καὶ

573 2119 764 2183 δοκεῖ
802 2111 1147 2198 Ξενάρχου
1194 2108 1395 2197 εἶναι,
1425 2108 1711 2199 ἽΙρωες,
1761 2113 2219 2201 Δρακόντιον,
2266 2115 2528 2203 Νέαιρα
2572 2115 2871 2201 (ἑταίρας

572 2221 648 2289 δὲ
694 2218 908 2307 ὄνομά
955 2220 1134 2287 ἐστιν
1180 2215 1221 2305 ἡ
1269 2217 1592 2307 Νέαιρα),
1630 2216 1962 2307 Ὀρέστης,
2015 2222 2473 2311 Μαραθώνιοι
2522 2223 2632 2289 καὶ
2680 2220 2871 2288 ἄλλα.

751 2326 1186 2396 DOOXOVII.
1272 2324 1734 2412 Τιμοκρέων
1778 2322 2064 2412 Ῥόδιος,
2128 2326 2441 2416 [κωμικὸς
2499 2328 2606 2395 καὶ
2668 2325 2878 2407 αὐτὸς

497 2457 550 2499 2ο
575 2439 692 2522 τῆς
747 2432 1022 2522 ἀρχαίας
1078 2435 1478 2522 κωμῳδίας].
1568 2431 1909 2521 διεφέρετο
1968 2433 2042 2501 δὲ
2095 2432 2261 2523 πρὸς
2305 2438 2701 2522 Σιμωνίδην
2750 2434 2877 2503 τὸν

574 2546 712 2611 τῶν
767 2544 986 2628 μελῶν
1041 2537 1326 2626 ποιητὴν
1381 2540 1491 2606 καὶ
1538 2540 1984 2627 Θεμιστοκλέα
2032 2539 2155 2609 τὸν
2197 2539 2595 2629 Ἀθηναῖον,
2649 2546 2747 2620 εἰς
2796 2537 2882 2609 ὃν
2994 2594 2996 2633 2

582 2708 747 2715 ——-——.

2434 2742 2464 2770 *N

586 2798 937 2855 Wachsmuth
978 2795 1077 2851 καὶ
1118 2788 1261 2850 καθ’
1299 2787 1400 2858 οὓς
1441 2795 1591 2864 apud
1623 2796 1809 2851 Daub.
1855 2797 1925 2851 de
1962 2798 2113 2853 Suid.
2153 2817 2207 2868 p.
2236 2803 2340 2853 429
2371 2798 2487 2853 not.
2536 2796 2709 2868 (,‚fuit
2746 2795 2882 2851 Eur.

579 2880 828 2949 aequalis
865 2878 948 2947 Τ.,
986 2877 1083 2932 sed
1119 2874 1261 2931 vixit
1297 2874 1469 2931 etiam
1505 2878 1776 2946 regnante
1812 2877 2143 2948 Philippo‘f)
2314 2885 2381 2932 18
2420 2872 2500 2932 ὢν
2538 2877 2664 2932 add.
2700 2877 2883 2932 Daub

581 2967 608 3015 1
649 2952 932 3029 προνόμια
971 2974 1039 3012 ex
1078 2957 1269 3027 Steph.
1308 2954 1438 3025 Byz.
1475 2975 1529 3010 v.
1568 2958 1817 3026 Μίλητος
1852 2957 2169 3025 Βείηεείιιες
2215 2960 2513 3027 utrumque
2559 2956 2707 3013 idem
2758 2974 2885 3011 esse

578 3038 935 3096 manifestum
1058 3044 1091 3091 2
1131 3032 1466 3092 Ναύπλειον
1490 3040 1536 3087 V
1568 3038 1856 3091 Ναντίλον
1886 3054 1953 3092 cx
1981 3039 2185 3094 Athen.
2206 3038 2338 3095 VIII
2367 3057 2421 3107 p.
2454 3042 2558 3093 338
2584 3037 2884 3105 KusteruS,

578 3122 678 3178 ubi
705 3138 773 3175 ex
803 3119 1008 3174 Suidae
1035 3117 1218 3173 lexico
1256 3116 1535 3187 Ναυπλίῳ
1574 3132 1714 3172 corr.
1748 3115 2121 3175 Casaubomoe.
2196 3119 2279 3175 Cf.
2316 3117 2601 3185 Schmidt,
2636 3115 2883 3171 dian-ibe

584 3204 654 3256 de
683 3200 903 3270 Dithyr.
924 3218 976 3268 p.
1002 3205 1067 3253 12
1107 3199 1394 3252 Ναυτίλον
1423 3194 1712 3250 revocavit
1737 3197 1937 3266 Bequ,
1965 3200 2120 3254 Poet.
2143 3200 2269 3270 Lyr.
2290 3217 2345 3268 p.
2372 3203 2510 3253 1268
2540 3196 2638 3252 sed
2665 3195 2875 3266 scripto

589 3279 839 3350 Πέρσας,
878 3279 1167 3331 Ναυτίλον
1205 3270 1241 3345 ἢ
1281 3269 1582 3330 Ναύπλιον

729 3356 1046 3412 DCCXCIV
1099 3356 1179 3413 cf.
1227 3358 1452 3412 'rzetzes
1500 3355 1642 3412 Chil.
1690 3356 1784 3424 IV,
1835 3362 1966 3424 128,
2020 3357 2193 3414 schol.
2244 3358 2421 3426 antiq.
2474 3355 2756 3413 Holstenii
2808 3357 2883 3410 ad

591 3440 782 3508 Steph.
823 3440 947 3508 Byz.
975 3458 1028 3493 v.
1061 3433 1217 3503 Γάζα
1331 3441 1364 3491 5
1401 3437 1723 3509 τραγῳδίαν
1760 3434 2074 3490 claudicare
2112 3437 2299 3505 patet3
2336 3452 2411 3489 an
2446 3435 2883 3505 Byzantinorum

592 3536 744 3574 more
774 3517 1023 3573 dictum?
1080 3517 1160 3574 cf.
1191 3517 1420 3573 Cedren.
1451 3517 1476 3570 I
1504 3536 1558 3587 p.
1591 3523 1693 3571 627
1723 3516 1899 3570 Bonn.
2011 3522 2040 3571 7
2080 3517 2177 3571 καὶ
2211 3518 2433 3586 θηρίων
2460 3518 2605 3587 vuly.
2643 3513 2743 3569 καὶ
2772 3533 2879 3570 om.

591 3605 745 3653 AVE
775 3603 905 3668 θηρ.
937 3600 1220 3669 glossema
1257 3614 1378 3653 csse
1415 3601 1654 3667 apparet

734 3676 1417 3752 DCCXOVf-DCCXCVI
1453 3677 1688 3732 Tractat
1722 3675 1980 3732 Meineke
2018 3678 2043 3731 Ι
2078 3696 2133 3747 p.
2163 3683 2267 3733 428
2298 3695 2410 3746 seq.
2468 3678 2749 3747 Hesychio
2788 3679 2880 3733 ab·

592 3759 866 3816 iudicavit
901 3758 1097 3826 Daub,
1137 3757 1205 3812 de
1245 3755 1398 3810 Suid.
1437 3775 1490 3825 p.
1521 3761 1643 3811 483.
1707 3757 2002 3811 Errantem
2040 3757 2269 3813 Suidam
2306 3760 2443 3813 duos
2480 3761 2677 3827 poetas
2712 3758 2880 3813 comi-

596 3859 692 3897 cos
731 3837 1052 3894 distinxisse
1089 3838 1425 3891 monuerunt
1455 3836 1742 3891 Mewrsius
1768 3837 2044 3892 Kasterus
2072 3838 2563 3908 Schweiyhaeuser:
2604 3839 2673 3894 cf.
2711 3839 2881 3894 etiam

594 3918 809 3990 Bergk,
847 3918 1043 3974 Graec.
1083 3916 1189 3972 Lit.
1228 3917 1255 3969 I
1289 3935 1344 3987 p.
1374 3922 1478 3971 294
1516 3934 1569 3971 n.
1600 3921 1696 3985 543
1733 3917 1958 3985 Rohde,
2000 3918 2141 3974 Mac.
2180 3917 2355 3972 Rhen.
2394 3917 2631 3972 XXXIII
2666 3938 2720 3989 p.
2750 3926 2881 3986 2143

597 4004 844 4057 ceterum
873 4018 923 4054 v.
952 3999 1155 4055 Athen.
1187 3998 1266 4053 IV
1292 4018 1346 4069 p.
1379 4002 1508 4068 135,
1556 3999 1633 4052 VI
1669 4017 1721 4067 p.
1755 4002 1884 4067 240,
1915 4003 2045 4067 241,
2075 4003 2205 4064 243,
2235 4003 2366 4065 245,
2397 4003 2528 4069 246,
2565 3999 2644 4053 VI
2676 4018 2731 4069 p.
2761 4006 2881 4065 223,

595 4081 729 4137 VIII
764 4100 817 4151 p.
857 4086 988 4149 339,
1025 4087 1154 4148 341,
1203 4085 1333 4147 342,
1379 4078 1456 4131 IX
1501 4097 1555 4147 p.
1596 4084 1725 4147 407,
1772 4078 1823 4131 X
1867 4096 1924 4147 p.
1955 4084 2058 4133 430
2097 4080 2154 4132 et
2190 4082 2321 4145 431,
2368 4077 2473 4131 VII
2520 4096 2574 4147 p.
2624 4085 2758 4149 319,
2807 4079 2881 4133 VI

597 4182 651 4232 p.
682 4168 803 4229 244,
841 4161 893 4214 X
929 4179 980 4230 p.
1012 4166 1135 4229 455,
1175 4158 1250 4214 VI
1287 4178 1340 4230 p.
1370 4165 1492 4228 237,
1529 4158 1659 4211 XIII
1694 4176 1750 4227 p.
1790 4163 1912 4227 561,
1950 4164 2070 4225 567,
2111 4163 2215 4213 570

740 4240 1084 4297 DCCXCVII
1122 4239 1202 4295 cf.
1240 4238 1404 4308 Diog.
1442 4240 1511 4307 II,
1550 4244 1634 4293 46.
1712 4240 1943 4293 Tractat
1981 4236 2204 4293 Clinton
2239 4256 2293 4307 p.
2326 4243 2392 4292 39
2430 4236 2552 4307 Kr.,
2600 4239 2701 4308 qui
2736 4242 2880 4295 recte

599 4321 883 4390 perspexit
917 4317 1163 4389 κωμικός
1199 4322 1444 4375 erratum
1481 4335 1601 4373 esse
1636 4335 1738 4388 pro
1777 4314 2074 4391 μελοποιός
2110 4318 2238 4373 coll.
2267 4316 2415 4371 Plut.
2445 4318 2719 4375 Themist.
2756 4326 2824 4373 21

604 4406 668 4453 19
717 4396 960 4469 κωμικός
1005 4430 1069 4439 -
1119 4400 1415 4469 κωμῳδίας
1459 4398 1677 4454 intrusa.
1721 4415 1842 4455 esse
1890 4398 2166 4469 suspicor,
2212 4399 2510 4469 postquam
2550 4396 2750 4454 Suidas
2796 4401 2884 4455 vel
