3025 4892
493 201 642 258 LXX
1122 153 1480 260 ADDEN¹DA
1516 205 1614 260 ET
1654 203 2146 260 CORRIGENDA.

493 363 791 434 excidium)
838 365 1113 434 quadrare
1159 365 1216 420 in
1263 366 1478 435 septem
1530 365 1866 434 sapientium
1912 366 2251 422 consortium
2266 411 2281 437 ,
2332 368 2490 424 Darii
2538 370 2793 425 aetatem

491 445 786 500 convenire
826 462 952 499 cum
991 444 1192 499 Herod.
1231 443 1366 511 VII,
1403 451 1435 498 6
1474 443 1618 498 vidit
1655 445 1991 500 Gutschmid.

628 545 682 594 p.
725 531 825 579 127
875 527 1212 594 Λεσχίδης
1249 525 1309 579 L.
1350 525 1525 579 vitam
1562 541 1629 580 ex
1666 525 1935 581 historico
1974 525 2162 595 aliquo
2199 525 2438 596 petitam
2478 531 2538 585 et
2574 529 2794 584 additis

486 604 668 660 verbis
708 599 861 659 ἐπῶν
899 600 1162 673 ποιητής,
1212 597 1275 666 ὃς
1319 621 1355 658 a
1393 602 1566 658 Suida
1612 605 1725 660 suis
1770 606 2083 662 rationibus
2130 609 2612 664 accommodatam
2661 626 2791 664 esse

489 686 679 738 censet
715 683 1048 739 Gutschmid.

625 782 680 833 p.
722 769 823 818 128
853 761 1037 818 Λέων
1080 766 1223 830 Βυζ.
1254 764 1290 818 1.
1321 771 1371 820 2.
1420 763 1610 818 Etiam
1639 768 1870 822 verbum
1902 764 2169 837 σοφιστὴς
2198 767 2467 824 Mullerl.
2508 786 2552 824 c.
2592 770 2665 824 ad
2707 769 2793 824 al-

488 848 670 900 terum
707 843 1036 914 Byzantium
1075 843 1282 900 referre
1320 843 1562 912 videtur,
1600 846 1749 914 quod
1785 845 1971 902 nescio
2010 864 2083 902 an
2120 850 2333 903 rectum
2374 848 2463 904 sit.

627 944 680 994 p.
725 930 824 978 132
864 924 1272 994 Λυκοῦργος.
1348 923 1537 980 Verba
1584 924 1681 980 καὶ
1727 921 1903 989 αὐτὸς
1940 923 1998 982 δ’
2032 959 2097 967 —-—
2140 924 2222 996 ιη’
2260 930 2389 1002 post
2434 921 2687 997 ἀδελφός
2730 933 2793 986 et

483 1006 656 1060 verba
705 997 850 1077 (oe)
912 999 1178 1073 ἐκράτησε
1243 1004 1355 1058 τῶν
1409 1037 1475 1044 -
1528 1002 1627 1076 μβ’
1682 1008 1811 1076 post
1866 1002 2217 1076 ἀδελφιδοῦν
2278 1006 2569 1075 transponi
2624 1006 2792 1062 iubet

485 1085 697 1152 Rohde,
745 1083 884 1140 Mus.
919 1084 1096 1141 Rhen.
1135 1083 1366 1138 XXXVI
1404 1105 1456 1155 p.
1499 1091 1603 1140 540
1640 1089 1755 1141 not.
1831 1090 2018 1143 Annos
2059 1092 2127 1140 42
2177 1103 2212 1140 a
2257 1087 2513 1156 Lycurgo
2564 1087 2791 1156 seiungi

483 1181 647 1234 posse
683 1167 856 1234 negat
893 1164 1238 1228 Gutschmid,
1291 1159 1535 1236 ἀπορίας
1571 1167 1851 1234 quomodo
1889 1167 1987 1222 ille
2033 1183 2178 1222 anno
2217 1173 2320 1221 819
2358 1183 2409 1221 a.
2448 1167 2573 1222 Chr.
2616 1166 2787 1236 Spar-

485 1245 631 1300 tanis
667 1244 822 1314 leges
859 1245 1003 1300 ferre
1041 1245 1194 1314 (Eus.
1233 1245 1421 1301 chron.
1459 1265 1541 1303 nr.
1587 1253 1747 1314 1197;
1788 1248 1959 1302 Thuc.
1999 1248 2049 1315 1,
2091 1250 2176 1313 18)
2226 1249 2286 1302 et
2322 1263 2467 1301 anno
2509 1253 2610 1302 776
2648 1264 2782 1301 cum

487 1325 675 1394 Iphito
707 1324 970 1395 Olympia
1001 1325 1291 1381 instituere
1321 1325 1595 1396 potuerit,
1634 1327 2081 1397 antiquissimam
2111 1344 2234 1382 eam
2264 1327 2435 1382 fuisse
2473 1324 2633 1383 λύσιν
2659 1345 2787 1384 mo-

482 1421 647 1474 nens,
699 1406 763 1458 ut
814 1399 1110 1473 ἐπιτροπία
1161 1405 1259 1460 καὶ
1309 1409 1623 1482 νομοθεσία
1671 1414 1738 1462 42
1790 1423 1963 1462 annos
2015 1407 2243 1461 durasse
2291 1406 2657 1476 absolutaque
2712 1425 2787 1462 ea

485 1485 772 1553 Lycurgus
811 1483 1008 1540 ultimo
1046 1486 1197 1541 vitae
1234 1502 1379 1540 anno
1416 1486 1475 1540 in
1505 1485 1725 1542 Elidem
1753 1503 1812 1542 se
1843 1485 2143 1542 contulisse
2182 1490 2241 1541 et
2276 1486 2427 1542 diem
2454 1486 2535 1542 ibi
2571 1487 2787 1544 obiisse

485 1566 921 1635 (Apollothemis
960 1583 1048 1636 ap.
1087 1566 1233 1621 Plut.
1268 1566 1398 1636 Lyc.
1430 1569 1521 1636 31)
1559 1565 1859 1623 diceretur:
1907 1568 2055 1622 hunc
2091 1583 2382 1622 numerum
2432 1583 2468 1621 a
2503 1569 2788 1636 posterio-

484 1646 562 1700 ris
600 1663 821 1715 quoque
859 1647 1065 1701 aetatis
1103 1646 1411 1715 historiciS,
1449 1647 1546 1716 qui
1584 1648 1855 1718 epocham
1893 1649 2047 1702 varie
2084 1647 2517 1714 transtulerunt,
2564 1647 2791 1716 origine

483 1741 596 1780 non
639 1729 932 1796 perspecta
967 1728 1248 1781 retentum
1279 1744 1420 1794 esse,
1457 1728 1517 1782 et
1552 1726 1683 1782 hinc
1713 1729 1911 1797 sponte
1942 1727 2235 1797 explicari,
2274 1743 2371 1780 cur
2399 1726 2790 1782 Callimachus

487 1805 878 1876 Olympiadem
925 1806 1096 1875 Iphiti
1143 1824 1289 1861 anno
1338 1812 1441 1862 828
1488 1807 1821 1878 illigaverit,
1870 1808 1927 1862 id
1974 1811 2058 1862 est
2094 1813 2161 1861 43
2208 1807 2281 1861 ab
2326 1822 2472 1861 anno
2511 1811 2638 1873 870,
2686 1809 2790 1862 cui

487 1885 773 1955 Ephorum
811 1886 966 1956 leges
995 1903 1030 1941 a
1057 1885 1313 1955 Lycurgo
1351 1886 1498 1942 latas
1528 1887 1841 1956 assignasse
1881 1887 2247 1958 exscriptores
2285 1886 2402 1941 eius
2440 1884 2625 1954 (Diod.
2656 1885 2787 1955 XV,

484 1972 577 2029 653
622 1964 767 2019 Plut.
807 1963 942 2022 Mor.
982 1983 1036 2034 p.
1079 1970 1182 2019 194
1211 1965 1270 2019 Β.
1309 1971 1412 2020 239
1440 1966 1511 2032 F3
1570 1967 1751 2022 Nicol.
1791 1967 1949 2023 Dam.
1988 1967 2054 2022 fr.
2095 1969 2185 2036 57)
2222 1966 2633 2035 demonstrant,
2683 1983 2786 2021 ex-

481 2043 685 2114 plicari
723 2042 894 2099 etiam
933 2061 1108 2099 annos
1147 2043 1295 2098 vitae
1323 2048 1392 2098 85
1421 2061 1456 2098 a
1487 2045 1769 2118 [Lucian.]
1800 2047 2043 2103 Macrob.
2074 2054 2145 2102 28
2172 2046 2426 2116 Lycurgo
2466 2063 2783 2116 concessos,

485 2124 782 2180 tritissimo
819 2123 1035 2180 scilicet
1069 2124 1337 2193 figmento
1368 2125 1656 2194 duplicato
1694 2144 1925 2183 numero
1955 2133 2051 2198 42,
2090 2129 2153 2181 ut
2189 2126 2401 2196 primus
2440 2143 2616 2182 annus
2643 2122 2780 2200 ,ἔπι-

485 2206 719 2274 τροπίας
755 2203 877 2260 eius
915 2203 1131 2260 medius
1167 2204 1327 2258 fieret
1363 2204 1531 2259 vitae.

630 2313 684 2364 p.
727 2300 829 2348 136
867 2296 1191 2360 Μαρῖνος“
1216 2292 1252 2348 l.
1287 2299 1351 2348 16
1390 2293 1487 2348 καὶ
1526 2293 1854 2366 φιλοσόφων
1894 2293 2207 2366 ζητήματα,
2245 2296 2429 2351 verbis
2466 2296 2785 2368 καταλογά-

361 2414 369 2418 -
484 2379 609 2444 δην,
639 2373 737 2429 καὶ
767 2368 974 2434 ἐπικῶς
1002 2369 1231 2445 <deleto
1261 2372 1400 2446 καὶ)
1426 2369 1569 2428 ἄλλα
1597 2373 1723 2430 τινά
1756 2375 1948 2434 eiectis
1976 2378 2036 2433 et
2064 2395 2189 2432 cum
2217 2376 2420 2432 ultima
2445 2394 2581 2433 voce
2610 2397 2783 2448 μετα-

488 2451 723 2526 φράσεις
759 2455 911 2509 vitae
949 2451 1330 2508 antecedentis
1369 2455 1608 2510 Mariani
1646 2457 1981 2524 coniunctis,
2023 2473 2159 2512 corr.
2200 2457 2532 2514 Gutschmid.

621 2563 675 2614 p.
719 2547 819 2597 145
877 2535 1280 2609 Νικαγόρας
1346 2559 1482 2612 opus
1537 2545 1667 2613 περὶ
1723 2544 2085 2615 Κλεοπάτρας
2140 2545 2238 2615 τῆς
2304 2540 2367 2600 ἐν
2419 2544 2647 2618 Τρῳάδι
2705 2551 2781 2604 de

483 2622 867 2694 cleopatride,
906 2621 1112 2691 oppido
1151 2621 1397 2692 Aegypti
1433 2623 1493 2677 in
1531 2625 1737 2682 vicinia
1775 2627 1962 2683 Troici
1999 2626 2202 2682 montis
2243 2625 2378 2692 sito,
2426 2629 2637 2700 egisse,
2680 2631 2785 2684 sed

479 2705 816 2759 insolentem
879 2701 1355 2756 nomenclaturam
1423 2703 1627 2760 Suidae
1690 2705 1929 2763 fortasse
1993 2705 2248 2762 inscitiae
2323 2706 2515 2763 deberi
2579 2712 2774 2766 monet

488 2783 820 2838 Gutschmid.

630 2880 683 2931 p.
725 2868 825 2915 156
869 2855 1166 2929 Ὀρφεύς.
1215 2862 1434 2918 Arcada
1463 2863 1745 2932 Orpheum
1779 2867 1995 2921 dictum
2034 2883 2180 2934 esse,
2219 2866 2353 2934 quia.
2389 2867 2662 2936 originem
2704 2871 2779 2923 ab

487 2941 877 2997 Atlantiadum
915 2957 1027 2995 una
1061 2942 1120 2996 in
1159 2942 1404 2997 Arcadia
1437 2947 1701 3000 natarum
1738 2946 1929 3010 duxit,
1970 2945 2110 3000 vidit
2152 2945 2502 3011 thschmid3
2548 2946 2623 3000 ib.
2662 2947 2777 3001 for-

485 3027 634 3078 tasse
682 3038 749 3077 ex
785 3021 1042 3076 Eustath.
1081 3021 1144 3076 11.
1184 3040 1238 3091 p.
1278 3028 1410 3092 299,
1449 3031 1478 3079 7
1529 3017 1608 3078 ὧν
1645 3025 1742 3080 καὶ
1781 3021 1812 3081 ὁ
1849 3027 2074 3079 Κίκων
2110 3019 2349 3093 Ὀρφεύς
2392 3024 2541 3092 (coll.
2582 3024 2779 3093 Steph.

493 3103 718 3172 Byz.'p.
749 3109 850 3157 372
880 3101 1072 3170 Mein.)
1108 3118 1346 3171 reponas
1384 3105 1610 3158 Κίκων
1648 3122 1750 3173 pro
1787 3110 2109 3168 Κικοναῑος.

623 3211 676 3260 p.
721 3197 821 3246 159
861 3192 1139 3260 Παλαίφ
1152 3190 1325 3262 αξτος.
1393 3192 1735 3248 Fabularum
1765 3195 2197 3250 Romanensium
2235 3195 2382 3249 hunc
2418 3194 2771 3248 conditorem

487 3271 658 3326 fuisse
697 3270 1008 3342 suspicatur
1046 3271 1383 3327 Gutschmid.

622 3380 676 3430 p.
719 3366 820 3415 166
860 3364 920 3413 Π
926 3380 950 3414 ε
967 3361 994 3413 ί
997 3362 1307 3428 σανδρος.
1360 3361 1468 3416 Sed
1496 3363 2013 3434 Pseudopisandrea
2040 3377 2142 3432 pro
2170 3362 2324 3416 foetu
2352 3366 2559 3431 poetae
2588 3365 2781 3419 aetate

491 3441 712 3494 tantum
751 3457 864 3495 non
901 3440 1155 3510 supparis
1192 3441 1390 3496 haberi
1425 3443 1675 3513 potuisse
1712 3446 1885 3515 negat
1912 3443 2245 3497 Gutschmid.

625 3545 678 3596 p,
723 3535 823 3582 170
861 3525 1146 3583 Πλάτων
1184 3531 1218 3586 l.
1251 3537 1316 3585 27
1357 3527 1571 3600 Δάμων
1601 3565 1664 3573 -
1699 3528 1995 3602 Εὔανδρος
2029 3532 2119 3599 (ex
2146 3528 2512 3599 Porphyriov)
2549 3529 2782 3587 aliunde

481 3625 590 3664 non
641 3609 764 3662 noti
809 3611 1067 3664 tacentur
1114 3612 1172 3665 et
1216 3628 1250 3665 a
1288 3611 1512 3666 Laertio
1561 3617 1621 3668 et
1656 3630 1689 3668 a
1727 3612 1999 3681 scriptore
2046 3609 2247 3664 indicis
2292 3609 2349 3662 in
2394 3607 2512 3664 Vol.
2553 3609 2781 3676 Hercul,

486 3689 718 3756 servat13
757 3689 858 3744 sed
891 3692 1225 3760 Μοσχίωνος
1260 3689 1540 3747 Platonici
1577 3694 1811 3747 fortasse
1857 3689 2070 3746 mentio
2108 3689 2317 3744 iniecta
2353 3684 2476 3744 erat
2511 3689 2587 3745 ib.
2625 3693 2782 3760 apud

491 3769 778 3823 Bficheler.
816 3768 852 3824 1.
894 3787 939 3823 c.
979 3789 1032 3839 p.
1069 3777 1133 3825 18
1173 3771 1320 3839 (coll.
1359 3770 1566 3840 XXXI,
1608 3781 1635 3828 1
1668 3774 1819 3843 seq.).

622 3876 676 3927 p.
721 3864 819 3912 172
861 3861 1210 3921 Πλωτῑνος
1245 3860 1280 3913 l.
1324 3865 1355 3914 5
1394 3851 1462 3916 οὖ
1502 3859 1830 3930 Πορφύριος
1876 3857 2178 3930 διήκουσεν
2219 3853 2313 3913 ἐπὶ
2355 3859 2640 3926 Γαλιηνοῦ
2678 3860 2785 3914 καὶ

485 3934 771 4006 διέμεινεν
809 3933 939 4006 ἄχρι
976 3934 1194 4008 χρόνων
1232 3935 1302 4005 ζ’.
1377 3938 1611 4010 γηραιὸς
1657 3940 1721 3997 δὲ
1770 3935 1848 3995 ὧν
1886 3937 2153 4005 συνέταξε
2202 3938 2309 3992 del.
2349 3937 2535 3992 verbis
2572 3940 2673 3994 τοῦ
2710 3939 2783 3994 δὲ

476 4011 648 4088 Ἰάμβ.
672 4049 737 4058 --
759 4013 1069 4086 Σώπατρος
1098 4022 1156 4074 et
1174 4020 1545 4090 Porphyrium
1574 4021 1885 4076 subiectum
1912 4019 2248 4088 intellegens
2278 4017 2420 4072 coni.
2440 4017 2511 4071 A.
2534 4017 2782 4086 Richter,

481 4095 745 4166 Neuplat.
787 4099 941 4153 Stud.
981 4101 1005 4153 1
1047 4119 1101 4170 p.
1133 4106 1220 4154 28.
1295 4101 1567 4156 Voculam
1617 4092 1684 4157 οὗ
1732 4100 1973 4155 editores
2020 4101 2151 4153 ante
2198 4098 2620 4168 Bernhardyum
2665 4116 2785 4154 non

483 4177 556 4229 ad
591 4176 876 4233 Plotinum
915 4180 1011 4234 sed
1049 4180 1124 4234 ad
1160 4179 1439 4234 Amelium
1476 4199 1771 4251 perperam
1806 4179 2168 4244 rettulerunt,
2207 4177 2355 4232 unde
2394 4178 2565 4232 etiam
2601 4177 2781 4248 ipsius

485 4253 687 4310 Suidae
726 4275 878 4313 error
917 4277 968 4314 v.
1013 4253 1253 4327 Ἀμέλιος
1295 4262 1354 4314 et
1389 4257 1719 4330 Πορφύριος
1767 4260 1919 4312 ortus
1958 4259 2061 4313 est.
2138 4256 2228 4311 Sic
2276 4251 2339 4319 ὃς
2385 4259 2687 4326 usurpatur
2725 4277 2781 4313 v.

479 4327 832 4404 Ἀπολλωνιος
865 4333 978 4410 ist,
1011 4333 1353 4411 Ἀρίσταρχος
1393 4345 1524 4416 Τεγ.
1563 4341 1636 4395 al.
1709 4337 1977 4394 Similiter
2015 4336 2187 4394 etiam
2226 4327 2389 4400 οὗτος
2425 4339 2577 4416 apud
2605 4339 2781 4399 Laer-
