3025 4892
1193 221 1623 277 HESYCHIUS.
1794 273 1808 282 ,
2517 219 2559 284 3

442 383 556 451 VI.
610 379 990 467 Ἀγάπιος.
1067 373 1264 461 οὗτος
1299 373 1387 468 ἦν
1429 378 1901 470 Ἀλεξανδρεὺς
1935 379 2058 467 μὲν
2104 379 2179 448 τὸ
2225 382 2441 468 γένος,
2488 382 2560 450 ἐκ

241 490 523 554 παίδων
569 485 644 554 a}
690 485 918 573 λόγοις
961 487 1313 574 ἐντραφεὶς
1358 488 1768 576 ἐλευθερίοις
1812 486 1923 554 καὶ
1970 491 2286 574 ἰατρικῶν
2342 497 2557 575 μαθης-

243 592 489 680 μάτων
527 592 843 680 ἐξηγητὴς
887 593 1208 682 γεγονώς,
1263 593 1583 664 ἀνελθών
1630 598 1723 674 εἰς
1766 591 1842 662 τὸ
1891 592 2261 674 Βυζάντιον
2308 598 2558 683 διατρι-

239 698 392 787 βήν
444 725 513 767 τε
569 698 981 787 συνεπήξατο
1037 699 1214 788 μάλα
1273 703 1637 792 διαπρεπῆ,
1692 699 1959 788 φύσεώς
2010 726 2080 768 τε
2133 701 2401 787 μεγέθει
2447 702 2558 769 καὶ

249 806 587 894 δεξιότητι
632 805 834 893 τύχης
882 807 1328 894 χρησάμενος,
1374 805 1650 888 ἔνδοξός
1693 832 1764 874 τε
1813 807 1917 875 ἐπὶ
1962 809 2042 895 τῇ
2078 807 2276 897 τέχνῃ
2323 811 2558 894 γέγονε
2586 827 2612 868 ⁵

247 915 374 982 καὶ
419 912 719 1002 χρήματα
756 916 1006 999 μεγάλα
1053 919 1460 1002 συνείλοχεν.

436 1023 583 1089 VII.
650 1018 1071 1106 Ἀδριανός
1116 1019 1469 1108 σοφιστής,
1516 1020 1825 1109 μαθητὴς
1858 1018 2203 1110 Ἡρώδου,
2260 1017 2559 1108 ἀκμάσας

249 1129 364 1196 ἐπὶ
412 1126 700 1214 Μάρκου
741 1125 1178 1213 Ἀντωνίνου,
1236 1123 1758 1216 ἄντισχολαστὴς
1806 1126 2215 1214 Ἀριστείδου
2267 1132 2393 1196 τοῦ
2448 1126 2559 1216 ῥή-

247 1261 457 1320 τορος
503 1235 577 1301 ἐν
615 1233 934 1322 Ἀθήναις
977 1233 1358 1320 γενόμενος.
1450 1236 1881 1322 ἐσοφίστευσε
1938 1233 2014 1304 δὲ
2068 1235 2178 1302 καὶ
2225 1231 2387 1302 κατὰ
2436 1233 2558 1321 τὴν

233 1339 542 1428 Ῥῶμην,
600 1342 712 1409 καὶ
769 1338 1216 1428 ἀντιγραφεὺς
1260 1343 1397 1409 τῶν
1453 1341 1821 1409 ἐπιστολῶν
1865 1337 1999 1408 ὑπὸ
2044 1339 2373 1429 Κομόδου
2416 1342 2556 1426 έγέ-
2586 1361 2638 1400 1⁰

247 1474 432 1516 νετο.
521 1449 793 1536 μελέτας
837 1448 949 1516 καὶ
994 1448 1543 1536 μεταμορφώσεις
1587 1449 1661 1516 ἐν
1707 1453 1994 1534 βιβλίοις
2040 1448 2111 1534 ζ’,
2158 1449 2308 1538 περὶ
2356 1451 2557 1515 ἰδεῶν

247 1555 468 1642 λόγου
513 1557 588 1623 ἐν
633 1561 921 1642 βιβλίοις
965 1555 1037 1641 ε’,
1091 1555 1242 1643 περὶ
1297 1558 1436 1622 τῶν
1489 1556 1565 1622 έν
1609 1567 1754 1634 ταῖς
1799 1553 2113 1623 στάσεσιν
2168 1554 2553 1643 ἰδιωμάτων

245 1664 328 1730 ἐν
377 1668 662 1748 βιβλίοις
706 1662 790 1749 γ’,
838 1660 1186 1741 ἐπιστολὰς
1227 1662 1339 1729 καὶ
1375 1659 1623 1748 λόγους
1667 1661 2175 1747 ἐπιδεικτικούς,
2228 1661 2556 1747 Φάλαριν,
2666 1667 2674 1677 ’

249 1768 820 1858 παραμυθητικὸν
865 1775 961 1850 εἰς
1005 1771 1284 1856 Κέλερα.

435 1878 614 1946 VIII.
663 1874 1089 1963 Ἀθήναιος
1115 1882 1585 1964 Ναυκρατίτης
1610 1877 2091 1965 γραμματικός,
2128 1874 2421 1964 γεγονῶς
2448 1877 2554 1944 ἐπὶ
2588 1901 2639 1942 15

246 1987 398 2051 τῶν
434 1982 703 2071 χρόνων
742 1985 1050 2072 Μάρκου.
1125 1987 1372 2070 ἔγραψε
1409 1987 1678 2068 βιβλίον
1716 1981 1933 2070 ὄνομα
1962 1989 2559 2071 Δειπνοσοφισταί,

247 2092 352 2180 ἐν,
401 2081 455 2177 ᾧ
519 2089 926 2178 μνημονεύει
995 2087 1144 2158 ὅσοι
1207 2093 1345 2158 τῶν
1407 2093 1718 2159 παλαιῶν
1779 2090 2258 2178 μεγαλοψύχως
2321 2093 2559 2172 ἔδοξαν

255 2198 510 2266 ἑστιᾶν.
604 2193 668 2282 [ὁ
732 2198 935 2284 μέγας
985 2195 1418 2283 Ἀλέξανδρος
1471 2193 1789 2283 κάκείνην
1845 2197 2123 2285 νικήσας
2182 2203 2558 2286 ναυμαχίαν

249 2306 864 2389 Λακεδαιμονίους,
901 2304 1012 2372 καὶ
1057 2309 1344 2389 τειχίσας
1378 2301 1501 2371 τὸν
1540 2307 1829 2391 Πειραιᾶ
1866 2303 2391 2394 καὶὶὲκατόμβην
2430 2303 2551 2372 θύ-

247 2430 379 2490 σας
421 2411 676 2491 πάντας
722 2416 1052 2479 εἷστίασεν
1103 2407 1520 2496 Ἀθηναίους.
1611 2411 1722 2477 καὶ
1766 2407 2191 2498 ,Ἀλκιβιάδης
2236 2408 2558 2498 Ὀλύμπια
2586 2435 2640 2476 20

245 2517 535 2606 νικήσας
578 2517 703 2604 τὴν
746 2517 1130 2606 πανήγυριν
1187 2514 1454 2584 ἅπασαν
1510 2520 1815 2588 εἱστίασε.
1904 2529 1979 2586 τὸ
2028 2516 2193 2586 αὐτὸ
2238 2518 2363 2584 καὶ.
2392 2517 2557 2584 Λεό-

245 2651 454 2714 φρων
501 2622 996 2712 ὀλυμπιονίκης.
1085 2623 1196 2691 καὶ
1236 2620 1685 2710 Ἐμπεδοκλῆς
1734 2621 1771 2691 ὁ
1815 2622 2358 2713 Ἀκραγαντῖνος,
2417 2632 2558 2692 Πυ-

397 2839 477 2894 VI
523 2839 676 2895 Eud.
724 2858 778 2910 p.
827 2845 898 2894 84
941 2837 1089 2892 inter
1132 2836 1378 2891 medicos
1423 2838 1573 2892 hune
1611 2838 1892 2910 Agapium
1938 2856 2269 2895 enumerans
2312 2840 2559 2894 breviter

247 2921 474 2974 narrata:
516 2913 806 2989 ἐξηγήσεις
842 2919 1102 2980 πλείστας
1133 2914 1398 2984 ἰατρικῶν
1426 2915 1782 2990 μαθημάτων
1811 2917 2162 2989 συνέγραψε,
2198 2936 2343 2990 quae
2376 2919 2557 2990 magis

245 3000 603 3070 Hesychium
639 3000 918 3068 redolenss,
955 3013 1126 3067 quam
1155 2995 1404 3051 Suidana
1539 3005 1570 3052 2
1608 3017 1710 3069 pro
1750 2999 2014 3069 ἰατρικῶν
2052 3018 2121 3056 ex
2150 3001 2310 3055 Phot.
2340 2999 2477 3055 bibl.
2518 3000 2554 3054 1.

252 3098 298 3134 e.
343 3077 658 3150 ῥητορικῶν
695 3080 786 3136 vel
821 3078 1224 3150 γραμματικῶν
1263 3077 1404 3131 coni.
1443 3079 1798 3152 Bernhardy,
1845 3077 2137 3150 ἰστορικῶν
2184 3081 2373 3135 Daub.
2446 3079 2557 3136 Sed

249 3177 384 3214 cum
432 3161 684 3216 Eudoeia
727 3160 1007 3216 medicum
1053 3176 1182 3214 eum
1235 3157 1407 3213 fuisse
1462 3159 1641 3227 dicat,
1696 3176 1809 3215 non
1856 3164 1944 3217 est
1987 3163 2135 3230 quod
2183 3162 2552 3232 corrigamus3

249 3258 390 3295 nam
437 3241 611 3296 etiam
651 3241 898 3309 Gesium,
946 3241 1017 3295 de
1055 3257 1164 3309 quo
1202 3238 1531 3294 Damascius
1568 3240 1605 3294 l.
1644 3257 1691 3296 c.
1728 3242 1901 3311 paulo
1936 3242 2085 3296 infra
2122 3241 2459 3313 disputavit»,
2498 3245 2558 3296 et

248 3322 539 3376 medicum
583 3325 643 3378 et
690 3321 1093 3392 philosophum
1139 3319 1312 3374 fuisse
1359 3322 1596 3376 constat.
1688 3319 1947 3377 Ceterum
1996 3322 2224 3378 Suidam
2278 3322 2451 3378 etiam
2503 3340 2555 3379 v.

253 3398 457 3472 Νόμος
503 3403 566 3457 et.
599 3397 839 3456 Ὗπατία
877 3401 1117 3456 eundem
1162 3397 1444 3470 Agapium
1480 3401 1741 3458 laudasse
1776 3403 2000 3458 monuit
2032 3403 2327 3459 Reimsius

402 3481 506 3536 VII
543 3483 694 3537 Eud.
734 3501 786 3552 p.
827 3487 922 3552 85,
969 3496 1112 3551 quae
1148 3479 1365 3551 incipit]
1380 3475 1514 3551 Ἅδρ.
1556 3477 1619 3536 ἐκ
1654 3479 1870 3546 πόλεως
1911 3480 2101 3554 Τύρου
2138 3485 2237 3553 τῆς
2274 3485 2556 3554 Φοινίκης,

251 3567 400 3633 μαθ.
440 3559 660 3632 Ἡρωδ.,
706 3557 982 3632 άντισχολ.
1025 3555 1123 3630 Ἀρ.
1173 3581 1218 3615 τ.
1267 3556 1388 3629 ᾆήτ.
1437 3557 1500 3616 ἐν
1533 3557 1643 3618 Ἀθ.
1682 3583 1816 3633 rev„
1859 3562 2059 3618 deinde
2098 3581 2335 3634 pergens
2369 3563 2556 3618 Philo·
2607 3555 2613 3561 ’

250 3645 412 3698 strat.
443 3642 558 3699 vit.
599 3642 768 3712 Soph.
809 3642 876 3710 ΙΙ,
918 3647 984 3695 10
1021 3640 1348 3711 compilavit
1384 3643 1444 3695 et
1479 3643 1583 3697 sub
1618 3643 1709 3697 fin.
1750 3641 1964 3712 ἔγραψε
2004 3642 2237 3714 μελέτας
2274 3663 2387 3713 seq.
2430 3661 2555 3698 cum

253 3721 462 3776 Suidae
507 3721 694 3776 verbis
739 3720 1110 3789 congruentia
1156 3720 1399 3775 exhibet.
1474 3721 1557 3778 Cf.
1603 3741 1656 3778 v.
1690 3717 2020 3791 Ἀριστείδης
2056 3727 2115 3778 et
2142 3718 2391 3794 Ἡρώδης
2425 3719 2555 3778 Ἰού-

249 3806 387 3864 λιος.
518 3808 549 3856 ’1
588 3796 850 3871 άκμάσας
887 3799 950 3855 δὲ
989 3803 1134 3872 vuly.
1174 3799 1238 3857 δὲ
1277 3819 1385 3857 om.
1422 3807 1582 3854 3211
1707 3808 1768 3857 11
1811 3800 2025 3873 ἔγραψε
2066 3807 2181 3873 μελ.
2217 3805 2363 3873 vuly.
2401 3801 2553 3857 Eud.

255 3881 472 3952 ἔγραψε
498 3899 621 4016 ἑοῖο.
650 3887 697 3935 A
893 3884 1102 3956 βίβλοις
1135 3883 1228 3938 hio
1265 3885 1325 3940 et
1357 3883 1505 3938 infra.
1541 3887 1588 3935 A
1796 3889 1860 3938 12
1902 3880 1965 3938 ἐν
2002 3886 2135 3939 ante
2171 3901 2325 3938 στασ.
2365 3899 2471 3937 om.
2510 3887 2554 3933 A

255 3968 322 4016 13
363 3961 459 4015 καὶ
527 3982 561 4015 ν
598 3966 645 4014 A

398 4040 530 4097 VIII
565 4041 648 4096 De
685 4041 954 4112 Hesychii
989 4043 1230 4098 articulo
1269 4043 1384 4098 dixi
1421 4043 1561 4099 Mus.
1592 4044 1770 4098 Rhen.
1802 4044 2009 4098 XXXV
2043 4063 2099 4115 p.
2128 4050 2233 4099 202
2363 4049 2427 4097 15
2470 4043 2554 4099 cf.

253 4123 458 4178 Athen.
497 4121 602 4177 VII
637 4140 692 4192 p.
727 4127 827 4175 301
1012 4117 1106 4176 ἐπὶ
1149 4123 1263 4176 τῶν
1307 4119 1523 4191 χρόνων
1560 4120 1807 4192 Μάρκου
1847 4121 2167 4178 caracallae
2211 4123 2555 4191 temporibus

253 4203 572 4272 significare
615 4202 900 4272 perspexiss
935 4202 1160 4269 Rohde‚
1199 4201 1339 4259 Mus.
1377 4203 1551 4258 Rhen.
1582 4202 1822 4257 XXXIII
1857 4221 1912 4272 p.
1947 4209 2046 4257 172
2197 4209 2261 4257 17
2303 4203 2555 4271 Sequun-

252 4285 349 4338 tur
383 4285 516 4353 post
548 4281 816 4352 Hesychii
853 4282 1030 4338 vitam
1067 4287 1331 4354 excerpta.
1371 4301 1440 4339 ex
1473 4284 1764 4340 Athenaeo
1805 4282 1831 4334 I
1858 4301 1911 4351 p.
1942 4289 1993 4351 3,
2031 4298 2174 4351 quae
2200 4283 2313 4353 ipsi
2350 4282 2555 4337 Suidae

253 4364 556 4433 debentur,
595 4362 832 4417 fortasse
869 4362 1039 4418 etiam
1080 4359 1143 4418 ἐν
1181 4356 1225 4437 ᾧ
1263 4384 1428 4435 μνημ.
1467 4381 1582 4433 seq.

2060 4453 2129 4505 1*
