3025 4892
550 196 678 261 100
1474 196 1901 259 HESYCHIUS.

721 356 1177 425 GCOLXXIV.
1249 365 1363 445 Θη
1387 357 1594 439 σεὺς
1632 358 1979 446 ἱστορικός.
2055 364 2248 444 βίους
2285 356 2580 439 ἐνδόξων
2617 360 2687 427 ἐν
2732 367 2821 445 βι-

541 469 756 549 βλίοις
802 461 881 549 ε’,
928 462 1358 551 Κορινθιακὰ
1405 468 1477 533 ἐν
1527 471 1814 551 βιβλίοις
1868 464 1960 550 γ’,
2006 467 2081 532 ἐν
2127 456 2182 555 ᾦ
2232 469 2431 552 δηλοῖ
2473 464 2595 553 τὴν
2639 466 2820 534 κατά-

544 588 779 637 στασιν
825 573 948 636 τοῦ
989 569 1381 657 Ἰσθμιακοῦ
1429 570 1712 657 άγῶνος.

720 695 1137 762 CCCLXXV.
1201 699 1712 783 Θουκυδίδης
1764 694 2044 784 Ὀλόρου
2085 693 2465 783 Ἀθηναῖος,
2512 702 2712 765 παῖδα
2754 699 2819 766 δὲ

489 826 515 866 5
545 807 691 889 ἔσχε
745 801 1099 888 Τιμόθεον.
1163 795 1250 887 ἦν
1298 802 1372 870 δὲ
1418 800 1549 870 άπὸ
1598 802 1720 889 μὲν
1766 802 2015 890 πατρὸς
2062 807 2446 873 Μιλτιάδου
2487 810 2609 874 τοῦ
2645 826 2819 894 στρα-

540 913 747 996 τηγοῦ
803 908 878 977 τὸ
934 911 1128 994 γένος
1175 910 1415 994 ἕλκων,
1476 905 1605 977 άπὸ
1656 908 1731 977 δὲ
1777 908 2024 997 μητρὸς
2063 907 2341 998 Ὀλόρου
2386 917 2511 980 τοῦ
2555 918 2820 1002 Θρᾳκῶν

539 1018 885 1103 βασιλέως,
941 1006 1244 1102 μαθητὴς
1283 1012 1745 1102 Ἀντιφῶντος.
1818 1014 2061 1102 ἤκμαζε
2106 1018 2268 1085 κατὰ
2315 1018 2440 1106 τὴν
2476 1021 2592 1102 ἰζ’
2638 1020 2817 1107 ὀλυμ-

541 1123 766 1191 πιάδα.
877 1129 1122 1210 ἔγραψε
1191 1122 1266 1190 δὲ
1335 1122 1457 1191 τὸν
1531 1122 1824 1209 πόλεμον
1887 1127 2025 1192 τῶν
2092 1132 2663 1213 Πελοποννησίων
2720 1128 2819 1195 καὶ

535 1226 933 1316 Ἀθηναίων.
1002 1221 1228 1314 [οὗτος
1272 1228 1561 1315 ’ἤκουσεν
1611 1234 1705 1296 ἔτι
1748 1243 1903 1308 παῖς
1937 1230 2293 1318 τυγχάνων
2319 1230 2689 1345 Ἡροδίυυ
2724 1234 2815 1301 ἐπὶ

462 1367 513 1406 10
539 1340 655 1422 τῆς
694 1332 1046 1422 Ὀλυμπίας
1088 1335 1204 1415 τὰς
1250 1339 1547 1423 ἱστορίας
1597 1337 2031 1424 διερχομένου
2072 1334 2150 1417 ἃς
2187 1340 2672 1425 συνεγράψατο,
2714 1340 2812 1407 καὶ

537 1442 839 1527 κινηθεὶς
895 1439 1029 1511 ὑπό
1084 1470 1269 1522 τινος
1324 1444 1829 1528 ἐνθουσιασμοῦ
1883 1436 2139 1530 πλήρης
2186 1445 2501 1532 δακρύων
2550 1448 2808 1533 ἐγένετο.

537 1548 648 1615 καὶ
723 1547 758 1617 ὁ
817 1546 1182 1638 Ἡρόδοτος
1244 1548 1663 1636 κατανοήσας
1735 1549 1858 1637 τὴν
1932 1548 2143 1619 αὐτοῦ
2208 1552 2420 1639 φύσιν
2486 1552 2649 1642 πρὸς
2709 1552 2814 1620 τὸν

538 1657 786 1742 πατέρα
823 1661 1253 1725 Θουκυδίδου
1279 1655 1570 1743 ’Όλορον
1620 1662 1745 1743 ἔφη
1794 1658 1813 1687 ‘
1826 1665 2160 1746 μακαρίζω
2210 1678 2283 1728 σε
2324 1664 2442 1746 τῆς
2478 1658 2814 1743 εὐτεκνίας,

519 1762 780 1850 Ὅλορε·
852 1762 886 1831 ὁ
954 1763 1083 1851 γὰρ
1145 1762 1261 1844 σὸς
1315 1762 1466 1843 υἱὸς
1522 1761 1833 1851 ὀργῶσαν
1890 1768 2022 1852 ἔχει
2078 1763 2201 1852 τὴν
2256 1765 2481 1854 ψυχὴν
2538 1767 2699 1854 πρὸς
2746 1763 2816 1833 τὰ

461 1900 513 1941 15
544 1868 908 1957 μαθήματα
923 1872 961 1938 ’.
1051 1871 1162 1938 καὶ
1211 1869 1335 1937 οὐκ
1380 1869 1680 1955 ἐψεύσθη
1729 1896 1802 1955 γε
1848 1873 1964 1957 τῆς
2008 1870 2456 1958 ἀποφάσεως]

715 1967 938 2059 [οὗτος
995 1975 1031 2045 ὁ
1089 1980 1512 2063 Θουκυδίδης
1572 1974 1745 2063 ἀνὴρ
1802 1968 1890 2062 ἦν
1953 1977 2162 2057 πολὺς
2210 1994 2354 2059 ταῖς
2405 1981 2663 2068 τέχναις
2717 1978 2814 2046 καὶ

533 2082 759 2150 κάλλει
807 2082 1030 2170 λόγων
1075 2083 1187 2150 καὶ
1233 2081 1536 2171 ἀκριβείᾳ
1573 2081 1978 2168 πραγμάτων
2015 2085 2127 2151 καὶ
2167 2099 2631 2171 στρατηγικαῖς
2665 2105 2810 2170 συμ-

535 2194 840 2274 βουλίαις
881 2189 993 2258 καὶ
1039 2201 1527 2275 πανηγυρικαῖς
1572 2185 2024 2273 ὑποθέσεσιν]

713 2304 1163 2372 CCCLXXVI.
1237 2302 1761 2389 Θρασύμαχος
1820 2300 2280 2388 Χαλκηδόνιος
2335 2304 2659 2392 σοφιστὴς
2710 2308 2813 2390 τῆς

454 2444 506 2483 20
535 2412 608 2478 ἐν
655 2416 952 2501 Βιθυνίᾳ
990 2407 1443 2497 Χαλκηδόνος,
1493 2406 1568 2488 ὃς
1613 2413 1872 2496 πρῶτος
1908 2412 2227 2497 περίοδον
2273 2412 2382 2479 καὶ
2421 2416 2643 2480 κῶλον
2676 2437 2806 2479 κατ·

523 2510 760 2603 ἔδειξε,
806 2518 914 2585 καὶ
960 2514 1080 2584 τὸν
1119 2519 1249 2585 νῦν
1294 2521 1410 2601 τῆς
1457 2518 1811 2604 ῥητορικῆς
1852 2514 2105 2602 τρόπον
2145 2518 2565 2605 εἰσηγήσατο,
2611 2527 2811 2605 μαθη-

531 2621 649 2710 τὴς
695 2623 1064 2703 Πλάτωνος
1120 2628 1244 2691 τοῦ
1298 2623 1686 2711 φιλοσόφου
1740 2624 1850 2690 καὶ
1894 2619 2312 2712 Ἰσοκράτους
2356 2630 2480 2693 τοῦ
2527 2624 2808 2714 ῥήτορος.

676 2818 1036 2874 CCCLXXIV
1073 2820 1223 2876 Eud.
1262 2838 1317 2889 p.
1357 2824 1478 2873 3⁷⁷.
1547 2816 1628 2874 Cf.
1666 2817 1870 2874 Mfiller
1908 2818 1986 2872 IV
2020 2838 2074 2889 p.
2115 2826 2245 2890 518,
2284 2821 2473 2891 Daub,
2512 2821 2681 2876 Slzud..
2706 2840 2754 2891 p.
2782 2825 2811 2872 4

537 2906 565 2955 1
617 2897 828 2971 ἔγραψε
873 2896 1003 2963 τοὺς
1038 2901 1149 2954 τῶν
1189 2896 1303 2955 ἔνδ.
1342 2899 1493 2955 Eud.
1531 2902 1665 2969 posia
1713 2896 1960 2965 ἐνδόξων
1999 2902 2320 2971 genetivum
2358 2902 2600 2957 nominis
2649 2902 2809 2957 cuius-

532 2981 684 3051 piam
723 2982 1079 3038 desiderabat
1113 2981 1472 3051 Bernhardy,
1516 2978 1963 3050 improbantibus
2000 2980 2227 3037 Daubio
2263 2985 2323 3037 et
2358 2982 2727 3039 Gutsekmidio

533 3067 564 3115 2
605 3064 988 3130 κορινθιακῶν
1025 3060 1159 3115 libri
1195 3057 1555 3132 Κορινθιακά
1606 3077 1744 3115 corr.
1786 3060 1997 3114 Μᾱῐῑεν
2031 3059 2423 3131 Κορινθιακόν
2460 3064 2628 3119 Daub

533 3146 564 3193 3
611 3135 895 3210 Ἰσθμικοῦ
931 3147 974 3193 Ε
1011 3140 1164 3195 Eud.
1215 3139 1437 3211 ἰσμικοῦ
1475 3146 1535 3194 Δ.
1594 3140 1781 3195 Verba
1828 3135 1890 3193 ἐν
1938 3132 1981 3213 ᾧ
2024 3171 2087 3179 -
2127 3140 2257 3195 exit.
2305 3141 2451 3196 forte
2501 3143 2696 3197 lectori
2729 3141 2809 3195 de·

531 3219 654 3275 beri
690 3220 1004 3289 suspicatus
1042 3218 1189 3288 snm3
1239 3217 1300 3275 ἐν
1339 3219 1424 3283 οἷς
1460 3219 1559 3274 καὶ
1595 3220 1724 3288 περὶ
1762 3216 2155 3283 καταστάσεως
2190 3218 2236 3275 τ’.
2272 3216 2326 3277 Ἰ.
2366 3216 2458 3291 άγ.
2496 3223 2647 3279 Eud.
2694 3222 2805 3277 fort.

533 3297 616 3363 οἷς
652 3316 755 3369 pro
794 3292 836 3371 ᾦ
881 3301 1081 3371 corrig.

682 3380 1018 3435 CCCLXXV
1055 3381 1206 3437 Eud.
1244 3399 1300 3450 p.
1330 3387 1433 3435 3⁷⁷
1580 3386 1615 3434 4
1648 3375 1829 3448 Ἀθην.
1869 3383 2010 3449 μαθ.
2045 3375 2244 3449 Ἅντιφ.
2274 3381 2425 3437 Eud.
2468 3384 2566 3438 rel.
2608 3380 2808 3438 omissis

532 3459 606 3515 ad
644 3455 967 3530 ὀλυμπιάδα
1095 3467 1127 3516 5
1166 3455 1372 3531 μητρὸς
1399 3463 1562 3514 Μιλτ.
1595 3492 1661 3500 -
1693 3457 1905 3529 πατρὸς
1936 3455 2164 3531 Ὀλόρου
2202 3462 2346 3531 vulg).
2386 3466 2599 3517 rectam
2627 3459 2803 3517 lectio-

529 3559 660 3596 nem
699 3541 1006 3596 offerebanlz
1033 3546 1237 3594 AVBB
1276 3535 1389 3595 άπὸ
1429 3542 1559 3593 ante
1588 3544 1751 3595 Μιλτ.
1784 3543 1842 3595 et
1872 3535 1976 3595 Ὀλ.
2007 3540 2367 3596 desiderabat.
2385 3543 2806 3599 Hemsterhusius

525 3615 763 3692 Ὀλῶρου
801 3626 952 3674 AVB
1125 3627 1158 3676 8
1197 3625 1405 3676 Πελοπ.
1445 3619 1544 3674 καὶ
1585 3615 1693 3675 Ἀθ.
1734 3618 1853 3676 πόλ.
1893 3621 2045 3675 Eud.
2093 3637 2331 3691 pergens
2381 3619 2587 3690 ἤκουσε
2636 3622 2698 3678 δὲ
2736 3619 2804 3675 ἔτι

530 3707 664 3764 παῖς
701 3697 994 3771 τυγχάνων
1032 3702 1129 3758 καὶ
1158 3697 1464 3772 “Ηροδότου
1501 3700 1602 3754 rel.
1637 3699 1858 3755 omissis
1987 3707 2018 3755 9
2058 3693 2224 3765 οὗτος
2254 3734 2319 3742 -
2349 3698 2691 3773 άποφάσεως
2723 3721 2802 3759 ac—

531 3779 701 3835 cessib
737 3798 804 3835 ex
839 3781 1002 3838 Phot.
1037 3781 1174 3838 bibl.
1212 3800 1266 3851 p.
1299 3786 1365 3835 19
1404 3780 1494 3836 vel
1532 3780 1630 3835 vib.
1659 3779 1967 3836 Marcellin.
2006 3799 2060 3851 p.
2095 3787 2195 3836 198
2225 3782 2539 3851 Westerm„
2579 3802 2681 3841 neo
2715 3783 2801 3838 mi-

528 3878 632 3915 nus
668 3854 834 3923 οὗτος
872 3893 936 3901 -
974 3856 1323 3917 ὑποθέσεσιν
1361 3878 1428 3915 ex
1463 3860 1561 3915 vit.
1602 3860 1910 3917 Marcellin.
1950 3880 2003 3932 p.
2037 3866 2139 3917 186
2168 3866 2220 3930 (ξ
2254 3866 2303 3931 1)
2441 3862 2732 3933 Ἡρόδοτος
2763 3866 2800 3913 V

533 3945 600 3993 10
637 3938 882 4010 ἰστορίας
920 3938 1098 3997 αὑτοῦ
1133 3943 1280 4011 vuly.
1317 3935 1498 3995 αὑτοῦ
1539 3957 1643 3995 om.
1684 3946 1887 3994 ABVE
2033 3938 2397 4011 διερχόμενος
2432 3948 2581 3999 BVE

534 4025 600 4074 15
637 4014 1017 4090 ἀποφάνσεως
1051 4025 1216 4093 vuly„
1255 4038 1323 4076 ex
1359 4022 1484 4077 Par.
1526 4036 1664 4077 corr.
1704 4021 1979 4075 Kusterus
2106 4028 2170 4075 16
2208 4021 2306 4074 καὶ
2342 4024 2475 4077 ante
2512 4019 2701 4079 κάλλει
2732 4023 2801 4076 in-

528 4100 674 4155 serui
711 4105 934 4157 secutus
968 4103 1421 4173 Bernhardywm,
1460 4118 1569 4155 om.
1608 4101 1766 4170 libri,
1803 4119 1862 4154 τε
1901 4101 2030 4169 post
2064 4094 2252 4154 κάλλει
2288 4101 2507 4155 mavult
2541 4103 2706 4157 Daub

673 4180 1035 4238 CCCLXXVI
1071 4184 1222 4238 Eud.
1261 4202 1315 4253 p.
1356 4187 1475 4236 374.
1555 4180 1634 4238 Of.
1672 4182 1859 4248 Elaea,
1897 4180 2015 4233 Atfi.
2054 4180 2248 4236 Bered.
2277 4179 2302 4231 I
2339 4199 2394 4250 p.
2426 4186 2531 4236 240
2551 4200 2661 4251 seq.

531 4266 596 4315 19
635 4260 1007 4326 Χαλκιδόνιος
1041 4266 1184 4333 ναῖς).
1225 4264 1395 4331 Eud„
1432 4279 1575 4330 quae
1614 4279 1743 4316 mox
1779 4277 1886 4316 om.
1924 4255 2313 4329 Χαλκηδόνος,
2350 4260 2731 4332 Χαλκηδόνιος
2758 4261 2797 4311 Δ

528 4339 921 4410 Καρχηδόνιος
955 4347 1049 4396 ΒΕ
1087 4340 1472 4411 Καλχηδόνιος
1510 4347 1555 4394 V
