3025 4892
1117 188 1545 245 HESYCfflUS,
2350 189 2477 251 113

219 345 404 415 αὐτοῦ
445 346 560 434 ιβ’,
601 352 672 415 οἱ
714 346 790 415 δὲ
833 346 922 431 λ’,
969 345 1160 415 ἄλλοι
1210 348 1284 415 δὲ
1330 348 1404 435 μ’
1453 354 1680 435 φασίν.
1755 340 1981 432 [οὗτος
2028 353 2276 435 ἔγραψε
2322 350 2471 435 περὶ

215 452 529 540 μετεω’ρων
573 454 681 521 καὶ
735 456 1110 535 συνθέτους
1153 454 1421 541 λόγους·
1475 450 1559 523 ὃν
1604 460 1856 537 παίζων
1899 452 2383 542 Ἀριστοφάνης
2430 452 2465 522 ὁ

210 559 468 647 κωμικὸς
520 558 744 629 Ἀοἴόν
799 580 984 648 φησι.
1082 553 1280 641 οὗτος
1333 565 1717 653 τραγῳδίαν
1773 560 2052 647 νικήσας
2101 558 2471 648 Ἀθήνησιν

211 666 432 757 ἑκάστῳ
481 670 616 737 τῶν
660 664 1044 753 Ἀθηναίῳν
1092 672 1296 737 ἔδωκε
1345 676 1519 736 Χῖον
1566 666 1959 756 Κεράμιον.]

363 773 556 857 [Ἴων
603 779 978 866 τραγῳδίας
1021 777 1317 865 ποιητής,
1365 782 1529 854 Χῖος
1571 772 1647 843 τὸ
1694 776 1935 863 γένος.]

365 900 746 969 CCCCXXI.
815 896 1190 987 Ἰώσηπος
1231 898 1561 980 Ἰουδαῖος
1608 898 2019 987 [φιλαλήθης
2064 898 2277 987 λέγων
2320 900 2471 987 περὶ

201 1009 311 1071 τοῦ
360 1004 768 1093 Προδρόμου
831 1006 942 1073 καὶ
995 1006 1144 1095 περὶ
1209 1011 1332 1075 τοῦ
1393 1013 1637 1095 κυρίου
1700 1004 1893 1095 ἡμῶν
1957 1006 2069 1075 καὶ
2132 1010 2303 1075 θεοῦ
2362 1006 2471 1073 καὶ

204 1117 480 1200 σωτῆρος
511 1109 736 1200 Ἰησοῦ
773 1117 1132 1200 Χριστοῦ],
1175 1120 1498 1183 Ματθίου
1534 1128 1707 1197 παῖς,
1746 1114 1975 1201 ἱερέως
2010 1114 2077 1194 ἐξ
2104 1111 2472 1201 Ἱεροσολύ”

201 1246 365 1305 μων,
422 1217 456 1288 ὁ
505 1218 770 1307 γράψας
812 1221 939 1306 τὴν
979 1218 1360 1307 Ἰουδαι·κὴν
1408 1218 1889 1309 ἀρχαιολογίαν
1936 1222 2009 1289 ἐν
2056 1226 2345 1308 βιβλίοις
2388 1219 2475 1288 κ’.

361 1345 788 1414 CCCCXXII.
833 1344 1156 1434 Κάδμος
1183 1351 1591 1431 Πανδίονος,
1631 1344 1965 1433 Μιλήσιος
2002 1344 2356 1433 ἱστορικός,
2397 1340 2473 1425 ὃς

193 1456 439 1536 πρῶτος
491 1453 658 1519 κατά
712 1478 898 1533 τινας
955 1451 1355 1541 συγγραφήν
1412 1457 1659 1541 ἔγραψε
1707 1452 2203 1539 καταλογάδην,
2260 1455 2469 1544 μικρῷ

191 1558 500 1646 νεώτερος
537 1556 846 1646 Ὀρφέως.
919 1560 1234 1641 συνέταξε
1282 1558 1357 1628 δὲ
1403 1564 1621 1627 κτίσιν
1664 1559 1977 1647 Μιλήτου
2013 1560 2125 1627 καὶ
2160 1564 2276 1646 τῆς
2314 1557 2472 1646 ὅλης

185 1660 431 1745 Ἰωνίας
477 1668 551 1733 ἐν
598 1671 886 1752 βιβλίοις
932 1668 1016 1737 δ’.

361 1768 486 1855 [ὅτι
545 1769 667 1839 τὸν
713 1771 1000 1859 Κάδμον
1057 1772 1222 1858 φασὶ
1281 1776 1551 1860 πρῶτον
1598 1775 1663 1855 ἐς
1707 1770 1831 1861 τὴν
1870 1771 2156 1842 Ἑλλάδα
2202 1777 2471 1860 κομίσαι

187 1876 268 1946 τὰ
310 1876 688 1966 γράμματα,
734 1876 900 1966 ἅπερ
947 1882 1198 1967 πρῶτοι
1251 1885 1562 1960 Φοίνικες
1606 1882 1945 1968 ἐφεῦρον]

359 2003 820 2071 CCCCXXIII.
893 2010 962 2069 Κ
976 2006 1020 2071 ά
1044 2008 1085 2070 δ
1107 2031 1262 2091 μος
1301 2000 1661 2092 Ἀρχελάου
1706 2005 2073 2093 Μιλήσιος,
2136 2006 2473 2094 ἱστορικὸς

184 2108 516 2197 νεώτερος.
608 2109 785 2191 τινὲς
843 2110 920 2179 δὲ
973 2111 1084 2180 καὶ
1133 2120 1436 2182 Λυκῖνον
1484 2110 1772 2199 Κάδμον
1834 2110 2254 2201 ἀνέγραψαν·
2314 2121 2475 2191 ἴσως

332 2384 354 2432 1
393 2378 569 2433 verba
597 2367 764 2441 οὗτος
793 2410 858 2418 -
888 2374 1090 2447 λόγους
1117 2377 1256 2433 mire
1286 2394 1354 2432 ex
1381 2378 1551 2435 schol.
1583 2378 1750 2435 Arist.
1780 2378 1909 2435 Pac.
1940 2384 2063 2447 820,
2092 2377 2245 2446 quod
2274 2376 2474 2432 Suidas

181 2457 476 2527 descripsit
510 2476 564 2512 v.
604 2454 1287 2532 διθυραμβοδιδάσκαλοι,
1337 2460 1603 2527 corrupta
1641 2474 1755 2513 esse
1796 2458 1941 2513 vidit
1978 2458 2237 2527 Βεπιῑεῃς
2276 2456 2472 2511 eodem

179 2554 246 2591 ex
277 2538 486 2593 scholio
514 2536 793 2593 fluxerunt
820 2533 887 2593 ὃν
919 2572 985 2579 -
1015 2557 1169 2608 φησι.
1237 2538 1496 2594 Ceterum
1534 2538 1749 2593 futtilia
1782 2538 1985 2593 Suidae
2022 2538 2340 2593 commenta
2377 2554 2471 2591 ex-

177 2620 379 2687 punxit
407 2622 702 2687 Westerm.‚
739 2620 838 2691 qui
873 2622 1074 2675 horum
1111 2620 1237 2675 loco
1275 2618 1531 2675 scholion
1559 2619 1652 2673 Ar.
1683 2618 1999 2688 adscripsit.
2058 2618 2172 2672 Sub
2200 2619 2291 2672 fin.
2321 2616 2473 2672 vitae

178 2701 306 2755 add.
336 2706 382 2753 A
417 2691 585 2763 οὗτος
611 2702 932 2773 τραγῳδίαν
961 2732 1027 2740 --
1056 2696 1358 2779 κεράμιον,
1396 2717 1539 2770 quae
1579 2716 1645 2753 ex
1680 2700 1872 2769 glossa
1902 2694 2198 2768 Ἀθήναιος
2233 2699 2308 2751 ab
2350 2696 2474 2767 ipso

178 2778 352 2833 Suida
388 2780 652 2835 adiuncta
699 2797 822 2834 esse
867 2782 1040 2849 patet.
1114 2780 1311 2834 Altera
1354 2798 1498 2850 quae
1537 2779 1789 2849 sequitur
1824 2780 1973 2835 Ionis
2009 2780 2130 2834 vita
2166 2781 2267 2833 aut
2300 2779 2474 2848 Hesy-

179 2858 365 2913 chiani
404 2860 628 2914 articuli
663 2860 966 2913 frustulum
1013 2861 1100 2914 est
1145 2863 1245 2914 aut
1287 2878 1354 2915 ex
1388 2861 1555 2915 Phot.
1594 2862 1700 2916 lex.
1737 2878 1791 2917 v.
1816 2856 1943 2916 Ἴων
1979 2860 2040 2915 in
2076 2864 2229 2913 Anv
2266 2859 2475 2915 adscri-

178 2941 368 3008 ptum,
407 2939 463 2993 id
502 2940 652 3008 quod
688 2957 834 2994 nunc
871 2940 1013 2995 mihi
1048 2941 1230 3010 magis
1269 2939 1478 3015 arridet

321 3026 632 3083 CCCCXXI
678 3028 1094 3099 Hesychianam
1123 3044 1241 3083 esse
1268 3028 1558 3099 perspexit
1594 3028 1767 3084 etiam
1793 3029 1985 3097 Daub,
2024 3028 2182 3083 stud.
2211 3046 2265 3098 p.
2290 3033 2340 3095 5,
2379 3028 2473 3096 qui

179 3111 381 3164 merito
418 3110 590 3164 verba
628 3104 949 3179 φιλαλήθης
985 3140 1054 3150 -
1091 3110 1336 3177 Χριστοῦ
1373 3109 1615 3164 removiiz
1760 3114 1790 3164 7
1828 3107 1983 3177 prius
2018 3108 2119 3162 τοῦ
2161 3124 2269 3162 om.
2296 3112 2341 3159 V

178 3193 209 3241 8
247 3192 564 3244 Ματθαίου
601 3192 744 3259 vuly.
782 3190 1054 3243 Ματθίου
1085 3194 1184 3242 Av
1293 3195 1325 3243 9
1365 3188 1631 3258 Sequitur
1666 3188 1727 3243 in
1764 3187 1969 3242 Suidae
2006 3188 2185 3243 lexico
2224 3188 2473 3243 eiusdem

179 3269 406 3341 Iosephi
443 3269 563 3325 vita
600 3270 670 3324 ab
708 3270 1274 3338 Hieron-Sophronio
1313 3286 1360 3332 ο,
1403 3275 1468 3323 13
1507 3270 1791 3338 descripta.

319 3359 656 3415 ccccxxu
691 3360 840 3415 Eud.
879 3379 932 3429 p.
972 3365 1094 3415 437.
1169 3357 1248 3412 Cf.
1289 3358 1491 3413 Manet
1530 3361 1579 3413 11
1619 3377 1672 3428 p.
1716 3364 1743 3411 1
1910 3364 1973 3413 12
2009 3352 2256 3427 Ὀρφέως
2292 3360 2351 3413 in
2386 3359 2473 3412 la-

179 3455 322 3494 cuna
361 3457 466 3494 om.
507 3444 568 3494 Δ.
634 3439 755 3494 Hoc
801 3440 874 3494 ad
913 3439 1243 3493 Thebanum
1290 3441 1544 3508 spectare
1585 3440 1757 3507 negat
1799 3437 2144 3505 Gutoehmffl,
2192 3439 2474 3509 Orpheum

178 3536 472 3590 perperam
519 3538 618 3589 pro
665 3520 988 3589 Pherecyde
1034 3518 1311 3573 nominari
1358 3522 1532 3573 rame.
1610 3516 1792 3571 Simili
1844 3517 1981 3571 vitio
2028 3516 2250 3572 laborat
2301 3519 2475 3571 schol.

178 3598 342 3657 Dion.
375 3600 573 3656 Thrac.
613 3600 763 3669 apud
791 3599 1082 3655 Villoison.
1115 3598 1319 3654 Anecd.
1351 3598 1404 3651 11
1429 3617 1486 3667 p.
1511 3602 1612 3659 187
1762 3602 1827 3650 14
1864 3597 2052 3652 Verba
2088 3592 2175 3651 ὅτι
2205 3628 2273 3637 -
2308 3594 2475 3665 ἐφεῦ-

179 3699 277 3745 ρον
315 3680 449 3734 libri
485 3683 732 3735 errantes
769 3679 1038 3735 historico
1069 3679 1438 3749 subiungunt‚
1477 3694 1819 3746 quamquam
1857 3677 1927 3732 ad
1963 3677 2310 3731 inventorem
2348 3675 2475 3729 lite-

178 3775 369 3814 rarum
405 3762 686 3829 spectant3
735 3760 935 3815 merito
981 3761 1324 3831 transposuit
1357 3758 1582 3812 Bekker.
1651 3758 1861 3813 Eadem
1907 3758 2171 3827 leguntur
2215 3774 2266 3810 v.
2306 3756 2475 3817 Λίνος

181 3841 238 3892 et
269 3835 592 3909 Φερεκύδης
619 3837 844 3909 Σύριος.
904 3838 984 3893 cf.
1015 3838 1268 3908 Cliniam,
1305 3840 1430 3895 fast.
1461 3856 1514 3907 p.
1550 3842 1654 3891 380
1682 3836 1775 3892 Kr.
1891 3843 1955 3891 15
1992 3830 2140 3904 ἅπερ
2168 3856 2257 3903 πρ.
2290 3852 2398 3890 om.
2428 3840 2474 3887 A

324 3929 684 3986 CCCCXXIII
722 3930 873 3985 Eud.
904 3948 958 3999 p.
988 3935 1113 3996 437,
1149 3947 1292 4000 quae
1329 3926 1533 3996 incipit
1569 3926 1667 3980 καὶ
1710 3925 1898 3995 ἕτερος
1934 3930 2001 3983 Κ.
2034 3922 2167 3997 Ἆρχ.
2205 3929 2340 3981 Μιλ.
2377 3926 2475 3980 καὶ

185 4002 355 4072 αὐτὸς
392 4007 490 4069 ἴστ.
527 4005 818 4078 νεώτερος.
894 4008 974 4064 Of.
1013 4009 1238 4078 Rohde‚
1277 4008 1371 4063 Gr.
1408 4007 1626 4061 Roman
1665 4026 1716 4075 p.
1756 4013 1860 4062 347
1881 4023 1993 4075 seq.
2123 4013 2186 4060 17
2226 4006 2473 4059 Λυκίνου

183 4084 542 4157 Bernhardy,
579 4088 674 4158 qui
710 4094 845 4143 Λυκ.
875 4085 1114 4159 Κάδμον
1152 4088 1284 4143 νέον
1321 4090 1414 4144 vel
1451 4086 1728 4157 νεώτερον
1757 4081 2093 4156 ἀνέγραψαν
2123 4086 2284 4151 coni,
2324 4084 2475 4154 quod

185 4164 436 4223 laudavit
470 4168 800 4234 Volkmann,
853 4167 1076 4231 Quaest„
1117 4185 1242 4225 nov.
1281 4188 1335 4239 p.
1375 4168 1452 4222 IX
1488 4169 1604 4221 not.
1648 4172 1713 4219 14
1751 4169 1986 4236 excepta
2034 4183 2169 4221 voce
2214 4163 2347 4219 νέον
2384 4166 2476 4219 vel

189 4241 485 4317 νεώτερονς
524 4244 735 4302 Λύκιον
773 4248 1049 4301 Kusterus
1085 4250 1439 4305 Καλακτῖνον
1469 4248 1551 4301 M.
1583 4247 1827 4301 Schmidt
1863 4250 2128 4300 λυκκῖνον
2167 4250 2212 4297 V
2248 4248 2476 4299 λυκῖνον

190 4326 284 4379 rel.
323 4330 420 4383 καὶ
457 4334 704 4382 Λυκῖνον
741 4328 839 4381 καὶ
875 4324 1115 4397 Κάδμον
1151 4330 1303 4385 Eud.
1344 4330 1584 4384 alterum
1624 4326 1719 4381 καὶ
1758 4326 1930 4382 etiam
1969 4332 2086 4383 Ald.
2125 4327 2299 4383 habet

293 4427 592 4477 Ennomus,
620 4427 686 4469 ed.
717 4427 876 4467 Ἐμοὶ).
2018 4423 2050 4471 8

2504 1366 2555 1405 10

2502 1896 2552 1937 15
