<?xml version="1.0" encoding="UTF-8"?>
<!DOCTYPE html PUBLIC "-//W3C//DTD XHTML 1.0 Transitional//EN"
    "http://www.w3.org/TR/xhtml1/DTD/xhtml1-transitional.dtd">
<html xmlns="http://www.w3.org/1999/xhtml" xml:lang="en" lang="en">
 <head>
  <title>
</title>
<meta http-equiv="Content-Type" content="text/html;charset=utf-8" />
  <meta name='ocr-system' content='tesseract 3.04.00' />
  <meta name='ocr-capabilities' content='ocr_page ocr_carea ocr_par ocr_line ocrx_word'/>
</head>
<body>
  <div class='ocr_page' id='page_1' title='image "./hesychiimilesii04flacgoog_0167.png"; bbox 0 0 3025 4892; ppageno 0'>
   <div class='ocr_carea' id='block_1_1' title="bbox 1250 177 2713 254">
    <p class='ocr_par' dir='ltr' id='par_1_1' title="bbox 1250 177 2713 254">
     <span class='ocr_line' id='line_1_1' title="bbox 1250 177 2713 254; baseline 0.012 -16"><span class='ocrx_word' id='word_1_1' title='bbox 1250 183 1681 242; x_wconf 74' lang='lat' dir='ltr'><strong>HssYcHrus.</strong></span> <span class='ocrx_word' id='word_1_2' title='bbox 2524 189 2609 254; x_wconf 88' lang='lat'><strong><em>69</em></strong></span> <span class='ocrx_word' id='word_1_3' title='bbox 2704 177 2713 186; x_wconf 83' lang='grc'><em>’</em></span> 
     </span>
    </p>
   </div>
   <div class='ocr_carea' id='block_1_2' title="bbox 291 341 2680 2471">
    <p class='ocr_par' dir='ltr' id='par_1_2' title="bbox 295 341 2610 542">
     <span class='ocr_line' id='line_1_2' title="bbox 295 341 2610 437; baseline 0.003 -25"><span class='ocrx_word' id='word_1_4' title='bbox 295 347 450 412; x_wconf 78' lang='grc' dir='ltr'><strong><em>τῶν</em></strong></span> <span class='ocrx_word' id='word_1_5' title='bbox 513 341 682 414; x_wconf 80' lang='grc' dir='ltr'><strong><em>κατὰ</em></strong></span> <span class='ocrx_word' id='word_1_6' title='bbox 739 350 1154 432; x_wconf 83' lang='grc' dir='ltr'><strong><em>φιλοσοφίαν</em></strong></span> <span class='ocrx_word' id='word_1_7' title='bbox 1218 347 1545 434; x_wconf 76' lang='grc' dir='ltr'><strong><em>αἱρέσεων</em></strong></span> <span class='ocrx_word' id='word_1_8' title='bbox 1555 399 1575 434; x_wconf 99' lang='grc'><strong><em>,</em></strong></span> <span class='ocrx_word' id='word_1_9' title='bbox 1649 347 1798 432; x_wconf 82' lang='grc' dir='ltr'><strong><em>περὶ</em></strong></span> <span class='ocrx_word' id='word_1_10' title='bbox 1862 344 2177 434; x_wconf 78' lang='grc' dir='ltr'><strong><em>ἀλυπίας,</em></strong></span> <span class='ocrx_word' id='word_1_11' title='bbox 2250 349 2610 437; x_wconf 80' lang='grc' dir='ltr'><strong><em>διαλόγους</em></strong></span> 
     </span>
     <span class='ocr_line' id='line_1_3' title="bbox 299 448 1504 542; baseline 0.002 -22"><span class='ocrx_word' id='word_1_12' title='bbox 299 451 608 532; x_wconf 84' lang='grc' dir='ltr'><strong><em>πολλοὺς</em></strong></span> <span class='ocrx_word' id='word_1_13' title='bbox 650 452 762 520; x_wconf 82' lang='grc' dir='ltr'><strong><em>καὶ</em></strong></span> <span class='ocrx_word' id='word_1_14' title='bbox 807 448 1222 542; x_wconf 77' lang='grc' dir='ltr'><strong><em>γραμματικὰ</em></strong></span> <span class='ocrx_word' id='word_1_15' title='bbox 1273 452 1504 542; x_wconf 88' lang='grc' dir='ltr'><strong><em>συχνά.</em></strong></span> 
     </span>
    </p>

    <p class='ocr_par' dir='ltr' id='par_1_3' title="bbox 303 557 2611 757">
     <span class='ocr_line' id='line_1_4' title="bbox 494 557 2611 652; baseline 0.002 -23"><span class='ocrx_word' id='word_1_16' title='bbox 494 560 765 629; x_wconf 83' lang='lat' dir='ltr'><strong>CCLXI.</strong></span> <span class='ocrx_word' id='word_1_17' title='bbox 842 557 991 646; x_wconf 89' lang='grc' dir='ltr'><strong><em>[Ἐρ</em></strong></span> <span class='ocrx_word' id='word_1_18' title='bbox 1009 560 1274 642; x_wconf 83' lang='grc' dir='ltr'><strong><em>έννιος</em></strong></span> <span class='ocrx_word' id='word_1_19' title='bbox 1329 558 1364 629; x_wconf 85' lang='grc' dir='ltr'>ὁ</span> <span class='ocrx_word' id='word_1_20' title='bbox 1428 565 1658 630; x_wconf 82' lang='grc' dir='ltr'><em>Φίλων</em></span> <span class='ocrx_word' id='word_1_21' title='bbox 1713 559 1749 629; x_wconf 85' lang='grc' dir='ltr'>ὁ</span> <span class='ocrx_word' id='word_1_22' title='bbox 1806 561 2128 652; x_wconf 82' lang='grc' dir='ltr'><strong><em>Βύβλιος,</em></strong></span> <span class='ocrx_word' id='word_1_23' title='bbox 2184 559 2221 631; x_wconf 87' lang='grc' dir='ltr'><strong><em>ὃ</em></strong></span> <span class='ocrx_word' id='word_1_24' title='bbox 2272 561 2611 652; x_wconf 83' lang='grc' dir='ltr'><strong><em>Ἐρέννιος</em></strong></span> 
     </span>
     <span class='ocr_line' id='line_1_5' title="bbox 303 663 1422 757; baseline 0 -22"><span class='ocrx_word' id='word_1_25' title='bbox 303 673 745 757; x_wconf 77' lang='grc' dir='ltr'><strong><em>χρηματίσας,</em></strong></span> <span class='ocrx_word' id='word_1_26' title='bbox 795 663 886 748; x_wconf 75' lang='grc' dir='ltr'><strong><em>ὥς</em></strong></span> <span class='ocrx_word' id='word_1_27' title='bbox 920 665 1124 748; x_wconf 81' lang='grc' dir='ltr'><strong><em>αὐτός</em></strong></span> <span class='ocrx_word' id='word_1_28' title='bbox 1167 673 1422 755; x_wconf 90' lang='grc' dir='ltr'><strong><em>φησιν.]</em></strong></span> 
     </span>
    </p>

    <p class='ocr_par' dir='ltr' id='par_1_4' title="bbox 299 772 2659 1075">
     <span class='ocr_line' id='line_1_6' title="bbox 493 772 2659 862; baseline 0.002 -18"><span class='ocrx_word' id='word_1_29' title='bbox 493 774 800 844; x_wconf 83' lang='lat' dir='ltr'><strong>CCLXII.</strong></span> <span class='ocrx_word' id='word_1_30' title='bbox 840 772 1165 861; x_wconf 84' lang='grc' dir='ltr'><strong><em>Ἔριφος</em></strong></span> <span class='ocrx_word' id='word_1_31' title='bbox 1209 773 1512 861; x_wconf 85' lang='grc' dir='ltr'><strong><em>κωμικός.</em></strong></span> <span class='ocrx_word' id='word_1_32' title='bbox 1581 779 1717 844; x_wconf 78' lang='grc' dir='ltr'><strong><em>τῶν</em></strong></span> <span class='ocrx_word' id='word_1_33' title='bbox 1766 773 2125 862; x_wconf 79' lang='grc' dir='ltr'><strong><em>δραμάτων</em></strong></span> <span class='ocrx_word' id='word_1_34' title='bbox 2168 775 2379 849; x_wconf 83' lang='grc' dir='ltr'><strong><em>αὐτοῦ</em></strong></span> <span class='ocrx_word' id='word_1_35' title='bbox 2426 781 2607 849; x_wconf 77' lang='grc' dir='ltr'><strong><em>ἐστιν</em></strong></span> <span class='ocrx_word' id='word_1_36' title='bbox 2634 796 2659 838; x_wconf 81' lang='lat'>⁶</span> 
     </span>
     <span class='ocr_line' id='line_1_7' title="bbox 299 879 2606 980; baseline 0.002 -30"><span class='ocrx_word' id='word_1_37' title='bbox 299 890 580 967; x_wconf 79' lang='grc' dir='ltr'><strong><em>Αἴολος,</em></strong></span> <span class='ocrx_word' id='word_1_38' title='bbox 627 883 1032 969; x_wconf 81' lang='grc' dir='ltr'><strong><em>Πελταστής,</em></strong></span> <span class='ocrx_word' id='word_1_39' title='bbox 1079 886 1436 969; x_wconf 85' lang='grc' dir='ltr'><strong><em>Μελίβοια,</em></strong></span> <span class='ocrx_word' id='word_1_40' title='bbox 1485 879 1575 962; x_wconf 74' lang='grc' dir='ltr'><strong><em>ὥς</em></strong></span> <span class='ocrx_word' id='word_1_41' title='bbox 1620 902 1829 970; x_wconf 82' lang='grc' dir='ltr'><strong><em>φησιν</em></strong></span> <span class='ocrx_word' id='word_1_42' title='bbox 1862 879 2218 970; x_wconf 78' lang='grc' dir='ltr'><strong><em>Ἀθήναιος</em></strong></span> <span class='ocrx_word' id='word_1_43' title='bbox 2263 887 2339 954; x_wconf 81' lang='grc' dir='ltr'><strong><em>ἐν</em></strong></span> <span class='ocrx_word' id='word_1_44' title='bbox 2382 890 2473 980; x_wconf 78' lang='grc' dir='ltr'><strong><em>τῷ</em></strong></span> <span class='ocrx_word' id='word_1_45' title='bbox 2519 887 2606 955; x_wconf 88' lang='grc' dir='ltr'><strong><em>ιδ’</em></strong></span> 
     </span>
     <span class='ocr_line' id='line_1_8' title="bbox 299 988 1074 1075; baseline -0.001 -19"><span class='ocrx_word' id='word_1_46' title='bbox 299 993 450 1058; x_wconf 77' lang='grc' dir='ltr'><strong><em>τῶν</em></strong></span> <span class='ocrx_word' id='word_1_47' title='bbox 495 988 1074 1075; x_wconf 80' lang='grc' dir='ltr'><strong><em>Δειπνοσφιστῶν.</em></strong></span> 
     </span>
    </p>

    <p class='ocr_par' dir='ltr' id='par_1_5' title="bbox 297 1091 2680 1506">
     <span class='ocr_line' id='line_1_9' title="bbox 490 1091 2605 1188; baseline 0.002 -23"><span class='ocrx_word' id='word_1_48' title='bbox 490 1095 830 1165; x_wconf 86' lang='lat' dir='ltr'><strong>CCLXIII.</strong></span> <span class='ocrx_word' id='word_1_49' title='bbox 887 1091 1378 1182; x_wconf 72' lang='grc' dir='ltr'><strong><em>Ἑρμαγόρας</em></strong></span> <span class='ocrx_word' id='word_1_50' title='bbox 1419 1091 1895 1182; x_wconf 74' lang='grc' dir='ltr'><strong><em>Ἀμφιπολίτης</em></strong></span> <span class='ocrx_word' id='word_1_51' title='bbox 1940 1094 2341 1186; x_wconf 91' lang='grc' dir='ltr'><strong><em>φιλόσοφος,</em></strong></span> <span class='ocrx_word' id='word_1_52' title='bbox 2386 1111 2605 1188; x_wconf 82' lang='grc' dir='ltr'><strong><em>μαθη-</em></strong></span> 
     </span>
     <span class='ocr_line' id='line_1_10' title="bbox 297 1199 2603 1295; baseline 0.002 -23"><span class='ocrx_word' id='word_1_53' title='bbox 297 1201 429 1289; x_wconf 86' lang='grc' dir='ltr'><strong><em>τὴς</em></strong></span> <span class='ocrx_word' id='word_1_54' title='bbox 465 1206 823 1290; x_wconf 81' lang='grc' dir='ltr'><strong><em>Περσαίου.</em></strong></span> <span class='ocrx_word' id='word_1_55' title='bbox 900 1200 1205 1287; x_wconf 77' lang='grc' dir='ltr'><strong><em>διάλογοι</em></strong></span> <span class='ocrx_word' id='word_1_56' title='bbox 1243 1199 1453 1270; x_wconf 81' lang='grc' dir='ltr'><strong><em>αὐτοῦ</em></strong></span> <span class='ocrx_word' id='word_1_57' title='bbox 1489 1202 1835 1289; x_wconf 85' lang='grc' dir='ltr'><strong><em>μισοκύων</em></strong></span> <span class='ocrx_word' id='word_1_58' title='bbox 1869 1201 1913 1292; x_wconf 82' lang='grc' dir='ltr'>ἢ</span> <span class='ocrx_word' id='word_1_59' title='bbox 1952 1205 2102 1295; x_wconf 84' lang='grc' dir='ltr'><strong><em>περὶ</em></strong></span> <span class='ocrx_word' id='word_1_60' title='bbox 2140 1201 2603 1294; x_wconf 76' lang='grc' dir='ltr'><strong><em>ἀτυχημάτων,</em></strong></span> 
     </span>
     <span class='ocr_line' id='line_1_11' title="bbox 300 1305 2680 1402; baseline 0.003 -24"><span class='ocrx_word' id='word_1_61' title='bbox 300 1315 588 1397; x_wconf 84' lang='grc' dir='ltr'><strong><em>ἔκχυτον</em></strong></span> <span class='ocrx_word' id='word_1_62' title='bbox 635 1311 800 1398; x_wconf 84' lang='grc' dir='ltr'><strong><em>(ἔστι</em></strong></span> <span class='ocrx_word' id='word_1_63' title='bbox 849 1307 924 1378; x_wconf 78' lang='grc' dir='ltr'><strong><em>δὲ</em></strong></span> <span class='ocrx_word' id='word_1_64' title='bbox 974 1305 1362 1402; x_wconf 70' lang='grc' dir='ltr'><strong><em>ᾧοσκοπία),</em></strong></span> <span class='ocrx_word' id='word_1_65' title='bbox 1409 1310 1559 1397; x_wconf 84' lang='grc' dir='ltr'><strong><em>περὶ</em></strong></span> <span class='ocrx_word' id='word_1_66' title='bbox 1617 1317 1998 1398; x_wconf 85' lang='grc' dir='ltr'><strong><em>σοφιστείας</em></strong></span> <span class='ocrx_word' id='word_1_67' title='bbox 2042 1311 2211 1400; x_wconf 89' lang='grc' dir='ltr'><strong><em>πρὸς</em></strong></span> <span class='ocrx_word' id='word_1_68' title='bbox 2244 1315 2405 1394; x_wconf 84' lang='grc' dir='ltr'><strong><em>τοὺς</em></strong></span> <span class='ocrx_word' id='word_1_69' title='bbox 2440 1313 2595 1384; x_wconf 83' lang='grc' dir='ltr'><strong><em>άκα-</em></strong></span> <span class='ocrx_word' id='word_1_70' title='bbox 2628 1333 2680 1372; x_wconf 87' lang='lat'><strong><em>10</em></strong></span> 
     </span>
     <span class='ocr_line' id='line_1_12' title="bbox 299 1415 691 1506; baseline -0.008 -20"><span class='ocrx_word' id='word_1_71' title='bbox 299 1415 691 1506; x_wconf 80' lang='grc' dir='ltr'><strong><em>δημαϊκούς.</em></strong></span> 
     </span>
    </p>

    <p class='ocr_par' dir='ltr' id='par_1_6' title="bbox 293 1519 2677 2042">
     <span class='ocr_line' id='line_1_13' title="bbox 486 1519 2590 1613; baseline 0.003 -21"><span class='ocrx_word' id='word_1_72' title='bbox 486 1525 822 1593; x_wconf 82' lang='lat' dir='ltr'><strong>CCLXIV.</strong></span> <span class='ocrx_word' id='word_1_73' title='bbox 902 1519 1394 1610; x_wconf 79' lang='grc' dir='ltr'><strong><em>Ἑρμαγόρας</em></strong></span> <span class='ocrx_word' id='word_1_74' title='bbox 1441 1526 1597 1610; x_wconf 79' lang='grc' dir='ltr'><strong><em>&lt;ἐκ&gt;</em></strong></span> <span class='ocrx_word' id='word_1_75' title='bbox 1662 1523 1934 1612; x_wconf 83' lang='grc' dir='ltr'><strong><em>Τήμνου</em></strong></span> <span class='ocrx_word' id='word_1_76' title='bbox 1992 1529 2108 1612; x_wconf 79' lang='grc' dir='ltr'><strong><em>τῆς</em></strong></span> <span class='ocrx_word' id='word_1_77' title='bbox 2156 1532 2503 1613; x_wconf 80' lang='grc' dir='ltr'><strong><em>Αἰολίδος,</em></strong></span> <span class='ocrx_word' id='word_1_78' title='bbox 2562 1526 2590 1598; x_wconf 76' lang='grc' dir='ltr'>ἱ</span> 
     </span>
     <span class='ocr_line' id='line_1_14' title="bbox 297 1629 2600 1724; baseline 0 -22"><span class='ocrx_word' id='word_1_79' title='bbox 297 1630 688 1718; x_wconf 81' lang='grc' dir='ltr'><strong><em>ἐπικληθεὶς</em></strong></span> <span class='ocrx_word' id='word_1_80' title='bbox 725 1634 1036 1718; x_wconf 88' lang='grc' dir='ltr'><strong><em>Καρίων,</em></strong></span> <span class='ocrx_word' id='word_1_81' title='bbox 1086 1629 1324 1718; x_wconf 81' lang='grc' dir='ltr'><strong><em>ῥήτωρ.</em></strong></span> <span class='ocrx_word' id='word_1_82' title='bbox 1396 1631 1631 1718; x_wconf 82' lang='grc' dir='ltr'><strong><em>τέχνας</em></strong></span> <span class='ocrx_word' id='word_1_83' title='bbox 1668 1631 2019 1722; x_wconf 77' lang='grc' dir='ltr'><strong><em>ῥητορικὰς</em></strong></span> <span class='ocrx_word' id='word_1_84' title='bbox 2067 1637 2141 1702; x_wconf 81' lang='grc' dir='ltr'><strong><em>ἐν</em></strong></span> <span class='ocrx_word' id='word_1_85' title='bbox 2186 1641 2472 1720; x_wconf 86' lang='grc' dir='ltr'><strong><em>βιβλίοις</em></strong></span> <span class='ocrx_word' id='word_1_86' title='bbox 2509 1637 2600 1724; x_wconf 85' lang='grc' dir='ltr'><strong><em>ς’,</em></strong></span> 
     </span>
     <span class='ocr_line' id='line_1_15' title="bbox 293 1738 2597 1830; baseline 0 -20"><span class='ocrx_word' id='word_1_87' title='bbox 293 1741 458 1827; x_wconf 81' lang='grc' dir='ltr'><strong><em>περὶ</em></strong></span> <span class='ocrx_word' id='word_1_88' title='bbox 487 1741 883 1827; x_wconf 79' lang='grc' dir='ltr'><strong><em>ἐξεργασίας,</em></strong></span> <span class='ocrx_word' id='word_1_89' title='bbox 911 1738 1062 1824; x_wconf 85' lang='grc' dir='ltr'><strong><em>περὶ</em></strong></span> <span class='ocrx_word' id='word_1_90' title='bbox 1089 1738 1477 1824; x_wconf 80' lang='grc' dir='ltr'><strong><em>πρέποντος,</em></strong></span> <span class='ocrx_word' id='word_1_91' title='bbox 1505 1739 1658 1827; x_wconf 86' lang='grc' dir='ltr'><strong><em>περὶ</em></strong></span> <span class='ocrx_word' id='word_1_92' title='bbox 1686 1738 2018 1828; x_wconf 85' lang='grc' dir='ltr'><strong><em>φράσεως,</em></strong></span> <span class='ocrx_word' id='word_1_93' title='bbox 2044 1741 2195 1828; x_wconf 77' lang='grc' dir='ltr'><strong><em>περὶ</em></strong></span> <span class='ocrx_word' id='word_1_94' title='bbox 2224 1739 2597 1830; x_wconf 82' lang='grc' dir='ltr'><strong><em>σχημάτων.</em></strong></span> 
     </span>
     <span class='ocr_line' id='line_1_16' title="bbox 295 1833 2677 1936; baseline 0 -21"><span class='ocrx_word' id='word_1_95' title='bbox 295 1850 654 1916; x_wconf 80' lang='grc' dir='ltr'><strong><em>ἐπαίδευσε</em></strong></span> <span class='ocrx_word' id='word_1_96' title='bbox 710 1843 784 1912; x_wconf 77' lang='grc' dir='ltr'><strong><em>δὲ</em></strong></span> <span class='ocrx_word' id='word_1_97' title='bbox 849 1833 1046 1923; x_wconf 79' lang='grc' dir='ltr'><strong><em>οὗτος</em></strong></span> <span class='ocrx_word' id='word_1_98' title='bbox 1098 1841 1259 1930; x_wconf 79' lang='grc' dir='ltr'><strong><em>μετὰ</em></strong></span> <span class='ocrx_word' id='word_1_99' title='bbox 1315 1849 1636 1913; x_wconf 86' lang='grc' dir='ltr'><strong><em>Κεκιλίου</em></strong></span> <span class='ocrx_word' id='word_1_100' title='bbox 1694 1848 1765 1914; x_wconf 85' lang='grc' dir='ltr'><strong><em>ἐν</em></strong></span> <span class='ocrx_word' id='word_1_101' title='bbox 1812 1843 2029 1936; x_wconf 73' lang='grc' dir='ltr'><strong><em>Ῥώμῃ</em></strong></span> <span class='ocrx_word' id='word_1_102' title='bbox 2088 1848 2193 1916; x_wconf 81' lang='grc' dir='ltr'><strong><em>ἐπὶ</em></strong></span> <span class='ocrx_word' id='word_1_103' title='bbox 2252 1851 2597 1934; x_wconf 87' lang='grc' dir='ltr'><strong><em>Καίσαρος</em></strong></span> <span class='ocrx_word' id='word_1_104' title='bbox 2630 1867 2677 1904; x_wconf 82' lang='lat'><strong><em>1⁵</em></strong></span> 
     </span>
     <span class='ocr_line' id='line_1_17' title="bbox 294 1948 1936 2042; baseline -0.002 -18"><span class='ocrx_word' id='word_1_105' title='bbox 294 1951 709 2042; x_wconf 80' lang='grc' dir='ltr'><strong><em>Αὐγούστου</em></strong></span> <span class='ocrx_word' id='word_1_106' title='bbox 752 1951 864 2019; x_wconf 86' lang='grc' dir='ltr'><strong><em>καὶ</em></strong></span> <span class='ocrx_word' id='word_1_107' title='bbox 909 1954 1179 2040; x_wconf 80' lang='grc' dir='ltr'><strong><em>τελευτᾷ</em></strong></span> <span class='ocrx_word' id='word_1_108' title='bbox 1226 1949 1456 2037; x_wconf 87' lang='grc' dir='ltr'><strong><em>πόρρω</em></strong></span> <span class='ocrx_word' id='word_1_109' title='bbox 1501 1955 1619 2038; x_wconf 84' lang='grc' dir='ltr'><strong><em>τῆς</em></strong></span> <span class='ocrx_word' id='word_1_110' title='bbox 1662 1948 1936 2038; x_wconf 83' lang='grc' dir='ltr'><strong><em>ἡλικίας.</em></strong></span> 
     </span>
    </p>

    <p class='ocr_par' dir='ltr' id='par_1_7' title="bbox 291 2054 2675 2471">
     <span class='ocr_line' id='line_1_18' title="bbox 483 2054 2597 2148; baseline 0 -19"><span class='ocrx_word' id='word_1_111' title='bbox 483 2059 784 2129; x_wconf 85' lang='lat' dir='ltr'><strong>CCLXV.</strong></span> <span class='ocrx_word' id='word_1_112' title='bbox 809 2054 1168 2146; x_wconf 86' lang='grc' dir='ltr'><strong><em>Ἑρμείας</em></strong></span> <span class='ocrx_word' id='word_1_113' title='bbox 1195 2057 1594 2145; x_wconf 86' lang='grc' dir='ltr'><strong><em>φιλόσοφος,</em></strong></span> <span class='ocrx_word' id='word_1_114' title='bbox 1620 2056 2001 2146; x_wconf 85' lang='grc' dir='ltr'><strong><em>Ἀμμωνίου</em></strong></span> <span class='ocrx_word' id='word_1_115' title='bbox 2027 2061 2137 2128; x_wconf 84' lang='grc' dir='ltr'><strong><em>καὶ</em></strong></span> <span class='ocrx_word' id='word_1_116' title='bbox 2157 2058 2597 2148; x_wconf 55' lang='grc' dir='ltr'><strong><em>τΗλιοδώρου,</em></strong></span> 
     </span>
     <span class='ocr_line' id='line_1_19' title="bbox 291 2157 2599 2256; baseline -0 -18"><span class='ocrx_word' id='word_1_117' title='bbox 291 2173 438 2238; x_wconf 76' lang='grc' dir='ltr'><strong><em>τῶν</em></strong></span> <span class='ocrx_word' id='word_1_118' title='bbox 487 2164 910 2235; x_wconf 85' lang='grc' dir='ltr'><strong><em>διδασκάλων</em></strong></span> <span class='ocrx_word' id='word_1_119' title='bbox 952 2169 1370 2252; x_wconf 86' lang='grc' dir='ltr'><strong><em>Δαμασκίου,</em></strong></span> <span class='ocrx_word' id='word_1_120' title='bbox 1418 2164 1651 2252; x_wconf 82' lang='grc' dir='ltr'><strong><em>πατήρ.</em></strong></span> <span class='ocrx_word' id='word_1_121' title='bbox 1716 2157 1831 2251; x_wconf 76' lang='grc' dir='ltr'><strong><em>[ἦν</em></strong></span> <span class='ocrx_word' id='word_1_122' title='bbox 1880 2166 1954 2234; x_wconf 76' lang='grc' dir='ltr'><strong><em>δὲ</em></strong></span> <span class='ocrx_word' id='word_1_123' title='bbox 1994 2164 2028 2234; x_wconf 87' lang='grc' dir='ltr'>ὁ</span> <span class='ocrx_word' id='word_1_124' title='bbox 2061 2164 2365 2256; x_wconf 87' lang='grc' dir='ltr'><strong><em>Ἑρμείας</em></strong></span> <span class='ocrx_word' id='word_1_125' title='bbox 2403 2174 2599 2254; x_wconf 89' lang='grc' dir='ltr'><strong><em>φίλος</em></strong></span> 
     </span>
     <span class='ocr_line' id='line_1_20' title="bbox 293 2269 2596 2363; baseline -0.001 -17"><span class='ocrx_word' id='word_1_126' title='bbox 293 2280 370 2357; x_wconf 83' lang='grc' dir='ltr'><strong><em>ἐς</em></strong></span> <span class='ocrx_word' id='word_1_127' title='bbox 416 2273 496 2345; x_wconf 81' lang='grc' dir='ltr'><strong><em>τὰ</em></strong></span> <span class='ocrx_word' id='word_1_128' title='bbox 541 2273 824 2361; x_wconf 88' lang='grc' dir='ltr'><strong><em>μάλιστα</em></strong></span> <span class='ocrx_word' id='word_1_129' title='bbox 871 2271 1187 2363; x_wconf 79' lang='grc' dir='ltr'><strong><em>Αἰγύπτῳ</em></strong></span> <span class='ocrx_word' id='word_1_130' title='bbox 1235 2269 1507 2362; x_wconf 74' lang='grc' dir='ltr'><strong><em>ἀδελφῷ</em></strong></span> <span class='ocrx_word' id='word_1_131' title='bbox 1556 2271 1909 2360; x_wconf 85' lang='grc' dir='ltr'><strong><em>Θεοδότης,</em></strong></span> <span class='ocrx_word' id='word_1_132' title='bbox 1956 2271 2203 2361; x_wconf 88' lang='grc' dir='ltr'><strong><em>μητρὸς</em></strong></span> <span class='ocrx_word' id='word_1_133' title='bbox 2242 2272 2596 2362; x_wconf 74' lang='grc' dir='ltr'><strong><em>Ἰσιδώρου</em></strong></span> 
     </span>
     <span class='ocr_line' id='line_1_21' title="bbox 291 2372 2675 2471; baseline -0.005 -19"><span class='ocrx_word' id='word_1_134' title='bbox 291 2380 710 2471; x_wconf 89' lang='grc' dir='ltr'><strong><em>φιλοσόφου·</em></strong></span> <span class='ocrx_word' id='word_1_135' title='bbox 759 2377 796 2449; x_wconf 86' lang='grc' dir='ltr'>ὁ</span> <span class='ocrx_word' id='word_1_136' title='bbox 851 2380 926 2450; x_wconf 75' lang='grc' dir='ltr'><strong><em>δὲ</em></strong></span> <span class='ocrx_word' id='word_1_137' title='bbox 975 2389 1315 2466; x_wconf 76' lang='grc' dir='ltr'><strong><em>Αἴγυπτος</em></strong></span> <span class='ocrx_word' id='word_1_138' title='bbox 1359 2372 1445 2468; x_wconf 83' lang='grc' dir='ltr'><strong><em>ἦν</em></strong></span> <span class='ocrx_word' id='word_1_139' title='bbox 1493 2379 1925 2468; x_wconf 65' lang='grc' dir='ltr'><strong><em>φιλομαθής]</em></strong></span> <span class='ocrx_word' id='word_1_140' title='bbox 2621 2400 2675 2440; x_wconf 77' lang='lat'><strong><em>20</em></strong></span> 
     </span>
    </p>
   </div>
   <div class='ocr_carea' id='block_1_3' title="bbox 287 2515 722 2524">
    <p class='ocr_par' dir='ltr' id='par_1_8' title="bbox 287 2515 722 2524">
     <span class='ocr_line' id='line_1_22' title="bbox 287 2515 722 2524; baseline 0 2368"><span class='ocrx_word' id='word_1_141' title='bbox 287 2515 722 2524; x_wconf 95' lang='lat' dir='ltr'><strong><em> </em></strong></span> 
     </span>
    </p>
   </div>
   <div class='ocr_carea' id='block_1_4' title="bbox 285 2573 2675 4336">
    <p class='ocr_par' dir='ltr' id='par_1_9' title="bbox 449 2573 1810 2650">
     <span class='ocr_line' id='line_1_23' title="bbox 449 2573 1810 2650; baseline -0.004 -14"><span class='ocrx_word' id='word_1_142' title='bbox 449 2588 475 2636; x_wconf 92' lang='lat'>1</span> <span class='ocrx_word' id='word_1_143' title='bbox 516 2576 814 2650; x_wconf 79' lang='grc' dir='ltr'><strong><em>διαλόγους</em></strong></span> <span class='ocrx_word' id='word_1_144' title='bbox 851 2581 1142 2642; x_wconf 84' lang='grc' dir='ltr'><strong><em>πλείστους</em></strong></span> <span class='ocrx_word' id='word_1_145' title='bbox 1179 2578 1274 2634; x_wconf 77' lang='grc' dir='ltr'><strong><em>καὶ</em></strong></span> <span class='ocrx_word' id='word_1_146' title='bbox 1312 2573 1454 2634; x_wconf 77' lang='grc' dir='ltr'><strong><em>ἅλλα</em></strong></span> <span class='ocrx_word' id='word_1_147' title='bbox 1490 2573 1619 2634; x_wconf 89' lang='grc' dir='ltr'><strong><em>τινά</em></strong></span> <span class='ocrx_word' id='word_1_148' title='bbox 1659 2577 1810 2638; x_wconf 75' lang='lat' dir='ltr'><strong><em>Eud.</em></strong></span> 
     </span>
    </p>

    <p class='ocr_par' dir='ltr' id='par_1_10' title="bbox 286 2659 2595 2895">
     <span class='ocr_line' id='line_1_24' title="bbox 445 2659 2591 2731; baseline 0 -15"><span class='ocrx_word' id='word_1_149' title='bbox 445 2661 654 2716; x_wconf 88' lang='lat' dir='ltr'>CCLXI</span> <span class='ocrx_word' id='word_1_150' title='bbox 693 2679 800 2717; x_wconf 90' lang='lat' dir='ltr'><strong><em>om.</em></strong></span> <span class='ocrx_word' id='word_1_151' title='bbox 833 2663 1108 2716; x_wconf 80' lang='lat' dir='ltr'><strong>Westerm.</strong></span> <span class='ocrx_word' id='word_1_152' title='bbox 1163 2660 1325 2716; x_wconf 84' lang='lat' dir='ltr'><strong>Certe</strong></span> <span class='ocrx_word' id='word_1_153' title='bbox 1352 2661 1476 2715; x_wconf 81' lang='lat' dir='ltr'><strong>tota</strong></span> <span class='ocrx_word' id='word_1_154' title='bbox 1503 2660 1691 2728; x_wconf 82' lang='lat' dir='ltr'><strong>glossa</strong></span> <span class='ocrx_word' id='word_1_155' title='bbox 1718 2675 1787 2713; x_wconf 84' lang='lat' dir='ltr'><strong>ex</strong></span> <span class='ocrx_word' id='word_1_156' title='bbox 1813 2659 1935 2714; x_wconf 81' lang='lat' dir='ltr'><strong>vita</strong></span> <span class='ocrx_word' id='word_1_157' title='bbox 1962 2659 2214 2716; x_wconf 84' lang='lat' dir='ltr'><strong>Philonis</strong></span> <span class='ocrx_word' id='word_1_158' title='bbox 2242 2662 2591 2731; x_wconf 85' lang='lat' dir='ltr'><strong>deprompta,</strong></span> 
     </span>
     <span class='ocr_line' id='line_1_25' title="bbox 286 2733 2595 2810; baseline -0.001 -12"><span class='ocrx_word' id='word_1_159' title='bbox 286 2743 396 2798; x_wconf 89' lang='lat' dir='ltr'><strong>ubi</strong></span> <span class='ocrx_word' id='word_1_160' title='bbox 442 2742 514 2797; x_wconf 80' lang='lat' dir='ltr'><strong><em>ad</em></strong></span> <span class='ocrx_word' id='word_1_161' title='bbox 560 2742 768 2797; x_wconf 77' lang='lat' dir='ltr'><strong>calcem</strong></span> <span class='ocrx_word' id='word_1_162' title='bbox 815 2741 1082 2796; x_wconf 79' lang='lat' dir='ltr'><strong>adiuncta.</strong></span> <span class='ocrx_word' id='word_1_163' title='bbox 1128 2743 1250 2796; x_wconf 75' lang='lat' dir='ltr'><strong>erat</strong></span> <span class='ocrx_word' id='word_1_164' title='bbox 1296 2733 1404 2808; x_wconf 80' lang='grc' dir='ltr'><strong><em>(ὅτι</em></strong></span> <span class='ocrx_word' id='word_1_165' title='bbox 1455 2733 1674 2803; x_wconf 71' lang='grc' dir='ltr'><strong><em>ὕπατος</em></strong></span> <span class='ocrx_word' id='word_1_166' title='bbox 1722 2737 1955 2810; x_wconf 80' lang='grc' dir='ltr'><strong><em>γέγονεν</em></strong></span> <span class='ocrx_word' id='word_1_167' title='bbox 2002 2735 2033 2795; x_wconf 87' lang='grc' dir='ltr'><strong>ὁ</strong></span> <span class='ocrx_word' id='word_1_168' title='bbox 2084 2743 2265 2796; x_wconf 84' lang='grc' dir='ltr'><strong><em>Φίλων</em></strong></span> <span class='ocrx_word' id='word_1_169' title='bbox 2310 2736 2595 2810; x_wconf 76' lang='grc' dir='ltr'><strong><em>Ἐρέννιος</em></strong></span> 
     </span>
     <span class='ocr_line' id='line_1_26' title="bbox 287 2816 2557 2895; baseline -0.001 -17"><span class='ocrx_word' id='word_1_170' title='bbox 287 2826 666 2895; x_wconf 84' lang='grc' dir='ltr'><strong><em>χρηματίσας,</em></strong></span> <span class='ocrx_word' id='word_1_171' title='bbox 706 2819 781 2886; x_wconf 82' lang='grc' dir='ltr'><strong><em>ὥς</em></strong></span> <span class='ocrx_word' id='word_1_172' title='bbox 817 2817 992 2885; x_wconf 79' lang='grc' dir='ltr'><strong><em>αὐτός</em></strong></span> <span class='ocrx_word' id='word_1_173' title='bbox 1028 2823 1224 2890; x_wconf 85' lang='grc' dir='ltr'><strong><em>φησιν)</em></strong></span> <span class='ocrx_word' id='word_1_174' title='bbox 1367 2827 1400 2874; x_wconf 86' lang='grc'><strong>3</strong></span> <span class='ocrx_word' id='word_1_175' title='bbox 1440 2822 1559 2876; x_wconf 89' lang='grc' dir='ltr'><strong><em>Φιλ.</em></strong></span> <span class='ocrx_word' id='word_1_176' title='bbox 1600 2816 1629 2874; x_wconf 82' lang='grc' dir='ltr'><em>ὃ</em></span> <span class='ocrx_word' id='word_1_177' title='bbox 1670 2826 1730 2874; x_wconf 94' lang='grc' dir='ltr'><strong><em>Β.</em></strong></span> <span class='ocrx_word' id='word_1_178' title='bbox 1768 2823 1913 2890; x_wconf 74' lang='lat' dir='ltr'><strong><em>vulq.</em></strong></span> <span class='ocrx_word' id='word_1_179' title='bbox 1954 2817 1984 2874; x_wconf 84' lang='grc' dir='ltr'><strong>ὁ</strong></span> <span class='ocrx_word' id='word_1_180' title='bbox 2026 2825 2087 2876; x_wconf 89' lang='grc' dir='ltr'><strong><em>Φ.</em></strong></span> <span class='ocrx_word' id='word_1_181' title='bbox 2128 2818 2157 2876; x_wconf 84' lang='grc' dir='ltr'><em>ὃ</em></span> <span class='ocrx_word' id='word_1_182' title='bbox 2199 2824 2421 2892; x_wconf 87' lang='grc' dir='ltr'><strong><em>Βίβλιος</em></strong></span> <span class='ocrx_word' id='word_1_183' title='bbox 2447 2829 2557 2876; x_wconf 70' lang='lat' dir='ltr'><strong><em>Ax</em></strong></span> 
     </span>
    </p>

    <p class='ocr_par' dir='ltr' id='par_1_11' title="bbox 285 2900 2675 3213">
     <span class='ocr_line' id='line_1_27' title="bbox 442 2900 2590 2973; baseline 0 -15"><span class='ocrx_word' id='word_1_184' title='bbox 442 2902 679 2958; x_wconf 77' lang='lat' dir='ltr'><strong><em>(30an</em></strong></span> <span class='ocrx_word' id='word_1_185' title='bbox 715 2903 852 2958; x_wconf 75' lang='lat' dir='ltr'><strong><em>Eud</em></strong></span> <span class='ocrx_word' id='word_1_186' title='bbox 903 2922 958 2972; x_wconf 89' lang='lat' dir='ltr'><strong><em>p.</em></strong></span> <span class='ocrx_word' id='word_1_187' title='bbox 997 2908 1117 2958; x_wconf 79' lang='lat'><strong>291.</strong></span> <span class='ocrx_word' id='word_1_188' title='bbox 1191 2900 1450 2956; x_wconf 84' lang='lat' dir='ltr'><strong>Meineke</strong></span> <span class='ocrx_word' id='word_1_189' title='bbox 1487 2901 1512 2953; x_wconf 94' lang='lat' dir='ltr'>I</span> <span class='ocrx_word' id='word_1_190' title='bbox 1550 2919 1603 2969; x_wconf 92' lang='lat' dir='ltr'><strong><em>p.</em></strong></span> <span class='ocrx_word' id='word_1_191' title='bbox 1643 2906 1749 2955; x_wconf 79' lang='lat'><strong><em>420</em></strong></span> <span class='ocrx_word' id='word_1_192' title='bbox 1786 2904 1845 2956; x_wconf 86' lang='lat' dir='ltr'><strong>et</strong></span> <span class='ocrx_word' id='word_1_193' title='bbox 1878 2901 2066 2970; x_wconf 81' lang='lat' dir='ltr'><strong>Danb,</strong></span> <span class='ocrx_word' id='word_1_194' title='bbox 2105 2901 2173 2956; x_wconf 91' lang='lat' dir='ltr'><strong>de</strong></span> <span class='ocrx_word' id='word_1_195' title='bbox 2205 2903 2356 2957; x_wconf 86' lang='lat' dir='ltr'><strong>Suid.</strong></span> <span class='ocrx_word' id='word_1_196' title='bbox 2396 2923 2451 2973; x_wconf 89' lang='lat' dir='ltr'><strong><em>p.</em></strong></span> <span class='ocrx_word' id='word_1_197' title='bbox 2486 2909 2590 2959; x_wconf 80' lang='lat'><strong><em>483</em></strong></span> 
     </span>
     <span class='ocr_line' id='line_1_28' title="bbox 289 2977 2588 3052; baseline -0.001 -11"><span class='ocrx_word' id='word_1_198' title='bbox 289 2991 330 3041; x_wconf 84' lang='lat'><strong>5</strong></span> <span class='ocrx_word' id='word_1_199' title='bbox 370 2981 520 3040; x_wconf 72' lang='grc' dir='ltr'><strong><em>ἐστὶν</em></strong></span> <span class='ocrx_word' id='word_1_200' title='bbox 558 3001 665 3040; x_wconf 89' lang='lat' dir='ltr'><strong><em>om.</em></strong></span> <span class='ocrx_word' id='word_1_201' title='bbox 696 2983 846 3037; x_wconf 75' lang='lat' dir='ltr'><strong><em>Eud.</em></strong></span> <span class='ocrx_word' id='word_1_202' title='bbox 959 2989 990 3036; x_wconf 82' lang='lat'><strong>6</strong></span> <span class='ocrx_word' id='word_1_203' title='bbox 1029 2977 1104 3044; x_wconf 80' lang='grc' dir='ltr'><strong><em>ὦς</em></strong></span> <span class='ocrx_word' id='word_1_204' title='bbox 1133 3013 1200 3022; x_wconf 90' lang='grc'><strong><em>--</em></strong></span> <span class='ocrx_word' id='word_1_205' title='bbox 1229 2980 1360 3036; x_wconf 82' lang='lat' dir='ltr'><strong>exit.</strong></span> <span class='ocrx_word' id='word_1_206' title='bbox 1399 2997 1505 3035; x_wconf 90' lang='lat' dir='ltr'><strong><em>om.</em></strong></span> <span class='ocrx_word' id='word_1_207' title='bbox 1538 2981 1690 3036; x_wconf 74' lang='lat' dir='ltr'><strong><em>Eud.</em></strong></span> <span class='ocrx_word' id='word_1_208' title='bbox 1799 3000 1903 3052; x_wconf 89' lang='lat' dir='ltr'><strong><em>pro</em></strong></span> <span class='ocrx_word' id='word_1_209' title='bbox 1939 2978 2018 3036; x_wconf 85' lang='grc' dir='ltr'><strong><em>ιδ’</em></strong></span> <span class='ocrx_word' id='word_1_210' title='bbox 2050 3000 2188 3039; x_wconf 84' lang='lat' dir='ltr'><strong>corr.</strong></span> <span class='ocrx_word' id='word_1_211' title='bbox 2218 2980 2277 3036; x_wconf 85' lang='grc' dir='ltr'><strong><em>δ’</em></strong></span> <span class='ocrx_word' id='word_1_212' title='bbox 2314 2985 2588 3043; x_wconf 80' lang='lat' dir='ltr'><strong>Westerm,</strong></span> 
     </span>
     <span class='ocr_line' id='line_1_29' title="bbox 287 3057 2587 3134; baseline -0 -13"><span class='ocrx_word' id='word_1_213' title='bbox 287 3065 425 3121; x_wconf 80' lang='lat' dir='ltr'><strong>coll.</strong></span> <span class='ocrx_word' id='word_1_214' title='bbox 453 3063 656 3118; x_wconf 84' lang='lat' dir='ltr'><strong>Athen.</strong></span> <span class='ocrx_word' id='word_1_215' title='bbox 686 3064 763 3118; x_wconf 93' lang='lat' dir='ltr'><strong><em>IV</em></strong></span> <span class='ocrx_word' id='word_1_216' title='bbox 791 3082 846 3134; x_wconf 88' lang='lat' dir='ltr'><strong><em>p.</em></strong></span> <span class='ocrx_word' id='word_1_217' title='bbox 881 3068 982 3118; x_wconf 81' lang='lat'><strong><em>134</em></strong></span> <span class='ocrx_word' id='word_1_218' title='bbox 1011 3065 1068 3116; x_wconf 85' lang='lat' dir='ltr'><strong>et</strong></span> <span class='ocrx_word' id='word_1_219' title='bbox 1097 3069 1217 3132; x_wconf 78' lang='lat'><strong>137,</strong></span> <span class='ocrx_word' id='word_1_220' title='bbox 1248 3057 1314 3116; x_wconf 86' lang='grc' dir='ltr'><strong><em>ιε’</em></strong></span> <span class='ocrx_word' id='word_1_221' title='bbox 1343 3061 1640 3131; x_wconf 75' lang='lat' dir='ltr'><strong>proposuit</strong></span> <span class='ocrx_word' id='word_1_222' title='bbox 1666 3062 1834 3116; x_wconf 82' lang='lat' dir='ltr'><strong><em>Daub</em></strong></span> <span class='ocrx_word' id='word_1_223' title='bbox 1864 3063 1991 3117; x_wconf 92' lang='lat' dir='ltr'><strong>coll.</strong></span> <span class='ocrx_word' id='word_1_224' title='bbox 2020 3061 2224 3118; x_wconf 79' lang='lat' dir='ltr'><strong>Athen.</strong></span> <span class='ocrx_word' id='word_1_225' title='bbox 2252 3061 2356 3116; x_wconf 89' lang='lat' dir='ltr'><strong><em>XV</em></strong></span> <span class='ocrx_word' id='word_1_226' title='bbox 2384 3082 2437 3133; x_wconf 89' lang='lat' dir='ltr'><strong><em>p.</em></strong></span> <span class='ocrx_word' id='word_1_227' title='bbox 2467 3070 2587 3120; x_wconf 86' lang='grc'><strong><em>693.</em></strong></span> 
     </span>
     <span class='ocr_line' id='line_1_30' title="bbox 285 3139 2675 3213; baseline -0.002 -13"><span class='ocrx_word' id='word_1_228' title='bbox 285 3147 378 3200; x_wconf 90' lang='lat' dir='ltr'><strong>De</strong></span> <span class='ocrx_word' id='word_1_229' title='bbox 415 3144 696 3199; x_wconf 79' lang='lat' dir='ltr'><strong>Meliboea</strong></span> <span class='ocrx_word' id='word_1_230' title='bbox 731 3163 782 3199; x_wconf 82' lang='lat' dir='ltr'><strong><em>v.</em></strong></span> <span class='ocrx_word' id='word_1_231' title='bbox 828 3144 1022 3198; x_wconf 80' lang='lat' dir='ltr'><strong>Athen.</strong></span> <span class='ocrx_word' id='word_1_232' title='bbox 1062 3141 1142 3196; x_wconf 95' lang='lat' dir='ltr'><strong><em>III</em></strong></span> <span class='ocrx_word' id='word_1_233' title='bbox 1179 3161 1232 3211; x_wconf 92' lang='lat' dir='ltr'><strong><em>p.</em></strong></span> <span class='ocrx_word' id='word_1_234' title='bbox 1271 3147 1368 3210; x_wconf 85' lang='lat'><strong><em>84,</em></strong></span> <span class='ocrx_word' id='word_1_235' title='bbox 1405 3139 1508 3194; x_wconf 92' lang='lat' dir='ltr'><strong><em>VII</em></strong></span> <span class='ocrx_word' id='word_1_236' title='bbox 1546 3159 1600 3210; x_wconf 87' lang='lat' dir='ltr'><strong><em>p.</em></strong></span> <span class='ocrx_word' id='word_1_237' title='bbox 1640 3147 1775 3208; x_wconf 87' lang='lat'>302,</span> <span class='ocrx_word' id='word_1_238' title='bbox 1813 3142 1914 3196; x_wconf 92' lang='lat' dir='ltr'><strong><em>XV</em></strong></span> <span class='ocrx_word' id='word_1_239' title='bbox 1952 3162 2005 3213; x_wconf 90' lang='lat' dir='ltr'><strong><em>p.</em></strong></span> <span class='ocrx_word' id='word_1_240' title='bbox 2047 3149 2151 3197; x_wconf 88' lang='grc'><strong><em>693</em></strong></span> <span class='ocrx_word' id='word_1_241' title='bbox 2667 3159 2675 3165; x_wconf 94' lang='grc'><em>·</em></span> 
     </span>
    </p>

    <p class='ocr_par' dir='ltr' id='par_1_12' title="bbox 289 3215 2589 3456">
     <span class='ocr_line' id='line_1_31' title="bbox 440 3215 2589 3294; baseline -0 -14"><span class='ocrx_word' id='word_1_242' title='bbox 440 3223 706 3280; x_wconf 88' lang='lat' dir='ltr'>CCLXIII</span> <span class='ocrx_word' id='word_1_243' title='bbox 739 3223 892 3278; x_wconf 74' lang='lat' dir='ltr'><strong><em>Eud.</em></strong></span> <span class='ocrx_word' id='word_1_244' title='bbox 930 3243 984 3294; x_wconf 89' lang='lat' dir='ltr'><strong><em>p.</em></strong></span> <span class='ocrx_word' id='word_1_245' title='bbox 1023 3230 1126 3278; x_wconf 81' lang='lat'><strong><em>302</em></strong></span> <span class='ocrx_word' id='word_1_246' title='bbox 1309 3228 1340 3276; x_wconf 87' lang='grc'>9</span> <span class='ocrx_word' id='word_1_247' title='bbox 1390 3219 1663 3290; x_wconf 78' lang='grc' dir='ltr'><strong><em>φέρονται</em></strong></span> <span class='ocrx_word' id='word_1_248' title='bbox 1702 3215 1880 3278; x_wconf 70' lang='grc' dir='ltr'><strong><em>αὐτοῦ</em></strong></span> <span class='ocrx_word' id='word_1_249' title='bbox 1925 3218 2179 3292; x_wconf 81' lang='grc' dir='ltr'><strong><em>διάλογοι</em></strong></span> <span class='ocrx_word' id='word_1_250' title='bbox 2216 3223 2396 3292; x_wconf 65' lang='lat' dir='ltr'><strong><em>Eud„</em></strong></span> <span class='ocrx_word' id='word_1_251' title='bbox 2446 3242 2589 3294; x_wconf 80' lang='lat' dir='ltr'><strong>quae</strong></span> 
     </span>
     <span class='ocr_line' id='line_1_32' title="bbox 289 3298 2585 3376; baseline -0.001 -14"><span class='ocrx_word' id='word_1_252' title='bbox 289 3304 530 3376; x_wconf 78' lang='grc' dir='ltr'><strong><em>ἔκχυτον</em></strong></span> <span class='ocrx_word' id='word_1_253' title='bbox 576 3307 822 3359; x_wconf 80' lang='lat' dir='ltr'><strong>extremo</strong></span> <span class='ocrx_word' id='word_1_254' title='bbox 869 3305 994 3360; x_wconf 89' lang='lat' dir='ltr'><strong>loco</strong></span> <span class='ocrx_word' id='word_1_255' title='bbox 1039 3303 1294 3359; x_wconf 80' lang='lat' dir='ltr'><strong>laudavit</strong></span> <span class='ocrx_word' id='word_1_256' title='bbox 1471 3298 1507 3372; x_wconf 82' lang='grc' dir='ltr'>ἢ</span> <span class='ocrx_word' id='word_1_257' title='bbox 1555 3305 1685 3372; x_wconf 74' lang='grc' dir='ltr'><strong><em>περὶ</em></strong></span> <span class='ocrx_word' id='word_1_258' title='bbox 1721 3305 1872 3360; x_wconf 83' lang='lat' dir='ltr'><strong><em>Eud.</em></strong></span> <span class='ocrx_word' id='word_1_259' title='bbox 1922 3302 2147 3374; x_wconf 76' lang='lat' dir='ltr'><strong>scripsit</strong></span> <span class='ocrx_word' id='word_1_260' title='bbox 2197 3303 2471 3360; x_wconf 81' lang='lat' dir='ltr'><strong>Westerm.</strong></span> <span class='ocrx_word' id='word_1_261' title='bbox 2524 3303 2585 3360; x_wconf 86' lang='grc' dir='ltr'><strong><em>α’</em></strong></span> 
     </span>
     <span class='ocr_line' id='line_1_33' title="bbox 290 3378 2547 3456; baseline -0.003 -15"><span class='ocrx_word' id='word_1_262' title='bbox 290 3388 429 3455; x_wconf 74' lang='grc' dir='ltr'><strong><em>περὶ</em></strong></span> <span class='ocrx_word' id='word_1_263' title='bbox 463 3388 606 3456; x_wconf 72' lang='lat' dir='ltr'><strong><em>vulq.</em></strong></span> <span class='ocrx_word' id='word_1_264' title='bbox 647 3381 708 3439; x_wconf 87' lang='grc' dir='ltr'><strong><em>α’</em></strong></span> <span class='ocrx_word' id='word_1_265' title='bbox 749 3402 857 3440; x_wconf 94' lang='lat' dir='ltr'><strong><em>om.</em></strong></span> <span class='ocrx_word' id='word_1_266' title='bbox 895 3389 988 3436; x_wconf 76' lang='lat' dir='ltr'><strong><em>BE</em></strong></span> <span class='ocrx_word' id='word_1_267' title='bbox 2538 3378 2547 3388; x_wconf 81' lang='lat'>‘</span> 
     </span>
    </p>

    <p class='ocr_par' dir='ltr' id='par_1_13' title="bbox 287 3461 2588 4093">
     <span class='ocr_line' id='line_1_34' title="bbox 441 3461 2588 3533; baseline -0 -11"><span class='ocrx_word' id='word_1_268' title='bbox 441 3465 705 3522; x_wconf 86' lang='lat' dir='ltr'>CCLXIV</span> <span class='ocrx_word' id='word_1_269' title='bbox 743 3466 894 3520; x_wconf 80' lang='lat' dir='ltr'><strong><em>Eud.</em></strong></span> <span class='ocrx_word' id='word_1_270' title='bbox 931 3482 984 3533; x_wconf 91' lang='lat' dir='ltr'><strong><em>p.</em></strong></span> <span class='ocrx_word' id='word_1_271' title='bbox 1025 3469 1144 3519; x_wconf 80' lang='lat'><strong>286.</strong></span> <span class='ocrx_word' id='word_1_272' title='bbox 1219 3463 1300 3518; x_wconf 87' lang='lat' dir='ltr'><strong>De</strong></span> <span class='ocrx_word' id='word_1_273' title='bbox 1340 3463 1552 3519; x_wconf 87' lang='lat' dir='ltr'><strong>Temno</strong></span> <span class='ocrx_word' id='word_1_274' title='bbox 1590 3481 1641 3519; x_wconf 84' lang='lat' dir='ltr'><strong><em>v.</em></strong></span> <span class='ocrx_word' id='word_1_275' title='bbox 1683 3462 1883 3519; x_wconf 79' lang='lat' dir='ltr'><strong>Strabo</strong></span> <span class='ocrx_word' id='word_1_276' title='bbox 1920 3461 2052 3516; x_wconf 86' lang='lat' dir='ltr'>XIII</span> <span class='ocrx_word' id='word_1_277' title='bbox 2086 3481 2139 3532; x_wconf 89' lang='lat' dir='ltr'><strong><em>p.</em></strong></span> <span class='ocrx_word' id='word_1_278' title='bbox 2180 3470 2281 3519; x_wconf 85' lang='grc'><strong><em>621</em></strong></span> <span class='ocrx_word' id='word_1_279' title='bbox 2417 3473 2482 3521; x_wconf 86' lang='grc'><strong>12</strong></span> <span class='ocrx_word' id='word_1_280' title='bbox 2524 3462 2588 3521; x_wconf 74' lang='grc' dir='ltr'><strong><em>ἐκ</em></strong></span> 
     </span>
     <span class='ocr_line' id='line_1_35' title="bbox 295 3539 2585 3613; baseline 0 -13"><span class='ocrx_word' id='word_1_281' title='bbox 295 3551 363 3605; x_wconf 92' lang='grc' dir='ltr'><strong><em>Τ.</em></strong></span> <span class='ocrx_word' id='word_1_282' title='bbox 398 3563 535 3602; x_wconf 76' lang='lat' dir='ltr'><strong>cort.</strong></span> <span class='ocrx_word' id='word_1_283' title='bbox 575 3547 866 3602; x_wconf 72' lang='lat' dir='ltr'><strong>Reinesius</strong></span> <span class='ocrx_word' id='word_1_284' title='bbox 903 3540 967 3599; x_wconf 73' lang='grc' dir='ltr'><strong><em>ἐκ</em></strong></span> <span class='ocrx_word' id='word_1_285' title='bbox 1010 3562 1116 3601; x_wconf 88' lang='lat' dir='ltr'><strong><em>om.</em></strong></span> <span class='ocrx_word' id='word_1_286' title='bbox 1153 3543 1284 3597; x_wconf 87' lang='lat' dir='ltr'>libri</span> <span class='ocrx_word' id='word_1_287' title='bbox 1462 3550 1527 3598; x_wconf 82' lang='lat'><strong><em>13</em></strong></span> <span class='ocrx_word' id='word_1_288' title='bbox 1567 3545 1809 3612; x_wconf 84' lang='grc' dir='ltr'><strong><em>Καρίων.</em></strong></span> <span class='ocrx_word' id='word_1_289' title='bbox 1850 3539 2121 3612; x_wconf 73' lang='grc' dir='ltr'><strong><em>ᾇητορικόι</em></strong></span> <span class='ocrx_word' id='word_1_290' title='bbox 2155 3546 2300 3613; x_wconf 75' lang='lat' dir='ltr'><strong><em>vuly.</em></strong></span> <span class='ocrx_word' id='word_1_291' title='bbox 2340 3548 2585 3612; x_wconf 81' lang='grc' dir='ltr'><strong><em>Καρίων.</em></strong></span> 
     </span>
     <span class='ocr_line' id='line_1_36' title="bbox 287 3620 2581 3696; baseline -0 -15"><span class='ocrx_word' id='word_1_292' title='bbox 287 3623 592 3696; x_wconf 66' lang='grc' dir='ltr'><strong><em>ῥητορικὰς</em></strong></span> <span class='ocrx_word' id='word_1_293' title='bbox 627 3632 745 3683; x_wconf 75' lang='lat' dir='ltr'><strong><em>Ald.</em></strong></span> <span class='ocrx_word' id='word_1_294' title='bbox 791 3622 990 3695; x_wconf 69' lang='grc' dir='ltr'><strong><em>ῥήτωρ.</em></strong></span> <span class='ocrx_word' id='word_1_295' title='bbox 1029 3622 1230 3694; x_wconf 81' lang='grc' dir='ltr'><strong><em>τέχνας</em></strong></span> <span class='ocrx_word' id='word_1_296' title='bbox 1267 3620 1567 3694; x_wconf 71' lang='grc' dir='ltr'><strong><em>ῥητορικὰς</em></strong></span> <span class='ocrx_word' id='word_1_297' title='bbox 1605 3641 1635 3679; x_wconf 92' lang='lat' dir='ltr'><strong>e</strong></span> <span class='ocrx_word' id='word_1_298' title='bbox 1675 3623 1832 3677; x_wconf 87' lang='lat' dir='ltr'><strong>codd.</strong></span> <span class='ocrx_word' id='word_1_299' title='bbox 1860 3621 1986 3678; x_wconf 78' lang='lat' dir='ltr'><strong><em>Par.</em></strong></span> <span class='ocrx_word' id='word_1_300' title='bbox 2016 3623 2293 3680; x_wconf 80' lang='lat' dir='ltr'><strong>Kusterus</strong></span> <span class='ocrx_word' id='word_1_301' title='bbox 2367 3623 2581 3696; x_wconf 80' lang='grc' dir='ltr'><strong><em>ἔγραψε</em></strong></span> 
     </span>
     <span class='ocr_line' id='line_1_37' title="bbox 289 3701 2585 3776; baseline -0 -15"><span class='ocrx_word' id='word_1_302' title='bbox 289 3705 527 3776; x_wconf 83' lang='grc' dir='ltr'><strong><em>μελέτας</em></strong></span> <span class='ocrx_word' id='word_1_303' title='bbox 568 3701 866 3776; x_wconf 74' lang='grc' dir='ltr'><strong><em>ᾇητορικάς</em></strong></span> <span class='ocrx_word' id='word_1_304' title='bbox 903 3705 1052 3760; x_wconf 79' lang='lat' dir='ltr'><strong><em>Eud.</em></strong></span> <span class='ocrx_word' id='word_1_305' title='bbox 1206 3711 1270 3758; x_wconf 85' lang='lat'><strong><em>14</em></strong></span> <span class='ocrx_word' id='word_1_306' title='bbox 1314 3705 1445 3774; x_wconf 81' lang='lat' dir='ltr'><strong>post</strong></span> <span class='ocrx_word' id='word_1_307' title='bbox 1489 3701 1802 3774; x_wconf 83' lang='grc' dir='ltr'><strong><em>πρέποντος</em></strong></span> <span class='ocrx_word' id='word_1_308' title='bbox 1848 3703 1974 3758; x_wconf 81' lang='lat' dir='ltr'><strong><em>add.</em></strong></span> <span class='ocrx_word' id='word_1_309' title='bbox 2015 3705 2168 3760; x_wconf 78' lang='lat' dir='ltr'><strong><em>Eud.</em></strong></span> <span class='ocrx_word' id='word_1_310' title='bbox 2214 3706 2344 3772; x_wconf 74' lang='grc' dir='ltr'><strong><em>περὶ</em></strong></span> <span class='ocrx_word' id='word_1_311' title='bbox 2390 3701 2585 3760; x_wconf 74' lang='grc' dir='ltr'><strong><em>κώλων</em></strong></span> 
     </span>
     <span class='ocr_line' id='line_1_38' title="bbox 289 3781 2584 3857; baseline -0.001 -17"><span class='ocrx_word' id='word_1_312' title='bbox 289 3787 390 3841; x_wconf 74' lang='grc' dir='ltr'><strong><em>καὶ</em></strong></span> <span class='ocrx_word' id='word_1_313' title='bbox 427 3782 722 3857; x_wconf 48' lang='grc' dir='ltr'><strong><em>περιόδων,</em></strong></span> <span class='ocrx_word' id='word_1_314' title='bbox 745 3802 889 3854; x_wconf 86' lang='lat' dir='ltr'><strong>quae</strong></span> <span class='ocrx_word' id='word_1_315' title='bbox 927 3785 1098 3840; x_wconf 82' lang='lat' dir='ltr'><strong>verba.</strong></span> <span class='ocrx_word' id='word_1_316' title='bbox 1131 3783 1214 3839; x_wconf 90' lang='lat' dir='ltr'><strong>nil</strong></span> <span class='ocrx_word' id='word_1_317' title='bbox 1249 3783 1360 3838; x_wconf 89' lang='lat' dir='ltr'><strong>nisi</strong></span> <span class='ocrx_word' id='word_1_318' title='bbox 1391 3784 1914 3854; x_wconf 71' lang='lat' dir='ltr'><strong>interpretationem</strong></span> <span class='ocrx_word' id='word_1_319' title='bbox 1950 3784 2082 3840; x_wconf 90' lang='lat' dir='ltr'><strong>libri</strong></span> <span class='ocrx_word' id='word_1_320' title='bbox 2118 3783 2246 3852; x_wconf 78' lang='grc' dir='ltr'><strong><em>περὶ</em></strong></span> <span class='ocrx_word' id='word_1_321' title='bbox 2284 3781 2584 3854; x_wconf 79' lang='grc' dir='ltr'><strong><em>σχημάτων</em></strong></span> 
     </span>
     <span class='ocr_line' id='line_1_39' title="bbox 289 3859 2582 3935; baseline -0 -14"><span class='ocrx_word' id='word_1_322' title='bbox 289 3865 592 3921; x_wconf 83' lang='lat' dir='ltr'><strong>continere.</strong></span> <span class='ocrx_word' id='word_1_323' title='bbox 615 3882 728 3920; x_wconf 90' lang='lat' dir='ltr'><strong><em>non</em></strong></span> <span class='ocrx_word' id='word_1_324' title='bbox 763 3865 1061 3934; x_wconf 79' lang='lat' dir='ltr'><strong>persuadet</strong></span> <span class='ocrx_word' id='word_1_325' title='bbox 1097 3865 1294 3932; x_wconf 77' lang='lat' dir='ltr'><strong>Daub,</strong></span> <span class='ocrx_word' id='word_1_326' title='bbox 1331 3865 1460 3934; x_wconf 78' lang='grc' dir='ltr'><strong><em>περὶ</em></strong></span> <span class='ocrx_word' id='word_1_327' title='bbox 1498 3859 1680 3919; x_wconf 75' lang='grc' dir='ltr'><strong><em>κώλου</em></strong></span> <span class='ocrx_word' id='word_1_328' title='bbox 1718 3863 1816 3920; x_wconf 77' lang='grc' dir='ltr'><strong><em>καὶ</em></strong></span> <span class='ocrx_word' id='word_1_329' title='bbox 1853 3861 2139 3935; x_wconf 83' lang='grc' dir='ltr'><strong><em>κόμματος</em></strong></span> <span class='ocrx_word' id='word_1_330' title='bbox 2176 3863 2273 3918; x_wconf 79' lang='grc' dir='ltr'><strong><em>καὶ</em></strong></span> <span class='ocrx_word' id='word_1_331' title='bbox 2309 3861 2582 3933; x_wconf 83' lang='grc' dir='ltr'><strong><em>περιόδου</em></strong></span> 
     </span>
     <span class='ocr_line' id='line_1_40' title="bbox 289 3940 2581 4015; baseline 0 -15"><span class='ocrx_word' id='word_1_332' title='bbox 289 3945 514 4015; x_wconf 81' lang='lat' dir='ltr'><strong>scripsit</strong></span> <span class='ocrx_word' id='word_1_333' title='bbox 547 3946 828 4000; x_wconf 86' lang='lat' dir='ltr'><strong>Lachares</strong></span> <span class='ocrx_word' id='word_1_334' title='bbox 866 3944 956 4014; x_wconf 84' lang='lat' dir='ltr'><strong><em>(cf.</em></strong></span> <span class='ocrx_word' id='word_1_335' title='bbox 996 3963 1046 4000; x_wconf 88' lang='lat' dir='ltr'><strong><em>v.</em></strong></span> <span class='ocrx_word' id='word_1_336' title='bbox 1077 3940 1363 4014; x_wconf 86' lang='grc' dir='ltr'><strong><em>Λαχάρης)</em></strong></span> <span class='ocrx_word' id='word_1_337' title='bbox 1403 3942 1701 4015; x_wconf 85' lang='grc' dir='ltr'><strong><em>σχημάτων</em></strong></span> <span class='ocrx_word' id='word_1_338' title='bbox 1738 3942 2049 4014; x_wconf 66' lang='grc' dir='ltr'><strong><em>ῥητορικῶν</em></strong></span> <span class='ocrx_word' id='word_1_339' title='bbox 2092 3942 2190 3998; x_wconf 80' lang='grc' dir='ltr'><strong><em>καὶ</em></strong></span> <span class='ocrx_word' id='word_1_340' title='bbox 2227 3941 2368 3998; x_wconf 76' lang='grc' dir='ltr'><strong><em>ἄλλα</em></strong></span> <span class='ocrx_word' id='word_1_341' title='bbox 2406 3942 2581 4008; x_wconf 71' lang='grc' dir='ltr'><strong><em>πολλοὶ</em></strong></span> 
     </span>
     <span class='ocr_line' id='line_1_41' title="bbox 289 4023 2423 4093; baseline 0 -15"><span class='ocrx_word' id='word_1_342' title='bbox 289 4025 446 4078; x_wconf 77' lang='lat' dir='ltr'><strong><em>Eud.</em></strong></span> <span class='ocrx_word' id='word_1_343' title='bbox 485 4023 685 4078; x_wconf 81' lang='lat' dir='ltr'><strong>ceteris</strong></span> <span class='ocrx_word' id='word_1_344' title='bbox 726 4023 938 4078; x_wconf 87' lang='lat' dir='ltr'><strong>omissis</strong></span> <span class='ocrx_word' id='word_1_345' title='bbox 1083 4028 1150 4076; x_wconf 83' lang='lat'><strong><em>15</em></strong></span> <span class='ocrx_word' id='word_1_346' title='bbox 1187 4025 1451 4085; x_wconf 76' lang='grc' dir='ltr'><strong><em>Κεκιλίου</em></strong></span> <span class='ocrx_word' id='word_1_347' title='bbox 1487 4030 1590 4077; x_wconf 76' lang='lat' dir='ltr'><strong><em>Av</em></strong></span> <span class='ocrx_word' id='word_1_348' title='bbox 1638 4026 1909 4080; x_wconf 71' lang='lat' dir='ltr'><strong>lVesterm.</strong></span> <span class='ocrx_word' id='word_1_349' title='bbox 1948 4025 2242 4078; x_wconf 86' lang='grc' dir='ltr'><strong><em>Καικιλίου</em></strong></span> <span class='ocrx_word' id='word_1_350' title='bbox 2280 4025 2423 4093; x_wconf 72' lang='lat' dir='ltr'><strong><em>vuly.</em></strong></span> 
     </span>
    </p>

    <p class='ocr_par' dir='ltr' id='par_1_14' title="bbox 286 4095 2583 4336">
     <span class='ocr_line' id='line_1_42' title="bbox 434 4095 2581 4174; baseline 0.001 -17"><span class='ocrx_word' id='word_1_351' title='bbox 434 4102 670 4157; x_wconf 88' lang='lat' dir='ltr'>CCLXV</span> <span class='ocrx_word' id='word_1_352' title='bbox 718 4101 799 4156; x_wconf 89' lang='lat' dir='ltr'><strong><em>Cf.</em></strong></span> <span class='ocrx_word' id='word_1_353' title='bbox 827 4102 1005 4170; x_wconf 89' lang='lat' dir='ltr'><strong>Diels,</strong></span> <span class='ocrx_word' id='word_1_354' title='bbox 1043 4101 1180 4158; x_wconf 84' lang='lat' dir='ltr'><strong><em>Dox.</em></strong></span> <span class='ocrx_word' id='word_1_355' title='bbox 1208 4120 1260 4171; x_wconf 91' lang='lat' dir='ltr'><strong><em>p.</em></strong></span> <span class='ocrx_word' id='word_1_356' title='bbox 1293 4109 1396 4159; x_wconf 79' lang='lat'><strong><em>259</em></strong></span> <span class='ocrx_word' id='word_1_357' title='bbox 1416 4122 1529 4174; x_wconf 91' lang='lat' dir='ltr'><strong>seq.</strong></span> <span class='ocrx_word' id='word_1_358' title='bbox 1670 4111 1735 4160; x_wconf 88' lang='lat'><strong><em>18</em></strong></span> <span class='ocrx_word' id='word_1_359' title='bbox 1780 4095 1851 4172; x_wconf 87' lang='grc' dir='ltr'><strong><em>ἦν</em></strong></span> <span class='ocrx_word' id='word_1_360' title='bbox 1897 4101 1961 4158; x_wconf 73' lang='grc' dir='ltr'><strong><em>δὲ</em></strong></span> <span class='ocrx_word' id='word_1_361' title='bbox 2002 4119 2115 4172; x_wconf 86' lang='lat' dir='ltr'><strong>seq.</strong></span> <span class='ocrx_word' id='word_1_362' title='bbox 2156 4121 2262 4158; x_wconf 88' lang='lat' dir='ltr'><strong><em>om.</em></strong></span> <span class='ocrx_word' id='word_1_363' title='bbox 2301 4109 2347 4155; x_wconf 83' lang='lat' dir='ltr'><strong>V</strong></span> <span class='ocrx_word' id='word_1_364' title='bbox 2392 4103 2581 4173; x_wconf 86' lang='lat' dir='ltr'><strong>itaque</strong></span> 
     </span>
     <span class='ocr_line' id='line_1_43' title="bbox 287 4181 2583 4254; baseline -0.001 -14"><span class='ocrx_word' id='word_1_365' title='bbox 287 4192 370 4240; x_wconf 84' lang='lat' dir='ltr'><strong>ex&#39;</strong></span> <span class='ocrx_word' id='word_1_366' title='bbox 396 4184 691 4238; x_wconf 81' lang='lat' dir='ltr'><strong>Damascio</strong></span> <span class='ocrx_word' id='word_1_367' title='bbox 729 4182 1023 4238; x_wconf 82' lang='lat' dir='ltr'><strong>accessisse</strong></span> <span class='ocrx_word' id='word_1_368' title='bbox 1069 4183 1360 4251; x_wconf 79' lang='lat' dir='ltr'><strong>probabile</strong></span> <span class='ocrx_word' id='word_1_369' title='bbox 1390 4187 1490 4239; x_wconf 85' lang='lat' dir='ltr'><strong>est.</strong></span> <span class='ocrx_word' id='word_1_370' title='bbox 1536 4184 1740 4236; x_wconf 87' lang='lat' dir='ltr'><strong>Verum</strong></span> <span class='ocrx_word' id='word_1_371' title='bbox 1777 4181 1919 4236; x_wconf 87' lang='lat' dir='ltr'><strong>vidit</strong></span> <span class='ocrx_word' id='word_1_372' title='bbox 1947 4183 2295 4254; x_wconf 75' lang='lat' dir='ltr'><strong><em>Bernhardy.</em></strong></span> <span class='ocrx_word' id='word_1_373' title='bbox 2425 4181 2583 4251; x_wconf 81' lang='grc' dir='ltr'><strong><em>φιλό-</em></strong></span> 
     </span>
     <span class='ocr_line' id='line_1_44' title="bbox 286 4261 2574 4336; baseline -0 -17"><span class='ocrx_word' id='word_1_374' title='bbox 286 4283 467 4332; x_wconf 89' lang='grc' dir='ltr'><strong><em>σοφος</em></strong></span> <span class='ocrx_word' id='word_1_375' title='bbox 501 4268 612 4320; x_wconf 78' lang='grc' dir='ltr'><strong><em>ΒΕ.</em></strong></span> <span class='ocrx_word' id='word_1_376' title='bbox 777 4269 846 4317; x_wconf 80' lang='grc'><strong><em>20</em></strong></span> <span class='ocrx_word' id='word_1_377' title='bbox 893 4261 1128 4318; x_wconf 83' lang='lat' dir='ltr'><strong>Addidit</strong></span> <span class='ocrx_word' id='word_1_378' title='bbox 1169 4264 1439 4318; x_wconf 88' lang='lat' dir='ltr'><strong>nonnulla</strong></span> <span class='ocrx_word' id='word_1_379' title='bbox 1487 4263 1687 4318; x_wconf 82' lang='lat' dir='ltr'><strong>Suidas</strong></span> <span class='ocrx_word' id='word_1_380' title='bbox 1735 4282 1802 4318; x_wconf 84' lang='lat' dir='ltr'><strong>ex</strong></span> <span class='ocrx_word' id='word_1_381' title='bbox 1839 4263 2131 4320; x_wconf 84' lang='lat' dir='ltr'><strong>Damascio</strong></span> <span class='ocrx_word' id='word_1_382' title='bbox 2169 4261 2335 4318; x_wconf 90' lang='lat' dir='ltr'><strong>Phot.</strong></span> <span class='ocrx_word' id='word_1_383' title='bbox 2383 4283 2437 4336; x_wconf 92' lang='lat' dir='ltr'><strong><em>p.</em></strong></span> <span class='ocrx_word' id='word_1_384' title='bbox 2477 4271 2574 4318; x_wconf 83' lang='lat'><strong><em>341</em></strong></span> 
     </span>
    </p>
   </div>
   <div class='ocr_carea' id='block_1_5' title="bbox 286 4345 559 4416">
    <p class='ocr_par' dir='ltr' id='par_1_15' title="bbox 286 4345 559 4416">
     <span class='ocr_line' id='line_1_45' title="bbox 286 4345 559 4416; baseline -0.007 -17"><span class='ocrx_word' id='word_1_385' title='bbox 286 4345 559 4416; x_wconf 81' lang='lat' dir='ltr'><strong>decerpta</strong></span> 
     </span>
    </p>
   </div>
  </div>
 </body>
</html>
