3025 4892
533 261 618 327 68
1455 256 1886 314 HEsYchS.

709 424 979 492 GGLIX.
1021 420 1628 510 Ἐρασίστρατος
1649 399 2012 506 Ἰουλιήτης
2050 414 2185 485 ἀπὸ
2207 415 2549 504 Ἰουλίδος,
2577 417 2833 496 πόλεως

532 534 685 601 Κέω
738 535 857 619 τῆς
911 529 1142 616 νήσου.
1243 532 1619 617 χρηματίζει
1688 517 1815 592 οὖν
1870 525 2118 613 Κήϊος,
2183 525 2333 604 υίὸς
2386 523 2834 610 Κρητοξένης,

530 641 647 725 τῆς
692 642 972 725 Μηδίου
1020 639 1141 704 τοῦ
1190 638 1424 721 ἰατροῦ
1474 631 1800 720 ἀδελφῆς,
1857 633 1968 700 καὶ
2014 629 2511 719 Κλεομβρότου.
2572 620 2833 714 ἶ[οὗτος

528 743 868 833 Ἀντίοχον
913 742 1032 812 τὸν
1080 741 1354 828 βασιλέα
1394 744 1731 808 νοσοῦντα
1772 737 1901 808 ὑπὸ
1942 743 2063 808 τοῦ
2099 743 2215 826 τῆς
2252 740 2580 826 μητρυιᾶς
2618 743 2833 824 Στρα-

480 871 506 911 ⁵
532 857 800 939 τονίκης
853 848 1080 919 πόθου
1137 847 1369 916 ἰάσατο
1383 900 1402 935 ,
1471 844 1693 936 εὑρὼν
1749 845 1825 915 τὸ
1884 845 2105 927 πάθος
2160 849 2229 914 ἐκ
2286 850 2405 914 τοῦ
2464 857 2656 932 σχεῖν
2713 841 2834 928 τῆν

533 974 719 1047 χεῖρα
784 959 888 1027 ἐπὶ
952 956 1077 1046 τῆν
1138 961 1422 1046 καρδίαν
1485 954 1695 1024 αὐτοῦ
1749 955 1860 1022 καὶ
1914 953 2034 1023 τὸν
2089 961 2354 1042 παλμον
2405 950 2834 1020 ’συνεικάσαν

535 1063 763 1146 ὁσάκις
817 1065 944 1156 γὰρ
1001 1071 1274 1151 ἔβλεπεν
1333 1061 1368 1131 ὁ
1411 1061 1748 1149 Ἀντίοχος
1801 1059 1928 1148 τῆν
1986 1059 2319 1149 μητρυιὰν
2364 1057 2575 1128 αὐτοῦ
2623 1057 2833 1146 τυχὸν

535 1175 995 1260 διερχομένην,
1035 1171 1351 1240 ἐπάλλετο
1391 1169 1513 1257 τὴν
1551 1173 1835 1257 καρδίαν
1873 1169 2157 1257 μάλιστα
2191 1171 2279 1260 τῷ
2310 1169 2555 1253 ταύτης
2585 1171 2829 1254 ἔρωτι.]

533 1280 856 1348 τέθαπται
913 1278 987 1346 δὲ
1041 1277 1207 1368 πρὸς
1260 1281 1350 1370 τῷ
1409 1276 1550 1365 ὄρει
1608 1279 1687 1365 τῇ
1746 1278 2066 1364 Μυκάλῃ,
2122 1300 2520 1363 καταντικρυ
2567 1275 2833 1361 Σάμου.

455 1407 506 1446 10
536 1391 824 1473 ἔγραψεν
873 1383 1133 1476 ἰατρικὰ
1178 1389 1406 1471 βιβλία
1449 1381 1549 1451 θ’.

715 1511 956 1580 COLX.
1042 1509 1710 1599 Ἐρατοσθένης
1768 1503 2050 1594 Ἀγλαοῦ
2117 1510 2217 1596 (οἱ
2274 1505 2347 1575 δὲ
2397 1502 2834 1594 Ἀμβροσίου)

536 1624 947 1707 Κυρηναῖος,
987 1615 1292 1706 μαθητὴς
1319 1615 1705 1704 φιλοσόφου
1738 1612 2134 1705 Ἀρίστωνος
2165 1617 2369 1702 <τοῦ>
2399 1619 2593 1699 Χίου,
2630 1639 2836 1702 γραμ

536 1729 816 1813 ματικοῦ
874 1723 948 1791 δὲ
1003 1729 1357 1792 Λυσανίου
1411 1727 1533 1791 τοῦ
1594 1727 1994 1812 Κυρηναίου
2048 1722 2159 1789 καὶ
2217 1723 2660 1808 Καλλιμάχου
2716 1723 2835 1787 τοῦ

536 1835 836 1920 ποιητοῦ.
910 1831 1336 1919 μετεπέμφθη
1388 1830 1462 1898 δὲ
1509 1831 1577 1911 ἐξ,
1618 1827 1929 1916 Ἀθηνῶν
1976 1825 2107 1896 ὑπὸ
2153 1832 2275 1896 τοῦ
2315 1833 2544 1920 τρίτου
2581 1835 2835 1896 Πτολε-

458 1962 510 2001 1⁵
538 1945 800 2027 μαίου,
845 1937 955 2006 καὶ
1021 1938 1316 2024 διέτριψε
1380 1939 1571 2025 μέχρι
1636 1941 1758 2005 τοῦ
1821 1937 2150 2023 πέμπτου,
2216 1934 2328 2003 διὰ
2395 1935 2469 2003 δὲ
2531 1934 2608 2003 τὸ
2688 1939 2835 2003 δευ-

537 2046 830 2132 τερεύειν
897 2047 970 2112 ἐν
1033 2047 1230 2112 παντὶ
1287 2048 1452 2112 εἴδει
1507 2046 1811 2123 παιδείας
1864 2057 2003 2123 τοῖς
2058 2043 2289 2130 ἄκροις
2343 2045 2609 2129 ἐγγίσας
2664 2047 2834 2130 βῆτα

540 2151 900 2239 ἐπεκλήθη·
959 2155 1028 2219 οἷ
1070 2151 1142 2220 δὲ
1187 2151 1298 2220 καὶ
1346 2151 1663 2240 δεύτερον
1711 2147 1751 2239 ἢ
1811 2153 1969 2220 νέον
2018 2147 2384 2236 Πλάτωνα,
2434 2149 2629 2218 ἄλλοι
2688 2151 2835 2217 πέν-

538 2266 796 2327 ταθλον
845 2257 1185 2326 ἐκάλεσαν.
1259 2260 1495 2346 ἐτέχθη
1539 2257 1613 2325 δὲ
1652 2257 1798 2346 ρκς’
1840 2255 2224 2345 ὀλυμπιάδι,
2261 2257 2372 2324 καὶ
2411 2259 2833 2345 ἐτελεύτησεν

539 2367 611 2434 π’
677 2370 844 2436 ἐτι-δν
898 2367 1220 2454 γεγονώς,
1277 2366 1735 2454 ἀποσχόμενος
1780 2369 2033 2453 τροφῆς
2072 2364 2185 2432 διὰ
2232 2363 2306 2432 τὸ
2354 2362 2836 2452 ἀμβλυώττειν,

457 2516 510 2555 20
537 2473 849 2562 μαθητὴν
916 2477 1240 2562 ἐπίσημον
1296 2470 1676 2542 καταλιπών
1728 2470 2215 2560 Ἀριστοφάνην
2269 2471 2390 2540 τὸν
2434 2471 2834 2558 Βυζάντιον,

541 2573 622 2650 οὗ
685 2581 886 2650 πάλιν
947 2579 1370 2671 Ἀρίσταρχος
1432 2577 1754 2667 μαθητής.
1863 2579 2161 2667 μαθηταὶ
2226 2579 2300 2647 δε
2366 2575 2574 2647 αυτοῦ
2639 2587 2835 2648 Μνα-

541 2691 694 2768 σέας
737 2689 848 2756 καὶ
891 2691 1297 2776 Μένανδρος
1353 2689 1464 2754 καὶ
1502 2685 1817 2775 ’Ἀριστις
1891 2691 2139 2814 ἔγραψε
2194 2685 2269 2754 δὲ
2323 2685 2667 2774 φιλόσοφα
2727 2686 2835 2754 καὶ

540 2795 873 2883 ποιήματα
917 2797 1029 2864 καὶ
1077 2801 1403 2885 ἱστορίας,
1453 2790 1907 2883 ἀστρονομίαν
1958 2787 2000 2879 ἢ
2046 2793 2636 2882 καταστερισμούς,
2682 2793 2835 2879 περὶ
2910 2803 2915 2810 “

682 3035 893 3092 OCLIX
929 3037 1156 3092 Errasse
1197 3037 1418 3092 constat
1455 3035 1647 3105 Steph.
1680 3034 1790 3104 Byz
1826 3053 1877 3090 v.
1917 3035 2072 3103 Κῶς,
2110 3035 2208 3104 qui
2244 3035 2392 3090 huno
2428 3034 2833 3090 Erasistratum

541 3117 716 3172 Coum
761 3117 922 3185 feeit,
971 3118 1079 3172 sibi
1123 3115 1235 3186 ipsi
1281 3117 1609 3172 adversabus
1654 3133 1705 3168 v.
1750 3111 1943 3178 Ἰουλίς
2090 3122 2116 3170 1
2162 3111 2463 3178 Ἰουλιάδος
2497 3118 2643 3187 vuly.
2690 3135 2832 3173 corr.

542 3199 866 3266 MenayiuS,
913 3215 1021 3253 reo.
1061 3197 1356 3253 Westerm.
1513 3203 1545 3250 2
1584 3194 1744 3256 Κέως
1780 3199 1827 3246 A
2006 3201 2039 3248 3
2086 3189 2250 3258 οὗτος
2288 3227 2353 3236 —-
2394 3195 2556 3265 ἔρωτι
2602 3215 2717 3252 non
2764 3198 2835 3252 ab

537 3277 817 3346 Hesychio
855 3278 1108 3348 perfecta
1145 3280 1291 3346 sunt,
1329 3277 1426 3332 sed
1453 3275 1629 3346 ipsius
1663 3273 1867 3328 Suidae
1900 3275 2153 3330 sollertia.
2180 3276 2375 3330 addita
2402 3293 2471 3331 ex
2496 3277 2643 3333 Plut.
2672 3277 2833 3332 Dem.

537 3376 593 3426 p.
633 3363 735 3411 907
773 3357 867 3412 vel
903 3359 1144 3427 Appian.
1184 3359 1252 3412 de
1290 3358 1452 3412 bellis
1491 3356 1607 3426 Syr.
1646 3374 1700 3423 p.
1740 3361 1845 3409 204
1882 3355 1975 3409 vel
2010 3355 2135 3409 Val.
2175 3356 2319 3410 Max.
2349 3356 2417 3428 V,
2448 3363 2478 3411 7
2511 3358 2599 3412 vel
2627 3357 2698 3412 al.
2753 3359 2833 3413 cf.

539 3437 680 3493 Mus,
719 3437 894 3495 Rhen.
932 3438 1138 3492 XXXV
1177 3457 1231 3508 p.
1271 3444 1374 3492 210
1522 3442 1550 3490 7
1592 3431 1789 3508 ὁσάκις
1826 3465 1892 3476 ——
1934 3433 2097 3503 ἔρωτι
2134 3453 2241 3491 om.
2280 3442 2327 3489 A

661 3526 866 3581 ·CCLX
910 3529 1062 3585 Eud.
1109 3547 1164 3598 p.
1205 3534 1324 3583 300.
1398 3526 1480 3582 Cf.
1521 3524 1711 3594 Steph.
1751 3523 1879 3593 Byz.
1928 3542 1980 3580 v.
2018 3520 2267 3594 Κυρήνη.
2342 3526 2611 3582 Tractant
2658 3525 2832 3582 Bern-

536 3606 734 3676 hardy,
770 3606 1122 3663 Eratosthen.
1160 3625 1214 3676 p.
1245 3607 1352 3662 VII
1381 3623 1523 3677 seq„
1560 3605 1750 3673 Daub‚
1790 3604 1946 3659 stud.
1984 3623 2039 3674 p.
2078 3609 2147 3659 83
2294 3613 2358 3661 11
2407 3603 2465 3661 οἷ
2507 3604 2571 3661 δὲ
2612 3601 2832 3678 Ἀμβρο-

539 3689 662 3742 σιόυ
711 3704 817 3743 om.
856 3689 1008 3743 Eud.
1057 3705 1222 3743 nemo
1263 3688 1488 3756 praeter
1518 3687 1756 3758 ‚Suidam
1793 3685 2251 3740 commemoravit
2407 3692 2471 3740 12
2508 3690 2834 3756 Κυρηναῖος

539 3777 646 3822 om'.
676 3768 828 3822 Eud.
940 3761 1104 3830 οὗτος
1143 3763 1387 3836 ἤκουσεν
1423 3768 1575 3822 Eud.
1752 3761 2083 3834 Ἀριστοχίου
2120 3771 2166 3817 V
2210 3767 2312 3820 τοῦ
2346 3769 2491 3821 Χίου
2536 3769 2836 3838 proposuit

537 3847 897 3918 Bernhardy,
932 3849 1078 3902 Χίου
1113 3849 1258 3917 vuly.
1435 3854 1500 3902 14
1538 3845 1916 3918 μετεπέμφθη
1958 3877 2020 3884 -
2051 3842 2279 3916 ’Άριστις
2316 3865 2423 3902 om.
2462 3849 2611 3904 Eud.

543 3933 607 3982 15
647 3925 919 3996 διέπρεψε
959 3928 1128 3982 Daub
1230 3923 1326 3982 διὰ
1365 3959 1432 3968 -
1473 3923 1765 3995 ἐπεκλήθη
1808 3926 2104 3995 descripsit
2142 3927 2634 3999 Pseudo-Hesyeh.
2675 3947 2720 3984 ο.
2764 3939 2831 3986 27

543 4015 608 4064 16
649 4004 1080 4078 ἐγγίσασινκῑρ.
1121 4003 1354 4079 §wigurm
1391 4009 1523 4064 Hes,
1564 4003 1789 4078 ἐγγίσας
1817 4028 1955 4066 corr.
1988 4010 2261 4079 Toupius,
2299 4009 2397 4078 qui
2434 4011 2493 4063 et
2529 4005 2832 4079 ἐγγίσαντα

537 4088 794 4144 laudavit
830 4083 1052 4160 βήματα
1089 4089 1221 4144 libri
1261 4089 1404 4161 βῆτα
1442 4089 1574 4144 Ηεε.
1742 4096 1807 4145 18
1849 4087 2056 4160 ἐτέχθη
2098 4121 2164 4130 --
2202 4090 2302 4144 καὶ
2346 4107 2453 4144 om.
2492 4094 2554 4157 V,
2593 4107 2833 4157 quorum

539 4170 666 4225 loco
703 4169 847 4238 legit
883 4161 1049 4233 οὗτος
1195 4176 1260 4224 19
1299 4163 1746 4240 άποσχισόμενος
1772 4178 1819 4225 A
1962 4179 2031 4227 20
2070 4167 2331 4242 μαθητὴς
2369 4169 2433 4225 δὲ
2462 4175 2509 4222 A
2652 4176 2721 4224 21
2764 4167 2832 4227 οὗ

539 4248 710 4304 πάλιν
749 4282 815 4290 -
839 4245 1071 4320 ’Ἀριστις
1109 4269 1222 4308 om..
1245 4252 1297 4306 V
1468 4258 1536 4305 22
1563 4247 1793 4321 ’Ἀριστις
1830 4251 2081 4307 defendit
2122 4252 2395 4317 Meineke,
2438 4251 2509 4303 ad
2548 4249 2831 4308 Theocrit.

539 4329 670 4396 VII,
710 4336 812 4384 100
857 4326 1246 4400 Ἀριστοφάνης
1279 4333 1471 4400 inepte
1506 4333 1732 4401 flagitat
1766 4331 2100 4401 Bernhardy
2244 4336 2311 4384 23
2350 4329 2836 4402 καταστηριγμούς

541 4413 586 4460 A
623 4409 776 4462 Eud.
811 4411 956 4477 vwly.
996 4409 1467 4480 καταστερισμούς
1507 4413 1714 4467 Portus
2608 4439 2615 4446 ·
