3025 4892
1084 233 1513 294 HESYCHIUS.
2356 233 2444 300 35

315 401 644 470 CXXXV.
709 395 1118 480 Αὐσόνιος
1163 397 1507 487 σοφιστής,
1554 395 1903 486 γεγραφὼς
1940 393 2289 477 ἐπιστολὰς
2332 398 2444 465 καὶ

137 507 310 577 ἄλλα
360 508 516 578 τινὰ
561 506 728 598 πρὸς
771 507 1074 578 Νόννον.

319 617 684 685 CXXXVI.
765 613 1290 705 Αὐτοκράτης
1346 613 1734 702 Ἀθηναῖος,
1798 611 2087 700 κωμικὸς
2151 609 2441 701 ἀρχαῖος.

129 751 270 791 των
346 723 710 812 δραμάτων
760 721 970 792 αὐτοῦ
1042 727 1519 810 Τυμπανισταί.
1610 726 1857 808 ἔγραψε
1922 719 2033 788 καὶ
2070 721 2445 810 τραγῳδίας

132 830 416 910 πολλάς.
2471 855 2497 895 5

315 939 708 1006 CXXXVII.
775 934 1153 1024 Ἀφαρεύς
1190 933 1552 1022 Ἀθηναῖος
1596 935 1851 1022 ῥήτωρ,
1896 931 2047 1014 υίὸς
2088 935 2210 1000 τοῦ
2256 951 2442 1019 σοφι-

133 1049 302 1112 στοῦ
331 1042 599 1113 Ἱππίου
642 1044 753 1111 καὶ
791 1044 1185 1129 Πλαθάνης,
1229 1042 1565 1130 πρόγονος
1610 1041 1683 1108 δὲ
1708 1038 2125 1127 Ισοκράτους
2167 1042 2290 1108 τοῦ
2330 1037 2445 1151 ῥή-

129 1177 359 1238 τορος,
415 1147 715 1238 ἀκμάσας
766 1149 930 1218 κατὰ
986 1147 1111 1237 τὴν
1160 1147 1248 1229 (ιε’
1288 1147 1703 1236 ὀλυμπιάδα,
1764 1173 1872 1216 οτε
1909 1147 2019 1215 καὶ
2078 1145 2359 1215 Πλάτων
2405 1170 2442 1212 ο

134 1256 536 1344 φιλόσοφος.

317 1365 738 1433 CXXXVIII.
805 1359 1048 1448 Αφθο
1063 1388 1232 1441 νιος
1277 1360 1618 1449 σοφιστής.
1684 1366 1972 1449 ἔγραψεν
2015 1363 2110 1444 εἰς
2145 1357 2268 1448 τὴν
2295 1356 2441 1447 Ἑρ-
2472 1391 2525 1430 ιο

137 1472 476 1558 μογένους
518 1473 760 1559 τέχνην
806 1469 1394 1558 προγυμνάσματα.

321 1580 680 1648 CXXXIX.
774 1575 1250 1666 Ἀφρικανός
1328 1573 1363 1644 ὁ
1443 1577 1690 1656 Σέξτος
1757 1581 2188 1663 χρηματίσας,
2259 1572 2447 1660 φιλό-

142 1706 360 1772 σοφος
405 1690 641 1772 Λίβυς,
689 1682 724 1754 ὁ
773 1684 930 1765 τοὺς
973 1682 1272 1764 Κεστοὺς
1316 1681 1666 1770 γεγραφὼς
1709 1685 1783 1750 ἐν
1809 1687 2098 1769 βιβλίοις
2123 1680 2245 1750 κδ’.
2318 1679 2446 1748 εἰσὶ

69 1842 77 1850 .
142 1791 216 1858 δὲ
267 1793 482 1860 οἱονεὶ
530 1791 804 1879 φυσικά,
865 1797 1098 1879 ἔχοντα
1147 1792 1218 1859 ἐκ
1254 1789 1478 1877 λόγων
1514 1815 1585 1856 τε
1619 1789 1731 1857 καὶ
1768 1791 2105 1858 ἐπαοιδῶν
2141 1787 2252 1855 καὶ
2290 1813 2449 1872 γρα-

135 1902 324 1967 πτῶν
387 1926 595 1967 τινων
659 1897 1096 1988 χαρακτήρων
1163 1896 1373 1977 ἰάσεις
1423 1921 1496 1964 τε
1549 1895 1661 1963 καὶ
1720 1892 2013 1964 ἀλλοίων
2074 1897 2446 1983 ἐνεργειῶν.
2476 1925 2526 1963 15

136 2003 308 2074 κατὰ
335 2096 338 2098 Ὗ
367 2002 616 2074 τούτου
682 2011 970 2094 ἔγραψεν
1017 2001 1392 2090 Ὠριγένης,
1447 2008 1764 2071 ἔνστασιν
1807 2000 2253 2090 ποιησάμενος
2296 2001 2447 2089 περὶ

137 2116 267 2182 τοῦ
301 2116 419 2200 τῆς
462 2110 842 2198 Σωσάννης
886 2114 1154 2195 βιβλίου
1199 2113 1323 2176 τοῦ
1369 2113 1462 2190 εἰς
1505 2107 1629 2178 τὸν
1679 2107 1963 2196 Δανιήλ.

323 2219 507 2288 CXL.
575 2215 875 2305 Ἀχαιὸς
919 2215 1356 2304 Πυθοδώρου
1400 2215 1441 2302 ἢ
1490 2219 2024 2304 Πυθοδωρίδου,
2080 2213 2448 2305 Ἐρετριεὺς

140 2325 494 2412 τραγικός,
543 2326 777 2412 γέγονε
822 2321 986 2391 κατὰ
1033 2321 1158 2409 τὴν
1207 2321 1314 2390 οδ’
1363 2319 1767 2409 ὀλυμπιάδα,
1813 2323 1925 2390 καὶ
1974 2321 2277 2407 δράματα
2316 2323 2443 2388 ἐδί-

145 2433 303 2512 δαξε
347 2431 488 2520 μδ’,
528 2436 598 2501 oc
640 2431 712 2501 δὲ
741 2431 806 2498 λ’
847 2430 1303 2520 ἱστορήκασιν,
1346 2426 1543 2497 ἄλλοι
1578 2428 1710 2497 κδ’.
1775 2431 2038 2516 ἐνίκησε
2074 2427 2150 2496 δὲ
2188 2431 2280 2497 ἕν.
2351 2419 2441 2514 ἦν
2468 2459 2521 2497 20

145 2537 220 2606 δὲ
265 2537 593 2626 νεώτερος
639 2539 1074 2626 Σοφοκλέους
1119 2533 1324 2628 ὀλίγῳ
1370 2540 1525 2605 τινί.
1612 2536 2078 2605 ἐπεδείκνυντο
2125 2533 2202 2602 δὲ
2245 2537 2441 2622 κοινῇ

146 2641 274 2710 σὺν
321 2645 431 2712 καὶ
479 2643 813 2736 Εὐριπίδῃ
851 2641 980 2714 ἀπὸ
1026 2647 1144 2731 τῆς
1188 2641 1307 2731 πγ’
1355 2641 1787 2730 ὀλυμπιάδος.

148 2815 288 2884 βιβλ.
318 2808 390 2882 ιγ’
419 2813 570 2870 Eud.
629 2812 888 2868 Ceterum
925 2809 1138 2882 ἔγραψε
1169 2827 1276 2866 om.
1306 2816 1352 2864 Δ
1391 2829 1695 2883 omnesque
1732 2813 1847 2868 fere
1883 2813 2018 2868 libri
2047 2813 2103 2868 et
2131 2815 2266 2868 vett.
2298 2812 2441 2879 edd.‚

147 2893 308 2947 addit
340 2898 403 2961 V,
439 2893 674 2949 inseruit
706 2893 1044 2964 Bernhardy

289 2971 539 3029 CXXXV
581 2980 612 3027 2
651 2989 724 3027 an
761 2968 902 3041 πρὸς
932 2972 1172 3026 Θέωναῗ
1211 2971 1309 3024 sed
1344 2975 1474 3042 post
1510 2968 1637 3026 τινά
1674 2971 2077 3043 interpungens
2116 2968 2257 3043 πρὸς
2292 2971 2441 3026 Νόν·

148 3072 246 3107 νον
289 3051 612 3121 cognomini
650 3051 821 3106 alicui
855 3051 1056 3106 tribuit
1093 3052 1416 3108 Gutschmid

295 3131 573 3187 CXXXVI
611 3133 763 3189 Eud.
801 3152 854 3202 p.
896 3138 1014 3189 118.
1089 3129 1169 3186 Cf.
1208 3130 1465 3186 Meineke
1501 3133 1529 3185 Ι
1564 3151 1619 3202 p.
1658 3139 1791 3200 270,
1827 3133 1879 3186 II
1916 3153 1969 3205 p.
2010 3141 2111 3190 891

289 3213 593 3269 CXXXVII
639 3213 789 3269 Eud.
837 3231 892 3283 p.
933 3219 1050 3268 114.
1125 3213 1204 3267 Cf.
1235 3211 1517 3282 Welcker,
1564 3213 1654 3268 Gr.
1705 3216 1871 3283 Trag.
1920 3234 1975 3285 p.
2026 3222 2188 3285 10683
2236 3216 2441 3287 Bergk,

147 3295 300 3350 Poet.
339 3293 465 3364 Lyr.
503 3312 556 3362 p.
597 3299 697 3347 641
883 3298 912 3347 7
961 3291 1067 3357 ual-
1105 3288 1420 3362 Πλαθάνης
1466 3308 1573 3348 om.
1612 3291 1763 3348 Eud.
1918 3291 2196 3365 πρόγονός
2240 3317 2299 3351 τε
2344 3297 2443 3352 καὶ

150 3373 464 3442 εἰσποίητος
501 3373 672 3427 Dion.
711 3372 897 3428 Halia.
937 3371 1163 3428 Isocrass.
1201 3390 1257 3442 p.
1297 3380 1418 3430 102.
1564 3381 1595 3430 8
1634 3372 1713 3430 κε’
1754 3381 1854 3429 131:

295 3452 625 3508 CXXXVIII
667 3452 885 3509 Fabric.
931 3452 1067 3507 bibl.
1115 3471 1197 3523 gr.
1237 3454 1315 3508 VI
1361 3472 1415 3525 p.
1455 3460 1541 3510 94.
1615 3456 1696 3511 Cf.
1738 3457 1940 3511 Suidas
1987 3477 2037 3514 v.
2082 3453 2439 3528 Ἑρμογένης.

148 3537 234 3590 Ab
274 3536 423 3589 Aldo
460 3533 615 3589 edita
651 3533 869 3588 monuit
903 3533 1178 3588 Kusterus

291 3613 564 3670 CXXXIX
603 3613 757 3670 Eud.
787 3632 841 3684 p.
879 3619 995 3670 125.
1055 3613 1135 3669 cf.
1166 3634 1216 3670 v.
1245 3615 1456 3681 Σέξτος
1481 3617 1673 3688 Λίβυς.
1730 3615 1810 3673 Cf.
1840 3617 2051 3684 Gelzer,
2089 3617 2238 3673 Sext.
2267 3619 2439 3673 Iulius

151 3697 444 3752 Africanus
490 3714 542 3750 u.
591 3695 680 3749 die
733 3695 854 3764 byz.
908 3694 1110 3750 Chron.
1167 3696 1422 3765 (Leipzig
1471 3699 1630 3767 1880)
1818 3702 1882 3751 12
1934 3695 2147 3762 Σέξτος
2196 3697 2441 3768 Scaliyer

147 3779 424 3832 Kasterus
462 3773 671 3836 Κέστος
703 3773 952 3828 Valesius
993 3774 1208 3837 Σέκτος
1244 3781 1345 3829 AV
1381 3781 1500 3831 Ala.
1538 3779 1683 3846 ναῖς.
1722 3777 1954 3845 Σὲκτωρ
1982 3777 2132 3833 Eud.
2250 3782 2315 3831 15
2342 3777 2442 3831 ’καὶ

147 3855 318 3918 ἄλλας
374 3850 658 3924 ἐνεργείας
709 3854 984 3908 Kusterus
1035 3852 1211 3918 ἰάσεις
1262 3876 1321 3911 τε
1374 3856 1472 3911 καὶ
1522 3853 1795 3927 δυνάμεις
1842 3852 2081 3911 άλλοίων
2140 3852 2440 3926 ἐνεργειῶν

153 3939 406 4006 Toupius
443 3934 540 3990 καὶ
577 3930 693 3990 άλλ.
734 3929 1035 4003 ἐνεργειῶν
1077 3933 1319 4006 δύναμις
1355 3937 1798 3992 Hemsterhusius
1958 3943 2025 3992 16
2061 3933 2442 4007 ποιησάμενος

147 4017 282 4072 libri
320 4017 472 4071 Eud.
505 4015 778 4069 Westerm.
816 4014 1202 4086 ποιησαμένου
1241 4017 1575 4086 Bernhardy

293 4097 434 4152 CXL
473 4093 625 4150 Eud.
653 4112 708 4164 p.
742 4101 860 4150 118.
909 4093 988 4151 Cf.
999 4097 1288 4165 Welcker,
1318 4099 1410 4153 Gr.
1441 4097 1608 4167 Trag.
1635 4115 1712 4230 pa
1710 4102 1815 4153 958
1926 4102 1990 4151 18
2020 4097 2439 4166 Πυθοδωρίὸου

150 4251 290 4288 corr.
316 4231 650 4300 Bernhardy
679 4227 1092 4297 Πυθοδῶριδος
1122 4232 1764 4300 υα19.Εαά.πυθορϊῩ
1902 4236 1966 4285 19
2008 4227 2097 4285 κδ’
2110 4247 2235 4316 pro
2273 4226 2357 4285 03'
2395 4236 2437 4283 Ε

149 4304 349 4376 γέγονε
382 4335 444 4342 -
479 4300 540 4355 ἕν
577 4317 677 4356 om.
706 4301 855 4356 Eud.
896 4318 1037 4369 quae
1073 4305 1272 4371 postea
1306 4302 1434 4358 add.
1477 4299 1702 4367 ἐδίδαξε
1743 4298 2003 4374 δράματα
2032 4297 2123 4368 ξδ’
2246 4309 2315 4356 20
2352 4298 2447 4357 ἑνί

149 4391 196 4440 V
338 4389 406 4438 21
447 4377 770 4444 ἐπιδεικνὺς
807 4387 851 4434 V
993 4386 1062 4435 22
1113 4377 1218 4436 σὺν
1253 4379 1402 4438 Ἴωνι
1439 4381 1537 4436 καὶ
1574 4377 1859 4457 Εὗριπίδῃ
1908 4383 2049 4439 coni.
2087 4383 2439 4454 Bernhardy,

1940 4470 2013 4529 3*
2272 4499 2277 4502 .
