3025 4892
1089 212 1514 271 HESYCHIUS.
2314 210 2437 277 147

167 382 404 466 ἔγραψε
445 377 1020 466 προγυμνάσματα
1063 378 1174 445 καὶ
1223 378 1494 462 μελέτας
1532 373 1883 463 ῥητορικὰς
1918 374 2028 442 καὶ
2066 371 2234 440 ἄλλα
2270 372 2441 443 τινά.

171 484 442 570 ἤκμαζεν
496 484 601 551 ἐπὶ
649 485 940 562 Λέοντος
986 484 1310 568 βασιλέως
1368 486 1488 551 τοῦ
1546 480 1927 569 πρεσβύτου
1979 482 2089 549 καὶ
2147 483 2269 559 ἕως
2314 480 2443 567 Ζή-

167 617 380 670 νωνος
419 591 530 659 καὶ
567 589 1025 659 Ἅναστασίου.
2059 584 2068 589 ’

331 699 594 765 DLVII.
666 682 1076 775 Νικόλαος
1119 694 1386 784 Μύρων
1436 698 1555 782 τῆς
1602 700 1883 781 Λυκίας,
1936 692 2231 781 ἀδελφὸς
2278 702 2441 763 Διο-

166 810 429 892 σκορίου
451 816 460 827 “
485 809 942 893 γραμματικοῦ
1000 805 1110 872 καὶ
1165 801 1476 891 ὑπάρχου
1542 803 1652 871 καὶ
1718 798 1979 871 ὑπάτου
2042 796 2153 870 καὶ
2218 824 2440 889 πατρι.
2470 822 2496 863 ⁶

164 917 328 995 κίου,
377 910 818 999 σοφιστεύσας
852 912 962 979 καὶ
999 908 1204 991 αὐτὸς
1240 912 1314 979 ἐν
1353 909 2092 997 Κωνσταντινουπόλει,
2138 907 2446 996 μαθητὴς

168 1017 449 1104 γεγονώς
494 1015 870 1105 Λαχάρους.
963 1008 1212 1105 ἔγραψε
1257 1018 1498 1103 τέχνην
1548 1015 1908 1104 ῥητορικὴν
1954 1017 2063 1084 καὶ
2092 1018 2399 1104 μελέτας.

331 1127 630 1193 DLVIII.
686 1124 1151 1212 Νικόμαχος
1187 1122 1659 1209 Ἀλεξανδρεὺς
1702 1128 1820 1209 τῆς
1864 1126 2187 1211 Τρωικῆς,
2226 1125 2447 1210 τραγι-

169 1231 303 1316 κός,
347 1232 612 1320 γράψας
655 1236 1027 1323 τραγῳδίας
1075 1230 1196 1317 ια’,
1245 1221 1344 1297 ὦν
1389 1231 1498 1297 καὶ
1548 1234 1721 1297 αἵδε·
1774 1228 2236 1319 Ἀλέξανδρος,
2279 1228 2445 1317 Ἐρι-

167 1337 336 1423 φύλη
398 1333 494 1425 [ἢ]
555 1338 936 1426 Γηρυόνης,
987 1334 1351 1423 Ἀλετίδης,
1399 1336 1412 1427 Ι
1461 1340 1817 1405 Εἰλείθυια
1866 1338 1911 1429 Ι,
1958 1332 2445 1424 Νεοπτόλεμος,
2476 1356 2526 1395 ¹⁰

167 1450 418 1529 Μυσοί,
459 1449 804 1531 Οἰδίπους,
843 1447 1093 1533 Πέρσις
1129 1438 1170 1530 ἢ
1210 1444 1595 1529 Πολυξένη,
1636 1444 1649 1535 Ι
1696 1451 2042 1531 Τριλογία,
2081 1449 2445 1530 Μετεκβαί-

165 1570 392 1618 νουσαι
441 1550 492 1641 Ι,
547 1551 945 1640 Τυνδάρεως
992 1546 1089 1638 [ἢ]
1133 1548 1536 1636 Ἀλκμαίων,
1591 1555 1893 1639 Τεῦκρος.

328 1660 560 1727 DLIX.
633 1658 1089 1745 Νικόμαχος
1139 1654 1498 1743 Ἀθηναῖος
1548 1658 1890 1746 τραγικός,
1947 1656 2023 1739 ὃς
2068 1657 2447 1745 Εὐριπίδην

169 1767 548 1851 παραδόξως
593 1766 704 1832 καὶ
751 1767 1040 1851 Θέογνιν
1086 1766 1364 1850 ἐνίκησε.
1437 1768 1579 1832 τῶν
1624 1764 1980 1853 δραμάτων
2018 1763 2228 1834 αὐτοῦ
2266 1767 2448 1834 ἐστιν

169 1874 500 1952 Οἰδίπους.
2476 1889 2527 1930 15

327 1981 525 2048 DLX.
619 1979 1077 2066 Νικόμαχος
1143 1983 1577 2067 Σταγειρίτης
1637 1979 2043 2068 φιλόσοφος,
2108 1976 2261 2058 υίὸς
2327 1976 2451 2065 μὲν

168 2080 646 2172 Ἀριστοτέλους
699 2092 820 2157 τοῦ
877 2088 1293 2175 φιλοσόφου,
1353 2086 1660 2172 μαθητὴς
1715 2086 1789 2155 δὲ
1838 2087 2307 2175 Θεοφράστου,
2362 2081 2452 2163 ὡς

296 2291 326 2337 2
363 2281 618 2355 ἤκμαζεν
648 2290 749 2339 Av
776 2285 928 2339 Eud.
966 2279 1180 2353 ἤκμαζε
1221 2279 1284 2336 δὲ
1315 2282 1412 2335 rel.
1524 2281 1903 2353 πρεσβυτέρου
1932 2283 2282 2352 Bernhardy,
2319 2300 2448 2351 πρε·

173 2359 367 2433 σβύτου
405 2364 566 2433 libri3
607 2364 675 2422 cf.
714 2385 765 2421 v.
799 2360 1102 2433 Ἰσίδωρος,
1139 2356 1408 2435 Λιβάνιος
1445 2362 1517 2416 al.
1638 2354 1645 2361 ⁴

294 2444 502 2499 DLVII
548 2444 697 2501 Eua.
738 2464 793 2515 p.
832 2450 953 2498 511.
1033 2442 1210 2497 Huius
1256 2440 1478 2497 Nicolai
1524 2441 1867 2497 mentionem
1921 2442 2057 2497 fecit
2101 2441 2303 2495 Marin.
2348 2438 2449 2498 vit.

167 2522 337 2579 Procli
373 2544 422 2582 c.
461 2532 553 2594 10,
590 2526 688 2581 ubi
724 2524 973 2579 Boisson.
1011 2541 1064 2592 p.
1097 2528 1162 2579 87
1202 2522 1511 2591 perspexit,
1558 2524 1707 2577 hunc
1755 2540 1881 2578 cum
1928 2520 2297 2577 antecedente
2331 2519 2451 2573 iun-

166 2605 394 2670 gendum
435 2625 558 2661 esse
596 2605 796 2661 deletis
823 2604 1010 2660 verbis
1045 2600 1263 2670 Μύρων
1305 2598 1369 2667 ἐκ
1395 2605 1639 2672 Λυκίας,
1677 2620 1820 2671 quae
1857 2602 2081 2657 aliunde
2111 2599 2451 2671 irrepserint,

168 2683 305 2735 sed
290 2704 476 2755 ipsum
511 2685 854 2753 Hesychium
891 2684 1096 2737 falsum
1135 2697 1253 2737 esse
1289 2680 1637 2751 probabilius
1676 2682 1898 2737 videtur
2040 2689 2075 2736 4
2115 2684 2453 2751 Διοσκορίου

168 2763 348 2832 scripsi
393 2766 526 2822 coll.
573 2784 626 2821 v.
666 2760 998 2831 Διοσκόριος
1038 2766 1218 2831 Μυρ.,
1265 2764 1639 2830 Διοσκορίδου
1688 2764 1821 2818 libri
1867 2763 1965 2817 καὶ
2001 2758 2307 2831 Ιππάρχου
2354 2760 2453 2815 καὶ

162 2834 392 2899 Τπάτου
425 2846 606 2914 Πατρ.
633 2846 780 2914 vulq.
811 2844 964 2899 Eud.
1003 2842 1101 2897 καὶ
1129 2836 1387 2910 ὑπάρχου
1415 2847 1517 2895 BV
1554 2845 1613 2897 et
1646 2844 1882 2898 fortasse
1908 2848 1951 2895 B
1980 2860 2087 2899 om.
2118 2847 2162 2894 A
2191 2841 2325 2896 olim
2354 2842 2453 2895 καὶ

166 2913 372 2978 ὑπάτου
405 2943 558 2994 susp.
576 2926 960 2994 BernhardyO,
997 2940 1121 2977 cum
1151 2922 1434 2977 consulem
1463 2938 1514 2976 a.
1544 2927 1647 2975 442
1670 2922 1993 2977 Dioscorum
2024 2922 2195 2977 fuisse
2214 2921 2451 2987 constet,

168 3000 256 3054 καὶ
281 3006 410 3059 ante
444 3025 607 3076 πατρ.
639 3022 748 3060 om.
780 3009 874 3057 AB
987 3011 1016 3059 7
1046 3001 1144 3057 καὶ
1173 3000 1406 3071 μελέτας
1438 3020 1552 3058 om.
1574 3003 1725 3057 Eud.
1756 3004 1905 3057 certe
1934 3019 2046 3056 non
2074 3001 2295 3056 diversa
2322 2999 2455 3055 sunt

169 3096 198 3132 a
230 3081 370 3139 libro
409 3084 642 3156 μελέται
677 3082 997 3155 ῥητορικαί,
1035 3100 1172 3151 quas
1207 3081 1268 3135 in
1309 3082 1430 3147 [ita.
1465 3082 1832 3137 antecedente
1870 3080 2331 3137 commemoravit

297 3163 530 3219 DLVIII
568 3165 719 3219 Eud.
748 3182 802 3233 p.
834 3169 955 3217 512.
1021 3163 1294 3217 Tractant
1322 3160 1581 3217 Meineke
1617 3161 1644 3213 I
1680 3180 1735 3231 p.
1765 3168 2033 3231 496·seq.,
2078 3161 2176 3230 qui
2212 3162 2453 3215 Alexan-

169 3240 378 3297 drinum
413 3262 532 3301 non
569 3244 851 3299 diversum
889 3259 1008 3297 esse
1036 3241 1110 3297 ab
1137 3242 1493 3310 Atheniensi,
1532 3260 1569 3296 a
1596 3242 1768 3298 Suida
1803 3245 1993 3297 autem
2019 3242 2299 3312 tragicum
2327 3257 2453 3295 cum

172 3322 373 3378 comico
412 3325 681 3379 confundi
718 3322 990 3388 ostendit3
1029 3321 1254 3389 Nauck,
1290 3322 1430 3391 frag.
1468 3326 1613 3391 trag.
1652 3341 1705 3392 p.
1736 3329 1838 3379 591
1999 3328 2031 3376 9
2068 3316 2104 3392 ἢ
2142 3324 2273 3392 post
2308 3316 2451 3391 Ἐρι-

170 3396 309 3469 φύλη
346 3403 454 3459 del.
493 3405 827 3474 Bernhardy
932 3396 1149 3470 Ἀλήτης
1188 3403 1465 3470 Meinekc,
1497 3398 1769 3472 ’Λλήτιδες
1808 3404 1936 3457 Geel
2046 3409 2111 3457 10
2148 3401 2455 3457 Εἰλείθυια

171 3480 356 3535 comici
385 3482 638 3539 fabulam
676 3500 796 3538 esse
835 3482 1058 3537 constat
1168 3487 1230 3535 11
1271 3476 1306 3550 ἢ
1346 3486 1476 3553 post
1503 3481 1711 3552 Πέρσις
1749 3484 1857 3538 del.
1895 3484 2256 3553 Bernhardy,
2290 3498 2449 3536 revo-

171 3560 314 3615 cavit
345 3564 596 3619 Meineke
626 3564 832 3631 Περσίς
857 3564 1001 3631 ναῖς.
1033 3578 1171 3617 corr.
1193 3563 1445 3619 Meineke
1473 3564 1565 3633 (cf.
1596 3583 1646 3619 v.
1667 3563 1968 3633 Κλεοφῶν)
2077 3564 2326 3632 τρι-λογίαι
2353 3578 2455 3630 pro

171 3637 466 3701 Comoedia
493 3644 695 3700 habuit
723 3642 1004 3709 Welcker,
1044 3641 1179 3696 Tril.
1211 3660 1264 3710 p.
1286 3648 1392 3698 500
1419 3661 1521 3698 nec
1552 3643 1739 3699 minus
1765 3642 2265 3715 Μετεκβαίνουσαι
2301 3639 2454 3693 vide·

170 3718 256 3771 tur
299 3724 501 3779 comici
537 3742 671 3780 esse.
715 3722 972 3777 Ceterum
1016 3722 1118 3776 hos
1159 3721 1276 3779 fere
1317 3722 1560 3792 relinqui
1595 3723 2010 3793 tragoediarum
2047 3720 2242 3776 titulos
2289 3719 2460 3773 docet

172 3795 445 3861 Meineke·
492 3803 832 3870 Alexander,
879 3801 1174 3870 Eriphyle,
1227 3800 1508 3871 Geryones
1560 3805 1654 3872 (?)‚
1709 3803 1984 3869 Aletides,
2035 3800 2456 3871 Neoptolemus,

172 3874 332 3950 Mysi,
369 3884 644 3955 Oedipus,
681 3844 975 3937 Exci’dium
1013 3882 1129 3937 sive
1157 3882 1458 3953 Polyxena,
1497 3884 1840 3952 Tyndareus,
1876 3883 2196 3950 Alcmaeon,
2228 3882 2455 3935 Teucer.

177 3954 250 4010 De
285 3964 560 4019 erroribus
597 3962 823 4019 articuli
860 3961 928 4017 cf.
979 3961 1148 4017 etiam
1188 3962 1414 4030 Rohde,
1450 3961 1593 4017 Mus.
1631 3962 1807 4019 Rhen.
1847 3962 2078 4018 XXXIV
2115 3981 2171 4032 p.
2199 3968 2304 4017 574
2338 3960 2454 4015 not.

179 4042 237 4089 12
273 4032 307 4106 ἢ
344 4041 452 4099 del.
489 4044 824 4113 Bernhardy

311 4118 484 4176 DLIX
518 4124 674 4179 Eud.
709 4142 763 4193 p.
794 4127 916 4177 513.
990 4121 1146 4177 Idem
1185 4126 1272 4178 est
1307 4141 1433 4177 cum
1471 4120 1852 4177 Alexandrino
1982 4127 2049 4177 14
2084 4114 2266 4176 αὐτοῦ
2306 4116 2457 4174 ἐστιν

179 4192 319 4253 Eud.
358 4196 506 4258 ἐστιν
544 4198 725 4259 αὐτοῦ
762 4204 860 4258 rel.
900 4200 1217 4271 Tragoedia
1253 4202 1496 4275 Oedipus
1532 4203 1647 4258 iam
1686 4220 1855 4271 supra
1895 4201 2129 4257 laudata
2165 4204 2323 4257 erat

309 4278 452 4335 DLX
490 4284 642 4341 Eud.
680 4304 733 4355 p.
765 4288 887 4339 508.
945 4281 1025 4337 Cf.
1064 4281 1282 4352 Menag.
1321 4283 1380 4339 in
1416 4281 1761 4352 Diog.V111,
1797 4286 1865 4337 88
1904 4282 1965 4335 et
1994 4282 2060 4350 V,
2090 4286 2158 4337 35
2280 4285 2345 4334 17
2384 4274 2462 4343 ὥς

187 4380 243 4391 -
280 4360 511 4418 παιδικά
550 4380 656 4420 om.
687 4365 838 4421 Eud.

1929 4450 2035 4506 10*
