3025 4892
479 269 483 273 .
585 216 618 281 1
629 216 712 282 88
1508 218 1938 275 HESYCHIUS.

467 389 484 404 ’
581 377 902 467 σοφιστὴς
957 382 1094 448 τῶν
1137 378 1371 466 πάλαι,
1427 378 1831 460 διδάσκαλος
1879 384 2269 467 Λικυμνίου.
2363 384 2607 467 ἔγραψε
2654 407 2862 467 γενεα-

580 493 817 573 λογίαν
862 492 1000 556 τῶν
1055 488 1160 556 ἐπὶ
1198 485 1415 555 Ἴλιον
1461 486 2007 573 στρατευσάντων
2054 484 2399 573 Ἑλλήνων
2460 488 2569 555 καὶ
2624 487 2863 575 βαρβά-

579 621 720 683 ρων
778 596 889 663 καὶ
949 599 1089 675 πῶς
1150 597 1420 674 ἕκαστος
1479 591 1808 681 ἀπήλλαξε
1874 594 2076 681 (τινὲς
2141 594 2215 662 δὲ
2278 593 2441 663 αὐτὸ
2505 596 2861 683 Δαμάστου

581 703 1090 791 ἐπιγράφουσι),
1140 705 1313 769 νεῶν
1357 700 1764 787 κατάλογον,
1811 702 1961 788 περὶ
2008 703 2257 784 λέξεως.

526 824 552 866 ⁵
757 808 1104 878 DOXOIV.
1193 806 1548 894 Ῥηγῖνος
1624 808 2091 895 γραμματικός.
2200 814 2445 899 ἔγραψε
2509 808 2627 877 τὸν
2693 812 2860 896 λεγό-

580 940 787 1002 μενον
836 914 1362 1003 Πολυμνήμονα.

757 1022 1068 1090 DOXCV.
1135 1020 1438 1101 Ῥιανὸς
1498 1019 1533 1089 ὅ
1590 1022 1701 1089 καὶ
1756 1022 1974 1112 Κρής,
2030 1019 2129 1091 ὢν
2181 1031 2477 1111 Βηναῖος
2523 1024 2737 1113 (Βήνη
2794 1024 2860 1092 δὲ

577 1114 770 1207 πόλις
835 1128 1156 1219 Κρήτης)·
1220 1129 1396 1209 τινὲς
1463 1128 1538 1196 δὲ
1593 1135 1961 1216 Κεραΐτην,
2028 1128 2219 1198 ἄλλοι
2286 1130 2361 1199 δὲ
2414 1130 2703 1219 Ἰθώμης
2752 1136 2897 1217 τῆς

581 1236 945 1323 Μεσσήνης
1011 1234 1219 1305 αὐτὸν
1291 1235 1673 1324 ἱστόρησαν.
1778 1228 1975 1317 οὗτος
2030 1236 2106 1305 δὲ
2160 1228 2245 1323 ἦν
2299 1241 2414 1325 τῆς
2468 1245 2859 1325 παλαίστρας

501 1360 552 1399 10
578 1342 905 1432 πρότερον
960 1343 1176 1431 φύλαξ
1235 1344 1344 1411 καὶ
1394 1346 1667 1429 δοῦλος,
1723 1341 2010 1431 ὕστερον
2056 1344 2129 1411 δὲ
2176 1346 2567 1425 παιδευθεὶς
2612 1348 2856 1433 ἐγένετο

573 1450 1043 1537 γραμματικός,
1081 1452 1453 1540 σύγχρονος
1476 1448 2019 1538 Ἐρατοσθένους.
2076 1456 2367 1538 ἔγραψεν
2397 1504 2411 1521 .
2441 1506 2455 1519 .
2486 1506 2499 1520 .
2537 1454 2855 1541 ἐμμέτρως

573 1555 926 1645 ποιήματα,
976 1554 1441 1647 ΓΗρακλειάδα
1489 1559 1563 1625 ἐν
1610 1562 1899 1643 βιβλίοις
1936 1557 2051 1643 δ’].

753 1668 1099 1735 DCXOVI.
1162 1662 1498 1755 Ῥίνθων
1563 1671 1975 1749 Ταραντῖνος
2028 1664 2345 1753 κωμικός,
2409 1665 2699 1755 ἀρχηγὸς
2748 1671 2852 1753 τῆς

573 1776 990 1861 καλουμένης
1041 1776 1637 1865 ίλαροτραγφόίας,
1696 1769 1733 1838 ὅ
1787 1774 1923 1864 ἐστι
1972 1780 2507 1861 φλυακογραφία.
2598 1773 2745 1854 υίὸς
2786 1774 2851 1841 δὲ

576 1968 782 2024 ΜῦΠθι·
817 1970 870 2023 II
906 1989 959 2039 p.
991 1976 1076 2025 64.
1133 1968 1409 2025 Videntur
1447 1968 1557 2023 duo
1586 1970 1842 2023 auctores
1870 1970 2109 2037 confusi,
2146 1971 2447 2027 historicus
2477 1973 2536 2025 eb
2561 1972 2749 2025 rhetor
2775 1969 2854 2025 cui

578 2049 722 2104 liber
769 2049 898 2118 περὶ
935 2048 1138 2115 λέξεως
1167 2048 1498 2103 tribuendus
1612 2054 1637 2101 1
1679 2047 1749 2101 de
1786 2046 2073 2119 Licymnio
2104 2050 2172 2105 cf.
2212 2050 2385 2106 etiam
2413 2052 2585 2107 schol.
2614 2050 2753 2105 Plat.
2787 2049 2851 2101 VI

574 2146 628 2197 p.
653 2134 756 2182 275
831 2122 861 2181 ὃ
891 2124 1198 2198 Λικύμνιος
1227 2125 1291 2183 δὲ
1323 2128 1521 2189 Πῶλος
1540 2125 1879 2189 διδάσκαλος
1908 2149 1957 2183 κ.
1980 2150 2023 2183 τ.
2046 2134 2090 2185 λ.
2166 2137 2197 2184 2
2220 2128 2613 2203 στρατεμοὶτων
2636 2136 2677 2182 V
2705 2148 2851 2198 στρα-

575 2206 935 2278 τευσαμένων
973 2208 1182 2263 Suidas
1219 2228 1270 2263 v.
1313 2204 1616 2278 Δαμάστης
1724 2214 1755 2261 3
1791 2202 2055 2278 Ἀμάστου
2095 2211 2244 2267 Eud.
2278 2208 2552 2283 Δαμάστῃ
2581 2212 2851 2266 Reinesius

574 2293 609 2341 4
645 2288 784 2358 intp.
814 2291 946 2357 post
983 2284 1164 2358 ἐπιγρ.
1204 2289 1393 2343 deleta
1421 2286 1779 2357 parenthesin
1808 2292 1939 2357 post
1962 2294 2155 2345 καταλ.
2196 2292 2411 2347 claudit
2440 2292 2758 2347 Gutschmid

574 2364 766 2423 ἐθνῶν
794 2365 1109 2439 κατάλογον
1138 2370 1339 2423 Nauck
1367 2369 1493 2423 coll.
1526 2388 1578 2423 v.
1613 2375 1757 2438 Δαμ.
1894 2368 2095 2436 λέξεως
2123 2376 2275 2424 AVE
2304 2371 2511 2437 λέξεων
2538 2374 2693 2443 vuly..
2711 2372 2850 2426 Eud.

713 2448 986 2505 DCXOIV
1026 2451 1176 2505 Eud.
1216 2468 1268 2519 p.
1301 2455 1400 2504 621
1530 2455 1561 2504 5
1600 2449 1721 2504 Hoc
1757 2468 1895 2521 opus
1933 2451 2153 2506 laudari
2188 2469 2223 2507 a
2252 2452 2507 2520 Socrate,
2555 2452 2699 2508 Hist.
2728 2453 2845 2508 ecel.

576 2526 656 2581 III
693 2546 738 2583 e.
769 2536 836 2583 23
875 2530 1020 2584 vidit
1055 2531 1332 2585 Kasterus

712 2608 957 2663 DCXCV
995 2610 1144 2665 Eud.
1184 2629 1239 2679 p.
1271 2616 1390 2665 621.
1453 2609 1535 2665 Cf.
1576 2609 1767 2680 Steph.
1805 2612 1933 2681 Byz.
1974 2632 2025 2668 v.
2066 2608 2237 2682 Βήνη.
2305 2612 2385 2667 Cf.
2425 2612 2711 2679 Meineke‚
2756 2615 2844 2667 An.

569 2705 624 2757 p.
659 2695 756 2744 171
790 2706 902 2759 seq.
977 2690 1123 2743 Toba,
1167 2690 1289 2744 vita.
1334 2689 1482 2745 inest
1526 2691 1699 2744 etiam
1746 2691 1866 2745 eod.
1908 2694 2029 2748 Par.
2069 2699 2209 2748 2600
2256 2694 2490 2762 (Miller,
2526 2692 2743 2763 Periple
2787 2692 2845 2747 de

570 2769 817 2824 Marcien
853 2787 906 2838 p.
939 2772 1088 2838 311),
1135 2770 1234 2824 ubi
1271 2770 1347 2825 sic
1387 2772 1672 2841 descripta
1709 2773 1820 2826 est:
1868 2768 2111 2839 Ῥιανός,
2150 2779 2418 2843 Βηναῖος,
2464 2770 2680 2836 πόλεως
2713 2769 2846 2842 Κρή-

571 2869 693 2918 της,
745 2846 1128 2918 γραμματικός
1175 2842 1339 2913 οὗτος
1384 2842 1482 2921 ἦν,
1540 2848 1813 2920 πρότερον
1863 2848 2046 2920 φύλαξ
2092 2855 2462 2923 παλαίστρας,
2512 2849 2743 2921 ὕστερον
2786 2850 2841 2905 δὲ

569 2930 906 2993 παιδευθεὶς
944 2928 1326 3001 γραμματικὸς
1364 2927 1616 3001 ἐγένετο,
1656 2926 1963 3001 σύγχρονος
1995 2928 2459 3003 Ἐρατοσθένους.
2537 2932 2747 3003 ἔγραψε
2782 2930 2837 2985 δὲ

571 3006 651 3070 εἰς
687 3008 1080 3081 γραμματικὴν
1119 3010 1217 3067 καὶ
1253 3010 1582 3081 ποιημάτων
1620 3014 1806 3085 βιβλία
1844 3013 2112 3084 τέσσαρα,
2160 3016 2305 3069 unde
2346 3011 2575 3069 Suidam
2624 3015 2842 3069 forbasse

571 3089 856 3159 scripsisse
897 3089 1110 3161 ἔγραψε
1143 3090 1206 3147 δὲ
1237 3091 1633 3162 καταλογάδην
1662 3094 1759 3147 καὶ
1790 3089 2073 3165 ἐμμέτρως
2095 3128 2159 3135 ——
2183 3094 2497 3164 suspiceriS.
2538 3094 2619 3150 cf.
2642 3095 2842 3150 UnsserS.

569 3188 623 3238 p,
655 3176 740 3238 91,
779 3172 958 3240 Daub,
999 3173 1068 3225 de
1099 3172 1244 3227 Viol.
1274 3191 1328 3241 p.
1361 3179 1431 3227 24
1578 3179 1606 3227 7
1646 3169 1815 3241 Κρής,
1855 3172 2239 3245 γραμματικὸς
2278 3172 2341 3229 ἐκ
2378 3176 2479 3243 τῆς
2517 3171 2701 3244 Βήνης
2736 3169 2844 3243 (πό-

567 3254 650 3310 λις
678 3248 741 3303 δὲ
782 3246 926 3319 αὕτη
963 3250 1207 3321 Κρήτης)
1244 3254 1421 3320 Eud.;
1450 3256 1583 3322 post
1610 3253 1705 3307 καὶ
1732 3253 1939 3309 Rhiani
1969 3272 2280 3325 cognomen
2312 3256 2616 3324 quodpiam
2640 3253 2843 3309 interci-

568 3328 716 3383 disse
770 3332 934 3400 putat
971 3333 1318 3403 Bernhardy,
1365 3334 1552 3403 ipsum
1596 3328 1750 3401 Κρής
1797 3334 2000 3387 Rhiani
2048 3352 2359 3404 cognomen
2414 3336 2589 3390 fuisse
2636 3338 2845 3405 propter

566 3412 811 3478 patriam
851 3411 1168 3467 Cretensem
1205 3412 1350 3466 vidit
1385 3414 1575 3479 Daub,
1613 3412 1753 3469 Mne.
1782 3414 1959 3471 Rhen.
1991 3414 2195 3469 XXXV
2222 3435 2275 3485 p.
2306 3421 2374 3470 68
2449 3415 2545 3469 καὶ
2586 3416 2691 3469 del.
2722 3415 2842 3468 Gut-

565 3491 770 3545 schmid
879 3499 909 3546 8
939 3489 1229 3561 Κερεάτην
1256 3492 1480 3563 flagitat
1507 3494 1679 3547 Daub
1708 3494 1833 3548 coll.
1863 3495 2053 3566 steph.
2086 3496 2212 3565 Byz.
2240 3514 2293 3549 v.
2326 3491 2479 3564 Βήνη
2550 3491 2780 3565 Ἰθώμης
2804 3498 2841 3543 Δ

562 3565 790 3639 Ἰθάκης
823 3574 968 3642 vuly.
991 3573 1141 3629 Eud.
1185 3570 1470 3643 (Εἰθάκης
1505 3591 1649 3627 unus
1689 3574 1833 3642 cod.)
1993 3582 2057 3629 10
2096 3577 2317 3637 δοῦλοςε
2370 3576 2438 3629 cf.
2469 3574 2838 3639 Wachsmuth‚

571 3650 759 3721 Symb.
796 3672 850 3723 p.
885 3660 983 3707 141
1025 3669 1259 3722 sequens
1299 3652 1360 3708 δὲ
1402 3671 1508 3707 om.
1540 3658 1585 3703 V
1698 3659 1760 3707 11
1804 3649 2087 3724 ἐμμέτρως
2114 3655 2263 3723 libri,
2295 3655 2359 3707 ut
2384 3655 2625 3721 videt-ur,
2654 3672 2841 3718 omnes,

569 3728 814 3801 ἔμμετρα
871 3734 994 3787 edd.
1032 3736 1168 3788 vett.
1218 3734 1368 3787 Eud.
1423 3729 1707 3803 ἑξαμέτρῳ
1756 3734 1897 3788 coni.
1952 3736 2225 3803 Τοιῳίαε,
2284 3728 2562 3804 ἑξάμετρα
2618 3733 2843 3787 Meinekae

568 3810 925 3881 γραμματικά
965 3812 1062 3867 καὶ
1101 3814 1446 3881 Gutschmid3
1487 3812 1739 3866 lacunam
1779 3832 1883 3883 ego
1922 3814 2192 3881 indicavi,
2233 3814 2379 3867 infra
2417 3831 2543 3868 cum
2581 3815 2840 3869 Bernhar-

565 3892 673 3960 dyo
713 3886 1088 3961 Ἡρακλειάδα
1129 3926 1194 3933 -
1234 3893 1364 3949 exit.
1404 3910 1438 3948 a
1476 3894 1684 3948 lectore
1730 3891 1921 3960 aliquo
1970 3893 2217 3948 studioso
2266 3894 2461 3947 addita
2508 3896 2691 3961 ratus3
2736 3895 2841 3947 lau-

567 3970 732 4025 datur
791 3972 940 4027 enim
997 3974 1182 4041 Etym.
1239 3974 1314 4030 M.
1367 3978 1444 4044 (p.
1501 3981 1629 4041 153,
1678 3974 1730 4039 6)
1788 3991 1838 4030 V.
1892 3968 2174 4044 Ἆσέληνα,
2222 3969 2525 4043 Ἡρακλεία
2672 3972 2749 4027 ιδ’
2786 3990 2841 4027 ex

564 4050 748 4121 Etym.
788 4052 861 4107 M.
905 4069 1045 4106 corr.
1079 4053 1300 4107 Vossius

704 4139 977 4195 DCXCVI
1040 4141 1118 4195 Cf.
1155 4142 1346 4211 Steph.
1377 4141 1504 4211 Byz.
1535 4161 1585 4197 v.
1622 4136 1837 4211 Τάρας,
1876 4142 1972 4197 ubi
2009 4142 2150 4195 bene
2189 4140 2428 4195 contulifi
2465 4141 2683 4213 Rohde,
2711 4144 2834 4197 MuS.

560 4220 736 4273 Rhen.
776 4218 1012 4272 XXXIV
1048 4238 1102 4290 p.
1135 4226 1238 4275 57⁶2
1281 4220 1554 4290 φέρονται
1592 4217 1649 4275 δ’
1690 4218 1869 4277 αὐτοῦ
1910 4225 2002 4290 (sc.
2037 4218 2359 4290 Ῥίνθωνος)
2400 4217 2664 4292 δράματα
2702 4220 2809 4293 λη’.

562 4300 794 4353 Tractat
842 4298 1282 4368 Summerbrodt,
1332 4302 1400 4355 de
1446 4302 1775 4374 phlyaeogr.
1813 4321 1867 4372 p.
1900 4308 1967 4357 43
2118 4308 2183 4357 14
2228 4302 2418 4370 itaque
2466 4302 2625 4357 audit
2674 4300 2838 4373 φλῦαξ

563 4377 715 4446 apud
761 4376 953 4445 Steph.
1002 4379 1145 4448 Byz„
1190 4378 1633 4451 φλυακογράφος
1678 4384 1827 4453 apud
1864 4384 2103 4455 Hesych.
2144 4402 2195 4441 v.
2237 4378 2471 4444 ἄσεκτος
2514 4383 2657 4452 (cod.
2700 4388 2838 4455 φιλο-
