3025 4892
515 217 602 280 50
1439 217 1872 276 HESYOHIUS.

689 377 906 445 CXCI.
980 377 1383 464 Διαγόρας
1447 384 1887 466 Τηλεκλείδου
1941 375 1983 466 ἢ
2051 378 2470 466 Τηλεκλύτου
2526 377 2837 466 Μήλιος,

512 483 885 571 φιλόσοφος
921 485 1032 552 καὶ
1069 481 1387 575 ᾀσμάτων
1423 486 1723 573 ποιητής,
1765 484 1849 555 ὃν
1884 485 2105 574 εὐφυᾶ
2134 486 2555 574 θεασάμενος
2586 484 2839 572 Δημό-

509 617 730 677 κριτος
795 589 829 660 ὅ
885 589 1272 681 Ἀβδηρίτης
1339 592 1650 681 ὠνήσατο
1720 592 1930 663 αὐτὸν
2000 599 2257 663 δοῦλον
2324 593 2487 662 ὄντα
2551 597 2838 681 μυρίων

516 701 863 786 δραχμῶν,
919 700 1030 766 καὶ
1085 699 1400 787 μαθητὴν
1456 700 1835 787 ἐποιήσατο.
1929 698 1965 768 ὁ
2017 700 2092 769 δὲ
2138 701 2249 768 καὶ
2292 703 2373 788 τῇ
2420 705 2656 789 λυρικῇ
2712 703 2839 768 ἐπ-

463 831 488 872 5
516 807 742 893 έθετο,
814 820 955 884 τοῖς
1025 806 1294 894 χρόνοις
1366 801 1464 875 ὢν
1538 805 1702 876 κατὰ
1770 812 2128 895 Πίνδαρον
2192 807 2303 875 καὶ
2368 811 2841 894 Βακχυλίδην,

514 916 1032 980 Μελανιππίδου
1079 912 1154 980 δὲ
1200 911 1671 1000 πρεσβύτερος·
1719 911 1964 1001 ἤκμαζε
1999 919 2237 982 τοίνυν
2285 913 2394 1000 οη’
2437 911 2837 1000 ὀλυμπιάδι.

515 1018 847 1106 ἐπεκλήθη
887 1018 962 1087 δὲ
1001 1017 1228 1106 ἄθεος,
1268 1019 1442 1088 διότι
1471 1023 1671 1089 τοῦτο
1703 1021 2009 1102 ἐδόξαζεν
2037 1019 2156 1107 ἀφ’
2194 1012 2277 1088 οὗ
2304 1047 2405 1100 τις
2436 1017 2837 1107 ὁμότεχνος,

516 1127 843 1206 αἰτιαθεὶς
899 1123 1011 1194 ὑπ’
1087 1124 1327 1212 αὐτοῦ,
1391 1124 1480 1206 ὡς
1546 1124 1630 1213 δὴ
1696 1131 1949 1195 παιᾶνα
2004 1124 2425 1214 ἀφελόμενος
2475 1123 2557 1194 ὃν
2618 1124 2841 1205 αὐτὸς

517 1230 909 1318 ἐπεποιήκει,
950 1231 1323 1318 ἐξωμόσατο
1363 1231 1452 1318 μὴ
1481 1234 1881 1319 κεκλοφέναι
1917 1237 2184 1319 τοῦτον,
2232 1230 2476 1320 μικρὸν
2516 1232 2591 1300 δὲ
2631 1231 2837 1301 ὕστε-

438 1363 488 1402 10
517 1364 641 1426 ρον
700 1338 1191 1426 ἐπιδειξάμενος
1241 1337 1448 1407 αὐτὸν
1499 1337 1927 1427 εὐημέρησεν.
2022 1341 2341 1408 ἐντεῦθεν
2388 1331 2520 1407 οὖν
2565 1336 2602 1407 ὁ
2654 1349 2836 1407 Δια-

516 1444 721 1533 γόρας
793 1445 1116 1532 λυπηθεὶς
1189 1449 1434 1532 ἔγραψε
1496 1443 1691 1524 τοὺς·
1720 1449 2181 1533 καλουμένους
2243 1444 2837 1534 ἆποπυργίζοντας

515 1551 788 1640 λόγους,
853 1550 1282 1639 ἀναχώρησιν
1352 1548 1562 1620 αὐτοῦ
1616 1554 1725 1619 καὶ
1784 1558 2109 1622 ἔκπτωσιν
2167 1558 2441 1641 ἔχοντας
2491 1558 2609 1641 τῆς
2668 1555 2835 1642 περὶ

513 1655 588 1727 τὸ
635 1669 831 1728 θεῖον
879 1659 1092 1745 δόξης.
1146 1658 1547 1745 κατοικήσας
1594 1658 1668 1726 δὲ
1712 1661 2067 1749 Κόρινθον
2108 1658 2143 1728 ὁ
2185 1661 2531 1748 Διαγόρας
2568 1659 2832 1730 αὐτόθι

514 1764 636 1834 τὸν
678 1772 834 1854 βίον
871 1770 1324 1850 κατέστρεψεν.

436 1899 488 1939 1⁶
693 1875 943 1942 CXCII.
1018 1876 1374 1958 Δίδυμος
1413 1868 1669 1958 Ἀτήιος
1718 1869 1785 1960 [ἢ
1812 1871 2102 1959 ’Ἀττιος]
2150 1881 2579 1963 χρηματίσας,
2626 1875 2833 1962 φιλό-

516 1998 728 2066 σοφος
786 1977 1282 2067 Ἀκαδημαϊκός.
1383 1985 1700 2049 πιθανῶν
1768 1982 1880 2048 καὶ
1949 1981 2389 2069 σοφισμάτων
2454 1981 2681 2062 λύσεις
2746 1985 2833 2050 ἐν

512 2091 802 2172 βιβλίοις
845 2087 929 2173 β’,
973 2088 1082 2155 καὶ
1129 2086 1298 2156 ἄλλα
1342 2088 1578 2156 πολλά.

694 2195 982 2262 CXCIII.
1057 2198 1418 2282 Δίδυμος
1465 2193 1782 2281 Διδύμου
1826 2196 2319 2284 ταριχοπώλου,
2366 2195 2832 2284 γραμματικὸς

510 2298 1028 2390 Ἀριστάρχειος,
1076 2299 1566 2388 Ἀλεξανδρεύς,
1613 2301 1905 2388 γεγονὼς
1947 2304 2052 2370 ἐπὶ
2076 2301 2438 2372 Ἀντωνίου
2463 2305 2577 2372 καὶ
2623 2307 2829 2372 Κικέ-

436 2437 488 2478 20
517 2433 733 2496 ρωνος
776 2409 886 2476 καὶ
927 2411 1047 2489 ἕως
1074 2406 1503 2495 Αὐγούστου,
1554 2410 2006 2494 Χαλκέντερος
2040 2412 2315 2497 κληθεὶς
2356 2409 2467 2478 διὰ
2511 2409 2635 2497 τὴν
2666 2412 2831 2499 περὶ

515 2514 594 2583 τὰ
629 2522 858 2604 βιβλία
897 2515 1239 2603 ἐπιμονήν.
1312 2515 1477 2602 φασὶ
1516 2513 1642 2601 γὰρ
1690 2511 1899 2583 αὐτὸν
1939 2520 2473 2606 συγγεγραφέναι
2519 2515 2691 2606 ὑπὲρ
2740 2517 2829 2586 τὰ

515 2628 844 2711 τρισχίλια
887 2623 1000 2692 καὶ
1046 2621 1448 2690 πεντακόσια
1495 2626 1740 2706 βιβλία.

660 2853 826 2908 cxc1
862 2855 942 2910 cf.
983 2855 1171 2924 steph.
1210 2855 1336 2923 Byz.
1374 2871 1428 2906 v.
1461 2817 1660 2920 Μῆιοὲ
1806 2859 1831 2907 1
1874 2849 2151 2923 Μιλήσιος
2178 2859 2449 2910 Anum
2477 2874 2614 2912 corr.
2646 2857 2824 2913 Gais-

516 2936 644 3002 ford
717 2931 984 3004 σοφιστὴς
1020 2928 1054 3004 ἢ
1096 2938 1210 3004 φιλ.
1248 2940 1291 2986 Ε
1329 2932 1428 2987 καὶ
1457 2965 1521 2972 —
1553 2929 1789 3001 ποιητής
1826 2950 1934 2989 om.
1974 2940 2019 2988 V
2129 2941 2161 2990 2
2200 2930 2269 2991 ὃν
2308 2970 2375 2978 -
2415 2937 2543 2993 exit.
2583 2937 2825 2993 exhibet

517 3017 989 3086 Pseudo-Hesych.
1028 3033 1072 3072 0.
1115 3021 1206 3080 173
1246 3015 1442 3069 eadem
1477 3015 1713 3069 fortasse
1750 3014 1922 3068 verba
1958 3015 2238 3083 Hesychio
2276 3017 2650 3073 adiudicanda
2684 3023 2829 3074 sunt

518 3103 549 3150 3
589 3095 818 3150 δοῦλονε
865 3094 1242 3159 Wachsmuth‚
1281 3092 1468 3162 Symb.
1508 3112 1562 3163 p.
1605 3099 1703 3148 141
1852 3101 1883 3149 5
1922 3091 2067 3148 κατὰ
2108 3113 2247 3152 corr.
2285 3099 2561 3153 Kasterus
2596 3094 2743 3170 μετὰ
2774 3104 2825 3151 A

516 3177 660 3244 ναῖς.
697 3175 1054 3245 Bernhardy3
1103 3175 1172 3230 cf.
1222 3173 1472 3242 Clint0n‚
1510 3192 1564 3243 p.
1604 3180 1669 3228 41
1710 3174 1804 3229 Kr.
1979 3181 2009 3230 6
2048 3181 2486 3232 Μελανιππίδου
2530 3209 2594 3218 -
2644 3173 2825 3248 ὄλυμ-

517 3251 680 3309 πιοὶδι
720 3272 826 3310 om.
857 3255 992 3309 vett.
1025 3253 1148 3310 edd.
1190 3255 1248 3308 et
1273 3259 1422 3307 BEV
1451 3270 1519 3308 ex
1546 3258 1591 3304 A
1628 3254 1756 3308 add.
1785 3256 2087 3324 Kasterus,
2125 3259 2391 3327 legunssur
2416 3256 2478 3312 in
2503 3263 2625 3311 Vat.
2654 3263 2823 3310 Pom·-

518 3352 644 3402 aon„
681 3335 776 3390 sed
813 3335 874 3390 in
902 3340 947 3386 A
985 3332 1228 3388 dilucide
1268 3333 1533 3402 sorip'oum
1575 3348 1694 3387 esse
1728 3337 2163 3405 Μελανιππίδης
2198 3338 2352 3392 reciae
2390 3337 2609 3390 monuit]
2649 3335 2823 3391 Gais-

514 3417 644 3483 ford
815 3422 844 3470 ‘1
886 3410 948 3478 ὃς
987 3410 1172 3469 ἐπεκλ.
1210 3418 1255 3466 V
1293 3411 1394 3466 καὶ
1433 3408 1618 3467 ἐπεκλ.
1657 3417 1703 3466 A
1873 3409 2019 3468 διότι
2059 3447 2123 3454 --
2164 3417 2467 3484 λυπηθείς,
2515 3417 2574 3469 et
2608 3419 2821 3470 καλου-

516 3494 722 3567 μένους
761 3497 817 3549 eb
860 3490 1216 3564 ἀναχώρησιν
1253 3488 1430 3547 αὐτοῦ
1481 3509 1587 3546 om.
1626 3495 1770 3563 ναῖς.
1810 3511 1878 3548 ex
1898 3499 1952 3545 'A
1989 3497 2047 3549 et
2084 3500 2207 3548 Vat.
2245 3501 2486 3548 Pearson.
2524 3497 2819 3552 revocavit

516 3577 814 3642 Kuste‘rus3
863 3576 1058 3630 eadem
1095 3575 1266 3631 ebiam
1303 3573 1794 3644 Pseudo-Hesych.
1833 3576 2093 3644 praebet,
2145 3577 2244 3645 qui
2280 3594 2387 3631 om.
2426 3575 2821 3648 καλουμένους

517 3657 575 3710 et
610 3652 966 3726 ἀναχώρησιν
1005 3650 1182 3711 αὐτοῦ
1321 3660 1384 3708 12
1427 3651 1691 3720 ἕκπτυξιν
1728 3671 1863 3710 corr.
1903 3657 2349 3712 Hemsterhusius
2476 3664 2541 3713 73
2581 3653 2612 3712 ὃ
2642 3663 2816 3728 Διαγ.

517 3736 666 3790 solus
703 3742 776 3803 A,
812 3741 876 3792 ut
911 3737 1148 3805 videtur,
1188 3731 1217 3789 ὃ
1260 3753 1366 3790 om.
1405 3735 1505 3789 rel.
1651 3739 1719 3788 14
1756 3733 2065 3805 κατέτρεψε
2104 3742 2149 3790 V
2187 3737 2568 3808 κατέστρεψεν
2604 3741 2650 3790 A

623 3816 851 3872 -CXCII
888 3819 1040 3872 Eud.
1087 3835 1141 3886 p.
1181 3821 1313 3886 234,
1362 3832 1501 3884 quae
1548 3814 1749 3884 incipit
1786 3817 1911 3870 Διδ.
1954 3811 2187 3886 Ἅτήϊος,
2235 3821 2348 3886 φιλ.
2392 3813 2570 3872 Ἀκαδ.
2616 3834 2721 3872 om.
2777 3815 2817 3888 ἢ

505 3892 724 3960 Ἄττιος.
794 3898 874 3954 cf.
915 3899 1134 3954 UnberS.
1176 3916 1229 3967 p.
1260 3900 1355 3964 51,
1395 3895 1575 3963 Diels,
1614 3895 1856 3966 Doxogr.
1894 3915 1948 3966 p.
1988 3901 2057 3951 86
2078 3913 2207 3965 seq„
2247 3896 2343 3965 qui
2378 3900 2510 3967 post
2544 3899 2818 3952 πιθανῶν

515 3995 808 4034 numerum
846 3977 1114 4034 excidisse
1142 3979 1309 4048 putat
1428 3982 1492 4031 15
1529 3973 1737 4047 ’Ἄρειος
1772 3993 1874 4045 pro
1900 3972 2105 4039 ’Ἄττιος
2134 3994 2201 4030 ex
2228 3977 2431 4033 Euseb.
2461 3997 2544 4048 pr.
2576 3997 2660 4033 ev.
2690 3977 2816 4049 XV,

452 4051 457 4057 ’
521 4067 584 4114 15
626 4061 765 4116 oom'.
795 4060 1036 4127 IonsiuS,
1074 4059 1204 4115 hist.
1237 4076 1336 4114 scr.
1367 4058 1460 4128 ph.
1491 4058 1597 4126 ΙΙΙ,
1629 4062 1656 4110 1
1695 4056 1956 4110 laudatus
1984 4055 2239 4112 Reaeznesio
2268 4060 2454 4120 Αἴτιος
2490 4057 2581 4112 vel
2613 4052 2817 4121 Ἀέτιος

521 4141 795 4210 Toupius,
833 4135 868 4210 ἢ
895 4136 1100 4202 ’Ἄττιος
1136 4143 1508 4195 coz-recturam
1546 4137 1771 4193 lectoris
1800 4154 1919 4192 esse
1946 4137 2094 4192 vidit
2128 4139 2462 4209 Bernhardy
2576 4145 2640 4192 16
2677 4139 2814 4209 περὶ
2886 4186 2898 4196 ,

517 4223 782 4276 πιθανῶν
819 4221 910 4277 vel
948 4217 1172 4275 πιθανοὶ
1209 4221 1380 4276 Daub

661 4299 880 4354 CXCIII
916 4301 1068 4354 Eud.
1097 4319 1151 4368 p.
1181 4307 1286 4355 230
1399 4306 1463 4354 19
1497 4294 1820 4354 Ἀντωνίνον
1848 4300 1993 4368 vuly.
2026 4315 2163 4355 corr.
2193 4298 2467 4352 Kasterus
2558 4304 2628 4353 20
2660 4303 2813 4353 Χαλ-

517 4376 778 4446 κέντερος
816 4395 934 4446 seq.
973 4379 1273 4447 descripsit]
1309 4379 1799 4449 Pseudo-Hesych.
1841 4396 1887 4433 c.
1927 4385 1993 4433 21
2141 4387 2209 4434 22
2246 4377 2347 4434 καὶ
2384 4397 2490 4434 om.
2530 4384 2576 4432 A
