3025 4892
577 176 610 238 1
621 176 705 239 32
969 130 972 133 ⁴
1501 174 1928 230 HESYCHIUS.

574 335 898 421 ρητόρων.
998 332 1400 421 ἀνέγκλητος
1459 334 1534 401 δὲ
1588 333 1783 417 βιοὺς
1835 337 2104 423 τελευτᾷ
2158 331 2371 423 νόσω,
2429 332 2618 412 υἱοὺς
2668 358 2831 401 κατα-

571 440 808 527 λιπών,
856 438 1022 526 ὑπὲρ
1071 432 1169 509 ῶν
1207 442 1865 527 συκοφαντηθέντων
1907 440 2355 527 Δημοσθένης
2397 437 2434 506 ὁ
2474 438 2691 528 ῥήτωρ
2724 438 2830 505 ἀπὸ

571 550 687 633 τῆς
741 552 961 633 φυγῆς
1017 544 1221 615 εἰπών
1271 549 1517 628 ἐξεῖλεν
1565 544 1825 625 αὐτούς.
1918 545 2107 631 λόγοι
2155 547 2230 614 δὲ
2277 544 2491 615 αὐτοῦ
2535 552 2661 615 εἰσι
2704 546 2833 633 γνή-

573 673 708 721 σιοι
777 657 848 721 οἷ
909 653 1273 739 σωζόμενοι
1337 651 1500 720 κατὰ
1563 650 2153 739 Ἀριστογείτονος,
2217 652 2383 721 κατὰ
2444 650 2829 738 Αὐτολύκου,

519 784 544 823 5
573 758 737 828 κατὰ
796 760 1263 849 Λεωκράτους,
1327 758 1493 828 κατὰ
1550 760 1991 846 Λυκόφρονος
2056 759 2148 846 β’,
2212 757 2377 827 κατὰ
2435 760 2835 842 Λυσικλέους,

572 865 736 935 κατὰ
766 873 1263 955 Μενεσαίχμου,
1301 864 1466 933 κατὰ
1510 865 1865 954 Δημάδου,
1910 863 2235 953 ἀπολογία
2272 865 2441 956 πρὸς
2475 868 2596 936 τὸν
2636 865 2834 951 αὐτόν,

573 972 740 1061 ὑπὲρ
786 977 920 1041 τῶν
970 972 1310 1059 εὐθυνῶν,
1358 971 1526 1061 πρὸς
1562 974 1921 1062 Ἰσχυρίαν,
1969 971 2133 1060 πρὸς
2176 972 2292 1055 τὰς
2336 980 2668 1062 μαντείας,
2709 973 2835 1058 περὶ

572 1085 692 1168 τῆς
738 1079 1160 1167 διοικήσεως,
1217 1079 1365 1167 περὶ
1411 1082 1528 1165 τῆς
1576 1082 1845 1167 ἱερείας,
1901 1078 2049 1167 περὶ
2103 1082 2221 1165 τῆς
2276 1079 2671 1167 ἱερωσύνης,
2713 1079 2834 1174 Οἐπι-

575 1188 806 1255 στολαὶ
852 1188 963 1254 καὶ
1011 1184 1180 1253 ἄλλα
1227 1185 1399 1255 τινά.

500 1319 552 1357 ιο
759 1292 1208 1361 CCOOXOIII.
1282 1297 1824 1378 Λυκοῦργος
1872 1293 2296 1379 Σπαρτιάτης
2339 1293 2732 1379 νομοθέτης,
2774 1286 2835 1369 ὃς

574 1400 811 1485 γέγονε
855 1402 991 1467 τῶν
1039 1402 1354 1487 Τρωικῶν
1401 1398 1563 1486 μετὰ
1612 1404 1721 1485 ἔτη
1770 1398 1859 1467 ν’.
1933 1391 2021 1485 ἦν
2068 1399 2142 1466 δὲ
2190 1409 2379 1479 θεῖος
2417 1399 2585 1487 πρὸς
2617 1396 2835 1486 πατρὸς

573 1505 921 1594 Χαριλάου
983 1510 1105 1575 τοῦ
1172 1506 1693 1592 βασιλεύσαντος
1753 1506 2101 1594 Σπάρτης,
2169 1505 2493 1595 Εὐνόμου
2534 1504 2837 1591 -ἆδελφός,

573 1613 682 1681 καὶ
731 1615 1047 1702 ἐκράτησε
1083 1624 1217 1682 τῶν
1258 1617 1701 1699 Σπαρτιατῶν
1751 1618 1860 1700 ἔτη
1909 1613 2026 1699 μβ’
2032 1666 2050 1700 ,
2100 1611 2208 1681 ὅτε
2253 1615 2365 1681 καὶ
2411 1612 2570 1693 τοὺς
2616 1612 2839 1697 νόμους

582 1724 797 1805 ἔθετο,
845 1718 1297 1806 ἐπιτροπεύων
1343 1718 1464 1788 τὸν
1511 1717 1950 1805 ἀδελφιδοῦν.
2004 1720 2114 1787 καὶ
2162 1718 2364 1799 αὐτὸς
2411 1720 2486 1787 δὲ
2535 1720 2838 1805 ἐβασίλευ-

499 1850 549 1889 1⁵
581 1847 698 1895 σεν
745 1832 855 1914 ἔτη
907 1826 1029 1914 ιη’,
1076 1825 1230 1916 μεθ’
1284 1822 1366 1895 ὃν
1414 1817 1805 1915 Νίκανδρος
1850 1830 1959 1912 ἔτη
2008 1826 2141 1913 λη’.
2238 1832 2485 1915 ἔγραψε
2531 1826 2781 1913 νόμους.

757 1934 1200 2003 CCCCXCIV.
1259 1932 1709 2020 Λυκόφρων
1756 1931 2125 2012 Χαλκιδεὺς
2165 1930 2295 2001 άπὸ
2346 1932 2666 2021 Εὐβοίας,
2716 1930 2840 2010 υίὸς

583 2041 964 2124 Σωκλέους,
1028 2042 1218 2108 θέσει
1275 2039 1348 2106 δὲ
1406 2037 1639 2107 Λύκου
1693 2043 1816 2106 τοῦ
1864 2035 2209 2127 Ῥηγίνου,
2262 2038 2707 2130 γραμματικὸς
2746 2039 2838 2106 καὶ

487 2200 491 2205 .
577 2144 862 2231 ποιητὴς
907 2151 1324 2239 τραγῳδιῶν·
1375 2151 1510 2214 ἔστι
1558 2149 1729 2232 γοῦν
1777 2139 1871 2225 εἷς
1914 2148 2051 2213 τῶν
2099 2147 2281 2234 ἑπτά,
2330 2150 2576 2229 οἵτινες
2618 2144 2839 2223 Πλειὰς

717 2320 750 2369 5
796 2313 1138 2377 Λυσικλέους
1185 2331 1322 2370 corr.
1369 2313 1655 2368 Memmius
1690 2331 1797 2369 rec.
1830 2313 2104 2370 Westerm.
2145 2316 2497 2381 Πασικλέους
2531 2319 2671 2387 vulq.

575 2401 607 2449 6
647 2399 1047 2467 Μενεσαίχμου
1080 2413 1218 2450 corr.
1243 2395 1526 2448 Meursius
1552 2410 1661 2447 ree.
1694 2392 1969 2449 Westerm.
2000 2400 2339 2467 Μεναίχμου
2374 2400 2521 2468 ναῖς.
2558 2395 2837 2465 Μενέχμου

572 2482 626 2529 H
653 2482 772 2531 Ala.
809 2478 963 2532 Eud.
1117 2476 1248 2545 post
1293 2470 1471 2527 αὐτόν
1518 2474 1841 2543 interpunxi
1887 2492 2013 2529 eum
2055 2477 2353 2547 Pinzgero,
2400 2478 2487 2531 ed.
2527 2479 2653 2548 Lyc.
2698 2496 2748 2547 p.
2782 2482 2837 2530 32

573 2560 631 2611 et
678 2556 952 2612 Westerm.
1099 2561 1131 2609 8
1180 2552 1389 2622 ἱερείας
1424 2558 1486 2605 A·
1519 2550 1803 2622 ἱερατείας
1837 2555 1982 2625 vuly.
2021 2555 2174 2610 Eud.
2246 2558 2377 2624 περὶ
2424 2557 2525 2625 τῆς
2562 2554 2839 2627 ἷερωσύνης

573 2638 754 2691 oratio
811 2637 1007 2692 eadem
1062 2651 1182 2691 esse
1240 2637 1408 2703 atque
1464 2633 1596 2704 περὶ
1650 2655 1697 2689 τ.
1751 2630 1962 2703 ἱερείας
2011 2634 2237 2695 videtui:
2278 2637 2566 2706 Nissenio,
2615 2639 2683 2691 de
2724 2638 2836 2705 Lyc.

573 2718 674 2773 vit.
715 2736 769 2786 p.
811 2724 878 2772 74

717 2795 1068 2851 CCCCXCIII
1107 2812 1214 2850 om.
1243 2794 1519 2849 Westerm.
1578 2793 1657 2849 Cf.
1697 2794 1866 2848 schol.
1907 2794 2126 2852 Platon.
2165 2797 2245 2851 VI
2272 2816 2325 2866 p.
2356 2804 2459 2853 359
2500 2800 2685 2854 Herm.
2720 2802 2834 2851 Λυκ.

571 2873 936 2946 Σπαρτιάτης
981 2872 1017 2945 ἢ
1057 2872 1507 2944 Λακεδαιμόνιος
1554 2866 1753 2943 γέγονε
1802 2874 1913 2928 τῶν
1960 2877 2226 2943 Τρωικῶν
2273 2897 2411 2947 μετα
2463 2876 2561 2947 ἔτη
2606 2874 2706 2933 υθ’
2752 2876 2837 2946 (sic

573 2956 798 3027 scripsit
832 2956 1046 3023 Herm.
1095 2951 1198 3010 νθ’
1239 2954 1330 3009 vel
1367 2951 1475 3025 μθ’
1514 2954 1684 3024 libri).
1747 2944 1818 3020 ἦν
1857 2952 1921 3008 δὲ
1961 2952 2106 3010 κατὰ
2144 2958 2473 3027 Σιμωνίδην
2513 2953 2838 3025 Πρυτάνιδος

572 3034 676 3107 μὲν
713 3032 864 3105 υιός,
903 3031 1171 3106 Εὐνόμου
1210 3033 1274 3089 δὲ
1310 3029 1583 3103 ἀδελφός,
1622 3033 1719 3088 καὶ
1747 3036 1911 3096 θεῖος
1947 3037 2048 3089 τοῦ
2078 3031 2347 3106 Εὐνόμου
2381 3034 2541 3106 υἴοῦ,
2577 3032 2836 3105 Χαριλάου

570 3115 672 3168 τοῦ
713 3110 1146 3186 βασιλεύσαντος
1193 3115 1292 3183 τῆς
1327 3110 1621 3181 Σπάρτης,
1668 3105 1735 3182 ἧς
1784 3106 1915 3184 ἦρξε
1964 3117 2062 3171 καὶ
2108 3117 2438 3186 Λυκοῦργος
2485 3114 2582 3213 ἔτη
2621 3114 2716 3186 ιη’,
2758 3108 2835 3168 ὅτε

573 3193 671 3247 καὶ
708 3214 840 3256 τους
875 3190 1084 3264 νόμους
1115 3192 1390 3263 ἔγραψεν,
1430 3190 1819 3262 ἐπιτροπεύων
1856 3191 1956 3249 τὸν
1994 3192 2358 3266 ἀδελφιδοῦν.
2434 3217 2582 3251 κατα
2626 3196 2689 3294 ar&
2722 3212 2833 3253 τους

570 3276 863 3336 πλείστους
892 3274 1218 3343 Προκλέους
1249 3274 1352 3345 μὲν
1390 3276 1490 3329 τοῦ
1528 3270 1915 3346 Ἀριστοδήμου
1945 3273 2121 3344 Σόος,
2159 3269 2227 3332 οὖ
2260 3272 2571 3347 Εὗρυπῶν,
2608 3269 2675 3332 οὗ
2703 3270 2831 3344 Πρῦ

571 3374 756 3423 τανις,
804 3345 871 3409 οὗ
911 3350 1198 3424 Εὔνομος,
1244 3346 1313 3408 οὖ
1353 3353 1716 3424 Πολυδέκτης
1754 3350 1819 3409 ἐκ
1855 3357 2131 3425 προτέρας
2166 3353 2463 3454 γυναικός,
2492 3354 2579 3412 ἐκ
2596 3356 2678 3412 A}
2716 3361 2833 3409 Διω-
2868 3348 2874 3357 '

569 3430 778 3503 νάσσης
814 3430 1053 3504 υστέρας
1089 3436 1442 3503 Λυκοῦργος,
1490 3454 1557 3488 ον
1605 3436 1702 3489 καὶ
1748 3431 1880 3498 τοὺς
1924 3431 2135 3506 νόμους
2181 3432 2247 3491 ἐκ
2284 3434 2509 3507 Κρήτης
2557 3418 2693 3506 φασὶ
2731 3453 2833 3505 μετ·

572 3521 825 3583 ενεγκειν
863 3513 945 3577 εἰς
980 3516 1382 3585 Λακεδαίμονα
1567 3522 1631 3569 11
1671 3512 1727 3569 ν’
1767 3521 1814 3568 A
1861 3516 2009 3585 quod
2055 3518 2341 3573 revoeavit
2376 3518 2673 3585 Kmtem,
2714 3510 2767 3583 η’
2799 3516 2833 3562 V

571 3588 716 3649 ὀκτώ
754 3595 898 3664 vuly.
938 3591 1040 3647 νθ’
1083 3595 1254 3649 schol.
1297 3595 1521 3649 Platon.
1598 3594 1678 3649 cf.
1718 3595 1937 3665 Mfiller‚
1976 3596 2104 3651 Dor.
2144 3597 2170 3648 I
2208 3616 2261 3667 p.
2305 3603 2403 3652 131
2436 3614 2552 3666 seq.
2596 3592 2695 3651 νθ’
2732 3610 2832 3647 οιιιιι

571 3674 742 3728 schol.
787 3676 1010 3729 Platon.
1047 3676 1198 3728 recte
1237 3691 1294 3728 se
1332 3673 1539 3728 habere
1577 3677 1635 3729 et
1670 3678 1839 3729 antea.
1873 3678 1987 3731 τῶν
2021 3678 2289 3747 Τρωικῶν
2326 3696 2426 3748 pro
2456 3673 2700 3748 Ὁμήρου
2734 3690 2831 3728 mu-

567 3755 752 3808 tatum
791 3772 909 3810 esse
946 3754 1090 3810 vidit
1119 3754 1438 3809 G-utschmid
1569 3759 1633 3807 12
1670 3756 1817 3811 filius
1848 3758 2087 3811 Eunomi
2124 3759 2425 3812 secundum
2455 3758 2621 3826 alios,
2658 3756 2747 3811 sed
2778 3751 2831 3806 cf

569 3834 766 3889 Euseb.
807 3837 996 3891 chron.
1027 3834 1052 3887 Ι
1090 3853 1142 3904 p.
1175 3840 1279 3888 223
1453 3841 1521 3889 14
1557 3836 1654 3888 καὶ
1692 3832 1865 3900 αὐτὸς
1900 3836 1965 3892 δὲ
2011 3838 2146 3893 οΙίιιι
2183 3840 2256 3893 ad
2294 3838 2571 3905 Charilai,
2606 3855 2713 3892 non
2746 3836 2833 3901 Ly-

455 3926 458 3929 ’
571 3914 754 3983 curgi,
791 3932 1025 3985 regnum
1065 3917 1346 3985 spectasse
1386 3915 1533 3971 vidit
1574 3915 1917 3985 Gutschmid‚
1962 3936 2297 3988 quamquam
2340 3921 2397 3973 et
2434 3880 2831 3973 scho'LP1asson

571 3994 862 4061 erraverit3
909 3995 1102 4064 itaque
1140 4002 1208 4051 60
1255 4012 1428 4050 annos
1467 3994 1717 4051 Charilai
1754 3998 1903 4067 apud
1940 3997 2201 4067 Apollod.
2240 3997 2403 4052 effici.
2472 3990 2626 4051 An²⁸
2598 4017 2657 4059 ος
2690 3986 2834 4049 αὐτὸς

573 4069 655 4146 ἒβ.
695 4075 1122 4142 corrigendum?

714 4152 1067 4208 CCCCXCIV
1134 4155 1214 4210 cf
1254 4176 1306 4211 v.
1345 4153 1547 4220 Λύκος.
1627 4158 1898 4214 Tractanf.
1932 4158 2219 4226 Weleker,
2268 4158 2357 4215 Gr.
2396 4156 2561 4226 Trag.
2610 4175 2661 4226 p.
2700 4158 2833 4209 1256.

569 4232 796 4301 Nauck,
831 4233 899 4287 fr.
937 4236 1081 4303 trag.
1119 4254 1175 4304 p.
1206 4242 1309 4290 636
1460 4242 1523 4291 17
1564 4237 1862 4302 Σωκλέους
1897 4257 1965 4295 ex
1997 4240 2135 4293 Par.
2172 4239 2451 4293 Kusterus
2486 4238 2614 4294 coll.
2642 4236 2833 4295 Tzetza,

571 4313 712 4367 Chil.
751 4313 909 4383 VllI,
938 4320 1058 4368 204.
1126 4315 1409 4377 Σοκλέους
1435 4321 1555 4371 Διὰ.
1602 4320 1746 4388 vuly.
1802 4313 2104 4389 Ἀρικλὲους
2136 4322 2255 4373 Bas.
2414 4323 2479 4371 18
2528 4317 2597 4372 de
2634 4310 2831 4370 Pleiade
