3025 4892
1075 207 1649 265 PROLEGOMENA.
2388 208 2509 264 LIII

183 372 546 457 Magnetis
586 373 784 458 libro,
822 395 1209 458 quamquam
1241 373 1402 437 satis
1433 372 1829 438 confidenter
1858 372 1935 436 de
1970 371 2095 438 hac
2134 375 2511 458 quaestione

183 479 575 563 disputavit
612 479 820 565 Daub‚
847 477 1030 546 Stud.
1048 503 1110 565 p.
1135 479 1279 545 145.
1327 479 1486 544 Rem
1525 478 1854 563 perspexit
1883 477 2086 562 Diels,
2113 478 2283 545 Mus,
2305 479 2511 546 Rhen.

177 585 432 651 XXXI
471 610 532 671 p.
567 587 652 654 30
688 592 822 652 not.
834 638 851 672 ,
889 587 998 671 qui
1031 587 1175 652 coll.
1202 586 1393 672 Diog.
1429 585 1553 670 IX,
1582 588 1665 651 41
1710 582 2031 672 (Δημόκ.)
2076 607 2151 650 ex
2193 588 2510 672 temporis

177 693 464 758 ratione
519 715 650 759 non
701 695 915 778 ipsum
962 693 1364 758 Demetrium
1412 692 1696 778 Diogeni
1744 693 2007 758 Laertio
2054 679 2510 778 Hesychioque

182 801 386 864 vitas
447 799 940 866 administrasse
985 800 1173 882 vidit,
1231 799 1344 864 sed
1391 800 1887 884 epitomatorem
1934 800 2361 883 posteriorem
2407 800 2509 864 vel

182 910 544 971 auctorem
592 907 900 992 aliquem,
947 908 1056 991 qui
1104 906 1506 972 Demetrium
1558 907 2036 990 compilaverat.
2050 903 2101 990 ¹)
2193 906 2375 983 Quod
2434 929 2509 972 eo

180 1013 520 1077 libentius
577 1013 824 1079 Dielsio
879 1013 1287 1098 crediderim,
1341 1035 1486 1078 cum
1547 1035 1749 1077 unum
1796 1011 2031 1077 Suidae
2088 1012 2328 1095 locum,
2382 1035 2509 1098 quo

183 1119 614 1185 Demetrium
674 1119 1042 1206 Magnetem
1111 1117 1186 1183 ἐν
1250 1120 1372 1184 τοῦ
1439 1116 1590 1204 περὶ
1656 1114 2037 1204 ὁμωνύμων
2090 1119 2385 1202 ποιητῶν
2440 1143 2509 1186 τε

181 1223 314 1290 καὶ
387 1224 829 1310 συγγραφέων
897 1224 1005 1312 (cf.
1069 1223 1257 1312 Diog.
1305 1224 1394 1309 V,
1453 1223 1525 1312 3)
1592 1224 1843 1290 laudari
1908 1224 2065 1290 olim
2128 1228 2383 1311 putavi,
2453 1250 2509 1294 V.

181 1328 470 1415 Ἰσαῖος,
507 1354 678 1396 nunc
713 1334 952 1417 potius,
990 1332 1287 1416 quamvis
1335 1333 1717 1398 adversante
1745 1331 2022 1415 Daubi0,
2064 1330 2240 1397 Stud.
2268 1355 2333 1416 p.
2366 1334 2510 1416 147,

187 1439 282 1502 ad
345 1437 959 1522 Harpocrationem,
1017 1440 1224 1523 ipsius
1281 1438 1514 1504 Suidae
1570 1439 1849 1520 fontem,
1913 1462 2107 1524 quam
2166 1441 2245 1506 ad
2301 1441 2509 1524 Hesy-

193 1546 434 1611 chium
486 1547 724 1611 referre
772 1547 1012 1612 malim.
1025 1546 1076 1631 2)
1159 1546 1502 1632 Utcunque
1550 1551 1768 1611 autem
1816 1568 1919 1611 res
1966 1568 2033 1611 se
2081 1547 2309 1630 habet,
2351 1569 2507 1611 num

194 1654 386 1718 Isaei
443 1654 578 1718 vita
626 1653 912 1718 Suidana
970 1655 1052 1718 ab
1100 1653 1432 1738 Hesychio
1487 1653 1780 1739 profecta
1835 1654 1949 1736 sit,
2012 1655 2183 1717 certe
2238 1652 2505 1717 dubium

190 1763 326 1825 est.
429 1760 658 1844 Itaque
720 1759 796 1823 de
856 1759 1332 1845 Argesiphonte
1404 1757 1536 1844 (vel
1610 1781 1685 1824 eo
1750 1759 1965 1842 potius
2035 1759 2144 1843 qui
2208 1760 2333 1823 hoc
2392 1781 2508 1823 no-

107 1921 117 1932 .
191 1867 383 1930 mine
423 1866 659 1932 vitioso
704 1865 936 1950 utitur)
983 1867 1220 1930 rectius
1259 1867 1547 1951 cogitare
1583 1887 1844 1930 necesse
1884 1869 2011 1950 est,
2057 1887 2245 1950 quem
2282 1866 2506 1930 multis

191 1973 400 2058 annis
448 1976 599 2056 post
644 1973 1074 2056 Demetrium,
1129 1972 1410 2038 fortasse
1458 1971 1792 2036 Hadriano
1838 1973 2223 2056 imperante,
2269 1973 2507 2037 vixisse

197 2079 532 2144 conicias:

388 2203 484 2268 De
532 2203 982 2288 DamasciO,
1027 2204 1233 2270 altero
1263 2203 1800 2288 philosophorum
1838 2203 2038 2287 fonte,
2076 2203 2209 2267 dixi
2246 2202 2505 2268 Unters.

197 2335 262 2394 p.
295 2311 388 2374 60
435 2311 576 2375 coll.
624 2334 683 2376 v.
730 2308 993 2392 Γέσιος,
1046 2307 1487 2395 Λομνῖνοςθ),
1549 2309 1816 2394 Δῶρος,
1868 2303 2275 2394 Ἐπίκτητος,
2336 2305 2505 2374 Εὐο-

197 2413 463 2499 διανός,
505 2411 871 2499 Ἰσίδωρος,
911 2417 1224 2501 Σεβῆρος
1261 2417 1341 2482 al.
1418 2413 1619 2481 Cuius
1657 2416 1735 2480 de
1782 2415 2019 2481 Isidori
2065 2417 2205 2480 vita
2248 2415 2507 2500 librum,

197 2547 354 2588 cum
399 2524 598 2588 etiam
648 2523 882 2589 Suidas
929 2528 1226 2589 accurate
1273 2525 1556 2607 noverit,
1616 2523 1873 2608 saepius
1932 2546 2103 2604 eum,
2160 2526 2503 2608 postquam

198 2631 541 2695 enarravit
570 2632 774 2696 vitam
803 2629 1314 2715 Hesychianam,
1351 2631 1631 2714 amplius
1660 2630 2047 2714 compilasse
2078 2651 2273 2713 supra
2300 2629 2504 2694 docui.
2576 2621 2582 2630 ’

389 2755 652 2819 Praeter
708 2754 1068 2840 Diogenem
1126 2754 1529 2840 (fontemque
1576 2753 1920 2840 Diogenis)
1978 2759 2044 2819 et
2088 2754 2503 2820 Damaseium

198 2879 669 2946 nonnunquam
718 2861 915 2926 etiam
964 2860 1385 2946 Porphyrii
1441 2857 1825 2945 φιλόσοφον
1883 2859 2250 2946 ίστορίαν4)
2300 2861 2504 2946 Hesy-

201 2968 394 3032 chius
460 2968 759 3052 adscivit,
834 2989 1024 3052 quem
1098 2989 1300 3052 usque
1367 2954 1448 3031 ad
1513 2967 1809 3032 Platonis
1876 2971 2159 3032 aetatem
2224 2969 2504 3053 philoso-

201 3073 376 3157 phos
423 3079 739 3139 tractasse
788 3075 986 3140 tradit
1030 3074 1280 3158 Eunap.
1330 3073 1460 3138 Vit.
1505 3072 1701 3159 Soph.
1740 3074 1771 3138 I
1808 3097 1869 3159 p.
1899 3075 1939 3139 3
1977 3074 2215 3160 Boiss,
2271 3075 2503 3160 quibus

205 3180 411 3244 etiam
455 3178 750 3244 Platonis
801 3178 1152 3264 discipulos
1202 3184 1267 3244 et
1314 3200 1717 3244 successores
1760 3203 1903 3244 eum
1954 3181 2274 3247 addidisse
2321 3203 2399 3245 ex
2446 3205 2503 3246 v.

355 3444 408 3510 1)
455 3442 537 3497 Cf.
575 3443 749 3497 etiam
783 3442 996 3509 Maass‚
1033 3441 1219 3512 Biogr.
1249 3461 1304 3512 p.
1344 3449 1412 3498 36
1451 3445 1510 3496 et
1544 3461 1595 3497 v.
1629 3442 2032 3514 Wilamowitz,
2081 3445 2347 3514 Antigon.
2395 3463 2503 3501 von

204 3521 342 3577 Kar.
381 3541 434 3591 p.
477 3529 580 3576 104
617 3522 734 3576 not.
773 3529 822 3589 3,
861 3541 915 3591 p.
947 3528 1049 3577 241
1091 3525 1149 3576 et
1183 3539 1237 3590 p.
1267 3528 1370 3576 329
1401 3539 1511 3591 seq.

350 3615 404 3680 2)
451 3611 636 3677 Adde,
683 3611 834 3679 quod
862 3609 1208 3666 Demetrium
1245 3611 1521 3666 Phalerea
1554 3611 1649 3666 hic
1687 3611 1944 3681 intellegi
1989 3611 2215 3681 putavit
2252 3612 2501 3667 Wester-

204 3709 404 3761 mann,
449 3708 551 3746 nec
599 3691 780 3744 minus
823 3691 1010 3762 Biogr.
1055 3709 1107 3760 p.
1141 3696 1274 3756 285,
1310 3695 1405 3758 45,
1453 3691 1600 3758 quod
1650 3691 1742 3745 vel
1790 3691 1973 3760 Biogr.
2012 3710 2067 3761 p.
2106 3699 2239 3760 266,
2279 3699 2348 3747 34
2384 3695 2500 3748 not.

205 3771 524 3827 confirmari
570 3771 883 3826 videbatur.
955 3771 1142 3840 Atque
1170 3770 1598 3825 Westermanno
1636 3769 1969 3839 adstipulari
2013 3770 2239 3826 videtur
2276 3772 2501 3826 criticus

204 3855 263 3907 in
301 3851 447 3906 Phil.
485 3851 620 3904 Anz.
663 3851 765 3904 VII
803 3869 856 3920 p.
900 3857 1016 3906 124.
1083 3850 1340 3904 Ceterum
1387 3850 1626 3903 eundem
1665 3850 1966 3919 intellegas
2004 3851 2064 3904 in
2102 3849 2331 3918 Dionys.
2370 3853 2498 3909 Hal.

205 3933 331 3986 vita
365 3931 512 3986 Isaei
547 3949 600 4000 p.
642 3936 774 3997 260,
812 3937 844 3984 3
884 3930 1058 3985 West.
1097 3925 1173 4004 nis
1210 3923 1266 3982 δ’
1308 3927 1489 3999 ἕτεροι
1527 3926 1810 3999 γράφουσι
1846 3927 2177 3994 Χαλκιδεύς.

353 4021 407 4087 3)
452 4017 536 4072 De
573 4017 707 4072 vitis
741 4017 894 4073 Gesii
930 4021 989 4073 et
1023 4017 1288 4073 Domnini
1325 4017 1393 4076 cf.
1433 4036 1577 4088 quae
1614 4019 1674 4073 in
1710 4018 1887 4072 altero
1926 4018 2367 4088 Prolegomenon
2408 4037 2499 4074 ea-

209 4101 328 4169 pite
364 4100 435 4153 de
472 4097 758 4153 Eudociae
799 4098 1046 4154 Violario
1089 4099 1220 4154 dixi.

353 4190 408 4256 4)
453 4185 538 4240 De
583 4185 752 4240 titulo
799 4183 1110 4255 φιλόσοφος
1155 4185 1368 4258 ἱστορία
1416 4190 1550 4256 (non
1595 4187 1725 4254 περὶ
1762 4183 2078 4256 φιλοσόφου
2117 4184 2382 4256 ἱστορίας)
2430 4188 2497 4241 cf.

210 4267 391 4334 Diels,
427 4267 668 4334 Doxogr.
707 4284 760 4334 p.
791 4271 912 4320 258.
988 4266 1150 4324 Certe
1197 4284 1308 4322 non
1353 4268 1575 4322 diversa
1620 4269 1706 4320 est
1752 4266 1823 4321 ab
1870 4266 2119 4321 eiusdem
2154 4264 2299 4321 libro
2338 4263 2499 4335 φιλό-

211 4364 388 4416 σοφος
424 4347 783 4415 χρονολογία,
823 4363 994 4414 quam
1029 4347 1226 4404 laudat
1262 4346 1472 4401 Malala
1507 4364 1563 4415 p.
1594 4351 1680 4413 56,
1712 4351 1794 4400 10.
