3025 4892
443 161 448 165 ’
501 176 632 241 252
1449 178 1838 235 APPENDIX.

498 335 618 406 τὸν
669 335 1104 427 Ἀλέξανδρον
1172 338 1490 431 δεύτερον
1557 346 1797 422 κτίζειν
1862 342 1973 409 καὶ
2037 340 2265 432 χώραν
2332 344 2557 431 ἑτέραν
2618 340 2781 432 αὐτῇ

498 445 974 533 προσδιδόναι,
1035 444 1198 515 ἀνθ’
1250 438 1347 514 ὦν
1407 450 1477 515 οί
1520 454 1949 534 Σταγειρίται
2008 452 2189 536 μῆνα
2239 448 2781 538 προσηγόρευσαν

493 550 1031 641 Ἀριστοτέλειον,
1076 555 1187 621 καὶ
1236 550 1474 640 ἑορτὴν
1523 545 1691 641 ἦγον
1725 552 2203 644 Ἀριστοτέλεια
2250 556 2361 623 καὶ
2400 557 2474 625 ἐν
2513 563 2783 625 Χαλκίδι

496 658 1010 747 τελευτήσαντος
1064 663 1562 749 μετεπέμψαντο
1619 661 1694 729 τὸ
1744 666 1934 750 σῶμα
1981 663 2092 730 καὶ
2143 670 2379 751 βωμον
2426 665 2781 751 ἐπέστησαν

443 793 469 833 5
497 770 586 858 τῷ
643 765 834 859 τάφςο
891 768 1002 836 καὶ
1052 766 1571 854 Ἀριστοτέλειον
1622 768 1743 838 τὸν
1800 768 2011 840 τόπον
2068 769 2425 857 ἐκάλεσαν,
2490 772 2597 839 καὶ
2653 774 2789 840 ἐκεῖ

517 870 639 960 τὴν
657 871 1306 962 βουλὴν-ἤθροιζον,
1343 876 1453 943 καὶ
1496 874 1815 962 Ἐρεσσὸν
1855 878 2238 965 μέλλουσαν
2274 875 2406 947 ὑπὸ
2456 884 2783 947 Φιλίππου

496 984 1032 1069 πολιορκηθῆναι
1081 986 1340 1051 ἔπεισεν
1387 980 1747 1071 ἀφεθῆναι.
1835 981 2048 1052 πολλὰ
2104 984 2179 1053 δὲ
2231 986 2343 1053 καὶ
2391 983 2787 1071 Ἀθηναίους

496 1084 936 1176 εὐηργέτησεν
974 1090 1048 1156 ἐν
1084 1102 1224 1169 τοϊς
1259 1086 1427 1177 πρὸς
1461 1095 1797 1157 Φίλιππον
1831 1090 2238 1179 γράμμασιν,
2279 1088 2369 1171 ὡς
2390 1089 2787 1177 Ἀθηναίους

423 1209 462 1268 5
503 1196 576 1263 έν
639 1199 717 1284 τῇ
786 1192 1142 1283 ἀκροπόλει
1207 1193 1578 1285 ἀνδριάντα
1646 1192 1824 1287 αὐτῷ
1890 1194 2270 1265 ἀναθεῖναι.
2363 1201 2478 1266 ἵνα
2544 1200 2614 1266 δὲ
2672 1201 2785 1267 καὶ

419 1324 468 1365 10
493 1301 747 1382 πάντας
782 1299 1192 1390 ἀνθρώπους
1231 1300 1653 1395 εὐεργετῆσῃ,
1691 1302 1931 1391 γράφει
1967 1307 2058 1396 τῷ
2082 1302 2495 1397 Ἀλεξάνδρῳ
2522 1311 2784 1393 βιβλίον

492 1409 642 1496 περὶ
710 1415 1078 1495 βασιλείας,
1145 1409 1516 1495 διδάσκων,
1583 1409 1759 1491 ὅπως
1823 1413 2285 1497 βασιλευτέον,
2349 1410 2511 1502 ὅπερ
2580 1412 2787 1495 οὕτως

494 1520 776 1601 ἔδρασεν
823 1520 917 1595 εἰς
959 1514 1084 1602 τὴν
1126 1513 1568 1604 Ἀλεξάνδρου
1604 1515 1850 1604 ψυχήν,
1897 1515 1987 1598 ὡς
2036 1520 2279 1605 λέγειν,
2332 1517 2441 1588 ὅτε
2488 1518 2578 1608 μὴ
2616 1518 2782 1607 ὠφέ-

491 1628 654 1710 λησέ
687 1646 865 1691 τινα·
921 1623 1240 1712 (σήμερον
1269 1622 1391 1694 οὐκ
1421 1610 1840 1710 ἐβασίλευσα,
1882 1622 2130 1693 οὐδένα
2168 1623 2297 1714 γὰρ
2335 1618 2415 1693 εὖ
2454 1629 2783 1715 έποίησα’,

491 1727 652 1818 ὅπερ
707 1740 858 1800 ἴσον
916 1733 1052 1801 ἐστὶ
1107 1736 1197 1824 τῷ
1262 1735 1626 1819 ἐπιχωρίως
1680 1734 2017 1824 λεγομένῳ
2064 1734 2170 1801 ἐπὶ
2215 1738 2351 1801 τω”ν
2404 1732 2505 1801 ἐπ’
2561 1732 2788 1822 ὀλίγον

415 1866 464 1906 15
494 1836 1050 1928 ἀρρωστούντων,
1095 1835 1276 1907 τοῦτ’
1323 1843 1503 1907 ἔστιν
1550 1836 1888 1926 ἐφήμερον
1934 1838 2147 1907 νόσον
2185 1838 2396 1926 “παρά
2443 1843 2637 1928 μίαν’
2676 1840 2789 1909 διὰ

495 1943 680 2033 [γὰρ]
743 1944 817 2013 τὸ
875 1944 963 2033 μὴ
1022 1949 1294 2032 ποιῆσαι
1352 1943 1476 2032 τὴν
1532 1942 1788 2032 ἡμέραν
1851 1947 2114 2033 ἐκείνην
2169 1945 2284 2026 τὰς
2337 1944 2792 2035 ὑγιαινόντων

495 2057 819 2140 ἐργασίας.
883 2051 1255 2141 ἀκμάσαντι
1295 2052 1370 2121 δὲ
1401 2050 1813 2145 Ἀλεξάνδρῳ
1850 2054 1961 2121 καὶ
2001 2052 2589 2143 ἐπιστρατεύσαντι
2626 2053 2797 2122 κατὰ

493 2164 781 2246 Περσῶν
819 2160 1229 2245 συνεξῆλθεν
1262 2157 1421 2229 οὐδὲ
1456 2157 1604 2227 τότε
1634 2163 1843 2247 <τοῦ>
1873 2164 2277 2248 φἰλοσοφεϊν
2306 2159 2796 2250 ἀποσχόμενος·

493 2263 618 2353 τὴν
664 2264 789 2354 γὰρ
838 2270 1140 2355 ίστορίαν
1187 2270 1322 2335 τῶν
1367 2270 1715 2335 πολιτειῶν
1758 2266 1909 2337 τότε
1956 2267 2281 2348 συνέλεξε.
2326 2268 2439 2335 καὶ
2482 2269 2797 2355 μέλλοντι

413 2402 466 2443 20
494 2372 904 2461 συμβάλλειν
959 2377 1051 2466 τῷ
1111 2378 1420 2465 Περσικῷ
1487 2375 1755 2465 πολέμῳ
1811 2379 1937 2460 ἔφη
1994 2370 2269 2442 ἀπαίσια
2322 2376 2657 2461 γενέσθαι.
2755 2372 2797 2444 ὁ

492 2480 566 2548 δὲ
613 2480 702 2567 μὴ
751 2481 1050 2560 πεισθεὶς
1097 2480 1425 2567 συνέβαλε
1470 2480 1583 2549 καὶ
1630 2480 2069 2568 ἐτελεύτησεν.
2142 2481 2252 2548 καὶ
2294 2477 2417 2569 οὐχ
2467 2472 2663 2568 ἦττον
2713 2482 2799 2551 δὲ

489 2591 626 2656 τῶν
673 2587 1092 2674 φθασάντων
1131 2589 1486 2675 βασιλέων,
1526 2586 1881 2675 Ἀμύντου,
1934 2593 2291 2674 Φιλίππου,
2331 2585 2802 2677 Ὀλυμπιάδος,

485 2691 931 2781 Ἀλεξάνδρου
1003 2696 1428 2784 Ἀντίπατρος
1501 2692 1538 2764 ὁ
1617 2692 2088 2782 διαλεξάμενος
2156 2692 2281 2782 τὴν
2350 2692 2798 2784 Ἀλεξάνδρου

490 2808 836 2891 βασιλειάν
888 2800 998 2869 διὰ
1050 2806 1246 2889 τιμῆς
1291 2800 1424 2890 εἶχε
1459 2800 1581 2871 τὸν
1624 2800 2101 2889 Ἀριστοτέλην.
2171 2805 2294 2869 τοῦ
2333 2802 2406 2869 δὲ
2454 2808 2799 2871 Σπευσίπ-

410 2934 460 2974 25
487 2934 620 2979 που
677 2907 1226 2996 τελευτήσαντος,
1295 2912 1365 2975 οί
1423 2906 1554 2976 ἀπὸ
1612 2912 1728 2995 τῆς
1783 2912 2029 2995 σχολῆς
2081 2911 2612 2997 μεταπέμπονται
2666 2908 2799 2978 τὸν

483 3015 942 3102 Ἀριστοτέλην
989 3017 1099 3083 καὶ
1149 3018 1575 3103 διαδέχονται
1620 3011 1834 3102 αὐτὴν
1881 3013 2084 3095 αὐτός
2120 3042 2191 3083 τε
2227 3016 2337 3083 καὶ
2373 3016 2802 3103 Ξενοκράτης

490 3125 1038 3209 σωφρονέστατα,
1087 3124 1196 3191 καὶ
1237 3121 1690 3212 Ἀριστοτέλης
1735 3122 1858 3209 μὲν
1906 3124 1979 3191 ἐν
2022 3128 2316 3215 Λυκείῳ,
2372 3122 2803 3210 Ξενοκράτης

492 3230 566 3297 δὲ
613 3231 684 3297 ἐν
726 3227 1146 3320 Ἀκαδημείᾳ,
1187 3236 1358 3299 ἔνθα
1403 3231 1512 3299 καὶ
1561 3229 1852 3298 Πλάτων
1899 3230 2308 3299 ἐπαίδευσεν.
2397 3227 2482 3298 οὐ
2526 3227 2653 3318 γὰρ
2700 3229 2801 3312 ὥς

485 3334 935 3423 Ἀριστόξενος
1000 3340 1282 3424 ἱστορεῖ,
1347 3338 1715 3416 Πλάτωνος
1781 3339 2023 3417 ζῶντος
2084 3336 2195 3403 καὶ
2250 3318 2336 3404 ’ἐν
2388 3333 2796 3428 Ἀκαδημείᾳ

409 3432 460 3546 ἐξ)
487 3440 948 3529 παιδεύοντος,
985 3440 1547 3533 ἀντῳκοδόμησεν
1594 3441 1629 3511 ὁ
1654 3440 2107 3531 Ἀριστοτέλης
2133 3440 2209 3511 τὸ
2240 3442 2551 3513 Λύκειον.
2604 3453 2795 3532 εἴπερ
2907 3494 2923 3514 ι

487 3547 616 3636 γάρ
693 3575 792 3629 τις
864 3548 1094 3636 ἄλλος,
1168 3555 1475 3637 φαίνεται
1556 3546 1593 3617 ὁ
1654 3546 2103 3636 Ἀριστοτέλης
2166 3551 2798 3639 καταπεπληγμένος

493 3655 861 3742 Πλάτωνα,
911 3655 1262 3744 ἐπιγράφει
1299 3656 1428 3745 γὰρ
1476 3662 1570 3737 εἰς
1616 3655 1849 3725 αὐτόν·

633 3858 675 3906 2
704 3850 1081 3908 καταδιδόναι
1121 3854 1179 3907 οὗ
1215 3850 1639 3922 κατηγόρευσαν
1678 3853 1797 3908 eod.
1820 3853 1958 3923 ⁴(sed
1996 3854 2055 3907 in
2092 3873 2270 3925 marg.
2300 3854 2791 3927 προσηγόρευσαν)

490 3951 626 3989 corr.
667 3933 854 3989 Robbe
975 3940 1038 3988 16
1076 3932 1136 3986 in
1173 3948 1350 4003 marg.
1387 3932 1597 4003 legitur
1633 3936 1934 4004 παροιμίας
1973 3930 2083 4005 γὰρ
2122 3937 2322 3991 seclusi
2361 3940 2557 4008 utposse
2596 3937 2797 3993 absur-

491 4012 626 4067 dum
773 4019 837 4067 17
887 4007 1210 4083 εὐεργεσίας
1247 4012 1368 4067 cod.
1407 4012 1618 4081 Robbe3
1660 4010 1923 4084 ἐργασίας
1958 4016 2149 4071 Rohde
2276 4023 2341 4071 18
2379 4017 2480 4070 τοῦ
2520 4034 2625 4071 om.
2669 4018 2796 4072 cod.

489 4095 618 4149 add.
656 4093 842 4149 Robbe
985 4098 1053 4147 20
1094 4090 1205 4162 ἔφη
1243 4086 1483 4146 ἀπαίσια
1523 4110 1658 4147 corr.
1690 4095 1905 4165 Rohde,
1944 4094 2055 4165 ἔφη
2094 4092 2163 4149 τὰ
2204 4098 2360 4150 αἴσια
2398 4097 2521 4151 cod.
2558 4097 2749 4152 Robbe

491 4181 560 4229 28
599 4169 667 4228 ού
705 4170 815 4243 γὰρ
855 4167 928 4235 ὥς
958 4167 1056 4242 Ἄρ.
1097 4168 1331 4241 ὕστερον
1378 4172 1500 4227 οοᾶ.
1550 4170 1617 4228 οὗ
1664 4173 1772 4245 γὰρ
1810 4170 1887 4238 ὥς
1928 4172 2025 4244 Ἄρ.
2064 4173 2281 4244 ἴστορεῖ
2317 4176 2415 4230 καὶ
2448 4172 2797 4246 Ἀριστοκλῆς

491 4246 728 4321 ὕστερον
768 4254 908 4307 coni.
938 4253 1122 4308 Robbe
1151 4254 1276 4309 coll.
1306 4272 1360 4323 p.
1392 4258 1517 4323 250,
1544 4262 1630 4323 27,
1670 4250 1737 4311 οὖ
1774 4252 1881 4325 γὰρ
1920 4250 1995 4319 ὦς
2026 4251 2393 4325 Ἀριστόξενος
2422 4253 2639 4326 ἱστορεῖ
2659 4256 2795 4311 sim—

497 4329 700 4401 plicius
738 4332 928 4388 Rohde
