3025 4892
1089 274 1114 305 ,
1135 232 1563 287 ΗΕεῩοΗισε.
2367 234 2493 297 195

389 394 692 461 DCOXX.
783 398 1144 479 Σίβυλλα
1175 389 1470 459 ‘'El-maa.
1546 397 1791 480 ἔγραψε
1837 396 2148 478 μαντείας
2182 394 2293 459 καὶ
2340 419 2493 480 χρη-

206 496 416 585 σμοὺς
456 496 547 567 δι’
601 502 796 567 ε’πῶν.

385 606 728 674 DCCXXI.
791 610 1152 691 Σίβυλλα
1191 609 1627 692 Κολοφωνία,
1672 603 1816 692 ἥτις
1862 604 2113 691 ἐκλήθη
2162 607 2271 673 καὶ
2309 605 2491 693 Λάμ-

205 732 443 798 πονσα,
483 709 816 798 ἀπόγονος
854 710 1260 800 Κάλχαντος.
1306 712 1416 779 καὶ
1453 710 1623 798 αὐτὴ
1667 718 1977 798 μαντείας
2010 713 2123 779 καὶ
2159 710 2495 801 χρησμοὺς

209 816 308 884 δι’
358 821 532 887 ἐπῶν
579 819 688 887 καὶ
735 816 923 887 ἄλλα.
2520 840 2545 877 ⁵

381 926 758 993 DCCXXII.
831 931 1189 1011 Σίβυλλα
1233 924 1528 1015 Θετταλὴ
1586 924 1627 1014 ἡ
1687 934 2011 1013 κληθεῖσα
2056 926 2165 993 καὶ
2214 924 2494 1010 Μαντῶ,

201 1027 542 1116 ἀπόγονος
597 1039 954 1120 Τειρεσίου.

380 1140 794 1205 DCCXXIII.
878 1144 1241 1225 Σίβυλλα
1300 1145 1563 1225 Φρυγία
1622 1137 1663 1226 ἡ
1718 1147 2043 1224 κληθεῖσα
2100 1135 2231 1207 ὑπό
2290 1164 2494 1207 τινων

202 1244 540 1333 Σάρυσις,
599 1243 726 1314 ὑπὸ
784 1247 864 1313 δέ
913 1272 1121 1313 τινων
1174 1246 1577 1334 Κασάνδρα,
1630 1244 1857 1314 ἄλλων
1912 1244 1987 1314 δὲ
2040 1246 2493 1335 Ταραξάνδρα.

201 1350 320 1416 καὶ
365 1348 534 1437 αὐτὴ
581 1350 933 1438 χρησμούς.
2526 1374 2575 1410 10

377 1459 790 1525 DOGXXIV.
848 1463 1203 1545 Σίβυλλα
1227 1463 1517 1551 ,Κυμαία
1554 1459 1665 1526 καὶ
1703 1462 2061 1546 Σίβυλλα
2098 1464 2495 1547 Θεσπρωτίς.

204 1561 460 1650 ὁμοίως
504 1563 860 1651 χρησμούς.

382 1672 756 1739 DGCXXV.
812 1677 1170 1757 Σίβυλλα
1207 1676 1509 1740 Χαλδαία
1556 1669 1597 1758 ἡ
1639 1672 1751 1740 καὶ
1788 1673 1954 1759 πρός
1990 1697 2195 1740 τινων
2221 1669 2497 1759 Ἑβραία

199 1774 688 1865 ὀνομαζομένη,
725 1774 766 1863 ἡ
807 1777 916 1845 καὶ
956 1784 1225 1872 Περσίς,
1261 1776 1302 1864 ἡ
1340 1784 1551 1869 κυρίῳ
1591 1775 1869 1866 ὀνόματι
1906 1780 2281 1866 καλουμένη
2313 1786 2498 1865 Σαμ-

194 1884 420 1970 βήθη,
489 1887 587 1969 [ἐκ
641 1889 762 1953 τοῦ
815 1886 1054 1971 γένους
1106 1890 1228 1953 τοῦ
1293 1885 1801 1973 μακαριωτάτου
1856 1891 2047 1972 Νῶε,
2112 1883 2153 1972 ἡ
2214 1886 2294 1952 τὰ
2351 1880 2494 1952 κατ’
2530 1903 2579 1943 1⁵

189 1988 638 2075 Ἀλέξανδρον
693 1988 814 2058 τὸν
863 1990 1231 2059 Μακεδόνα
1287 1994 1608 2079 λεγομένη
1657 1994 2156 2080 προειρηκέναι,
2212 1983 2289 2079 ἧς
2336 2018 2496 2079 μνη-

193 2096 475 2183 μονεύει
517 2096 840 2184 Νικάνωρ
892 2094 928 2163 ὁ
975 2095 1094 2164 τὸν
1137 2095 1577 2182 Ἀλεξάνδρου
1621 2104 1776 2184 βίον
1823 2097 2208 2185 ἱστορήσας,
2261 2095 2301 2184 ἡ
2350 2100 2499 2185 περὶ

191 2208 320 2271 τοῦ
387 2203 720 2272 δεσπότου
773 2207 1067 2290 Χριστοῦ
1124 2210 1328 2290 μυρία
1385 2208 1895 2290 προθεσπίσασα
1948 2205 2060 2271 καὶ
2117 2207 2233 2289 τῆς
2290 2202 2498 2272 αὐτοῦ

193 2315 593 2400 παρουσίας.
683 2307 849 2377 ἀλλὰ
913 2309 1021 2377 καὶ
1069 2312 1145 2375 αἰ
1186 2310 1410 2377 λοιπαὶ
1458 2307 1875 2401 συνᾴδουσιν
1920 2307 2119 2397 αὐτῇ,
2174 2308 2350 2395 πλὴν
2398 2309 2499 2377 ὅτι

195 2418 451 2503 ταύτης
507 2416 637 2483 εἰσὶ
691 2421 917 2502 βιβλία
963 2414 1074 2483 κδ’
1122 2416 1270 2503 περὶ
1317 2416 1565 2496 παντὸς
1612 2422 1859 2495 ἔθνους
1903 2417 2012 2483 καὶ
2058 2414 2277 2503 χώρας
2322 2442 2499 2503 περι-
2528 2435 2580 2473 2⁰

195 2526 461 2611 έχοντα.
536 2520 641 2589 ὅτι
689 2521 763 2589 δὲ
811 2523 880 2589 οἱ
921 2528 1132 2608 στίχοι
1181 2520 1386 2607 αὐτῆς
1431 2519 1684 2602 ἀτελεῖς
1730 2520 2154 2610 εὑρίσκονται
2198 2522 2307 2589 καὶ
2346 2520 2499 2609 ἅμε-

195 2659 376 2717 τροι,
417 2627 500 2697 οὐ
536 2633 652 2715 τῆς
686 2627 1102 2715 προφήτιδός
1140 2630 1319 2695 ἐστιν
1358 2625 1399 2714 ἡ
1441 2633 1640 2715 αἰτία,
1679 2626 1848 2697 ἀλλὰ
1883 2634 2019 2698 τῶν
2053 2628 2500 2716 ταχυγράφων

198 2735 284 2804 οὐ
351 2734 908 2824 συμφθασάντων
970 2738 1048 2822 τῇ
1107 2733 1282 2823 ῥύμῃ
1339 2737 1460 2801 τοῦ
1519 2734 1753 2820 λόγου,
1818 2730 1859 2821 ἢ
1914 2735 2025 2801 καὶ
2080 2734 2500 2804 ἀπαιδεύτων

197 2845 594 2929 γενομένων
649 2842 760 2909 καὶ
811 2838 1105 2927 ἀπείρων
1153 2844 1619 2927 γραμματικῆς.
1710 2838 1845 2928 ἅμα
1892 2840 2019 2928 γὰρ
2067 2831 2145 2931 τῇ
2195 2844 2500 2929 ἐπιπνοίᾳ

199 2946 622 3034 ἐπέπαυτοὴ
668 2953 804 3016 τῶν
851 2948 1234 3032 λεχθέντων
1281 2945 1535 3032 μνήμη·
1592 2948 1703 3013 καὶ
1751 2946 1863 3013 διὰ
1910 2952 2107 3013 τοῦτο
2156 2946 2499 3034 εὑρίσκον-
2528 2965 2581 3005 25

199 3083 310 3123 ται
387 3055 498 3122 καὶ
569 3057 640 3122 οἰ
691 3059 918 3150 στίχοι.
960 3051 1208 3132 ἀτελεῖς
1263 3052 1376 3119 καὶ
1433 3050 1704 3119 διάνοια
1760 3052 2107 3133 σκάζουσα.
2208 3062 2338 3120 εἴτε
2390 3052 2498 3119 καὶ

197 3159 348 3229 κατ’
423 3165 814 3247 οἰκονομίαν
871 3163 1047 3227 Θεοῦ
1111 3162 1312 3227 τοῦτο
1376 3160 1685 3245 γέγονεν,
1752 3156 1845 3238 ῶς
1906 3157 1993 3245 μὴ
2060 3158 2499 3245 γινῶσκοιντο

204 3264 341 3335 ὑπὸ
392 3270 529 3335 τῶν
574 3270 842 3334 πολλῶν
889 3266 998 3333 καὶ
1046 3263 1339 3346 ἀναξίων
1389 3268 1458 3333 οἱ
1498 3267 1785 3353 χρησμοὶ
1833 3264 2079 3353 αὐτῆς]

385 3372 798 3441 DCCXXVI.
831 3370 1289 3459 ’Σιβύρτιος
1334 3375 1707 3440 Θεοδέκτου
1752 3377 1872 3440 τοῦ
1926 3379 2308 3458 Φασηλίτου
2345 3369 2501 3439 ἀνα-

202 3478 514 3565 γνῶστης
549 3482 658 3546 καὶ
698 3479 972 3563 οἰκέτης,
1012 3474 1086 3556 ὃς
1115 3478 1595 3566 ἐρρητόρευσεν
1626 3482 1901 3545 οἰκετῶν
1930 3482 2204 3565 πρῶτος.
2253 3483 2497 3565 ἔγραψε
2527 3498 2579 3536 30

203 3590 444 3674 τέχνας
489 3583 861 3672 ῥητορικάς.

350 3744 596 3799 DCCXX
672 3750 698 3797 1
740 3746 991 3817 Λίβυσσα
1031 3759 1168 3797 corr.
1210 3743 1652 3798 Hemsterhusius

351 3824 676 3880 DCCXXHI
714 3831 746 3878 8
779 3825 996 3893 Φρυγία
1025 3839 1054 3876 e
1083 3823 1207 3877 libr.
1233 3823 1366 3877 Par.
1399 3822 1681 3877 revocavit
1708 3823 1997 3889 Homerus,
2030 3824 2197 3876 antea.
2230 3838 2342 3876 om.
2372 3821 2497 3876 edd.

206 3910 236 3956 9
277 3900 530 3970 Σάρυσις
566 3909 667 3957 Av
705 3902 920 3977 Σάρβις
953 3904 1096 3972 vuly.
1129 3902 1278 3957 Eud.
1429 3907 1494 3954 10
1534 3898 1746 3971 ἔγραψε
1787 3922 1868 3972 χρ.
1910 3902 2060 3957 Eud.
2504 3938 2507 3941 ·

359 3983 678 4039 DCCXXIV
722 3991 784 4038 12
829 3982 1042 4053 ἔγραψε
1081 3980 1178 4035 καὶ
1218 3975 1358 4050 αὕτη
1400 3976 1605 4050 ὁμοίως
1642 4001 1722 4050 χρ.
1762 3982 1913 4039 Eud.

353 4062 649 4119 DCOXXV
694 4071 759 4119 13
796 4065 1001 4129 Χαλδ.,
1036 4057 1174 4129 πρός
1202 4080 1371 4114 τινων
1399 4055 1656 4132 Ἑβραῖοι,
1694 4056 1729 4129 ἡ
1767 4061 1898 4130 περὶ
1926 4064 2024 4129 Χρ.
2057 4078 2228 4128 προφ.
2262 4060 2359 4113 rel.
2392 4075 2500 4113 om.

210 4142 361 4200 Eud.
479 4149 546 4197 14
583 4136 648 4213 ἧς
688 4140 751 4199 τὸ
789 4164 840 4198 κ.
871 4138 918 4196 ὀ.
949 4142 1130 4196 Αποιι.
1215 4141 1487 4194 ·152haec
1517 4156 1631 4207 seq.
1660 4140 1731 4193 ab
1762 4140 2039 4209 Hesychio
2079 4140 2265 4193 aliena
2301 4140 2431 4191 sunt

218 4226 278 4275 17
319 4220 401 4275 Cf.
439 4220 658 4291 Μῦὶὶθτ,
698 4222 898 4292 Script.
939 4221 1093 4275 Alex.
1133 4226 1322 4289 p4152
1473 4225 1537 4273 18
1576 4221 1733 4273 δεσπ.
1776 4220 1925 4274 Θεοῦ
1962 4221 2147 4274 Amm.

354 4300 675 4357 DOOXXVI
712 4302 860 4358 Eud.
892 4321 946 4372 p.
979 4308 1084 4356 640
1191 4308 1258 4356 29
1297 4296 1597 4374 Σιβύρτιος
1632 4305 1782 4353 ΔΒΕ
1822 4296 2087 4367 Σιβύρτις
2121 4304 2166 4351 V
2204 4294 2505 4369 Σιβύντιος

216 4380 338 4437 edd.
377 4384 511 4436 vett.
552 4382 702 4438 Eud.
821 4389 889 4437 30
928 4378 1173 4447 οἰκέτηςε
1213 4380 1282 4435 cf.
1313 4381 1715 4450 Wachsmussh,
1756 4381 1944 4450 Symb.
1983 4398 2037 4448 p.
2073 4385 2171 4433 142
2300 4385 2365 4432 31
2408 4398 2503 4449 με·

1975 4471 2078 4522 13*
