3025 4892
479 104 490 113 ·
570 154 602 216 1
615 154 698 218 10
1495 149 1924 207 HESYCHIUS.

743 312 1038 381 CCCCX.
1135 310 1572 394 Ἱππῶναξ
1647 310 1901 380 Πύθεω
1960 312 2089 379 καὶ
2162 308 2411 399 μητρὸς
2488 313 2850 397 Πρωτίδος,

561 418 864 507 Ἐφέσιος
919 420 1398 508 ίαμβογράφος.
1491 417 1707 512 ᾤκησε
1764 418 1839 486 δὲ
1896 414 2323 505 Κλαζομενὰς
2376 414 2508 485 ὑπὸ
2565 420 2703 486 τῶν
2753 443 2851 483 τυ-

567 526 840 614 ράννων
895 526 1321 616 Ἀθηναγόρα
1375 528 1483 594 καὶ
1546 530 1759 613 Κωμᾶ
1816 528 2169 607 ἐξελαθείς.
2258 521 2503 613 γράφει
2564 524 2639 591 δὲ
2694 521 2848 610 πρὸς

566 633 928 702 Βούπαλον
991 635 1101 701 καὶ
1139 628 1454 720 ’Ἀθηνιν
1497 630 2106 720 ἀγαλματοποιούς,
2168 628 2277 699 ὅτε
2330 628 2543 699 αὐτοῦ
2602 630 2853 709 εἰκόνας

513 764 540 805 5
566 739 733 828 πρὸς
776 739 979 827 ὕβριν
1028 741 1439 830 εἰργάσαντο.
1536 731 1731 819 οὗτος
1775 742 2035 827 πρῶτος
2082 743 2326 825 ἔγραψε
2362 742 2716 829 παρῳδίαν
2749 738 2848 805 καὶ

567 853 952 936 χωλίαμβον
998 848 1110 916 καὶ
1157 845 1345 915 ἄλλα.

748 956 1070 1023 CCCCXI.
1140 953 1457 1043 [Ἰσαῖος
1503 946 1598 1033 εἷς
1643 953 1765 1039 μέν
1814 954 1949 1020 ἐστι
1996 962 2131 1020 τῶν
2171 953 2228 1019 ι’
2274 951 2606 1040 ῥητόρων,
2655 960 2852 1039 μαθη-

568 1060 684 1148 τὴς
741 1061 816 1129 δὲ
856 1058 1302 1149 Ἰσοκράτους,
1359 1059 1762 1139 διδάσκαλος
1813 1058 1887 1126 δὲ
1936 1060 2458 1157 Δημοσθένους,
2511 1058 2852 1145 Ἀθηναῖος

569 1166 646 1236 τὸ
695 1170 913 1255 γένος·
964 1167 1350 1255 Δημήτριος
1397 1166 1471 1234 δὲ
1520 1168 1853 1235 Χαλκιδέα
1898 1166 2108 1253 φησὶν
2154 1162 2364 1233 αὐτὸν
2404 1164 2596 1233 εἶναι.
2671 1157 2851 1243 οὗτος

494 1298 544 1337 10
575 1278 940 1344 ἐπαινεῖται
993 1275 1104 1342 καὶ
1163 1272 1249 1354 ὦς
1305 1272 1527 1362 ῥήτωρ
1586 1273 1697 1340 καὶ
1752 1269 1842 1353 ὡς
1890 1275 2348 1359 Δημοσθένην
2388 1267 2651 1359 ’ἀμισθὶ
2708 1296 2849 1359 προ-

577 1382 898 1470 αγαγών·]
2024 1450 2037 1465 .
2588 1372 2597 1379 ’

757 1490 1117 1557 CCCCXII.
1169 1488 1570 1575 Ἰσίδωρος
1606 1484 2050 1575 πρεσβύτερος
2090 1481 2125 1553 ὅ
2158 1484 2663 1572 Πηλουσιωτης,
2700 1481 2854 1569 ἀνὴρ

578 1595 1128 1683 ἐλλογιμώτατος,
1174 1592 1555 1682 φιλόσοφός
1602 1619 1669 1661 τε
1707 1592 1818 1659 καὶ
1856 1591 2097 1680 ῥήτωρ.
2163 1590 2514 1672 ἐπιστολὰς
2562 1594 2855 1680 ἑρμηνευ-

578 1702 783 1784 ούσας
826 1700 949 1787 τὴν
998 1706 1198 1769 θείαν
1245 1700 1516 1790 γραφὴν
1567 1726 1652 1790 ly.
1742 1700 2033 1786 γέγραφε
2079 1700 2190 1767 καὶ
2237 1698 2407 1767 ἄλλα
2453 1700 2623 1768 τινά.

498 1838 548 1880 15
758 1818 1151 1886 CCCCXIII.
1201 1816 1651 1904 Ἰσοκράτης
1683 1812 2043 1901 Θεοδώρου
2084 1812 2478 1901 αὐλοποιοῦ,
2520 1814 2853 1903 Ἀθηναῖος

581 1922 830 2012 ῥήτωρ,
885 1922 1248 2011 γενόμενος
1303 1922 1408 1991 ἐπὶ
1462 1926 1580 2007 τῆς
1638 1919 1751 1991 πς’
1802 1918 2240 2007 ὀλυμπιάδος,
2297 1918 2334 1987 ὅ
2395 1924 2535 1989 ἐστι
2590 1920 2750 1990 κατὰ
2790 1918 2853 1987 τὰ

579 2027 1199 2115 Πελοποννησιακά.
1289 2028 1400 2095 καὶ
1461 2026 1574 2095 διὰ
1628 2026 1751 2114 μὲν
1805 2030 1922 2112 τῆς
1976 2030 2208 2113 φωνῆς
2261 2025 2386 2113 τὴν
2437 2024 2715 2096 ἀτονίαν
2757 2027 2849 2093 καὶ

578 2135 652 2204 τὸ
699 2132 1244 2225 ἀπαρρησίαστον
1293 2139 1480 2215 δίκας
1534 2132 1656 2202 οὐκ
1694 2132 1900 2221 εἶπεν,
1948 2136 2207 2216 ἐδίδαξε
2247 2134 2321 2203 δὲ
2358 2140 2725 2220 πλείστους,
2758 2132 2849 2199 καὶ

582 2367 700 2423 dixi
727 2368 944 2426 Unters.
973 2389 1029 2440 p.
1060 2376 1127 2425 47
1157 2369 1272 2424 not.
1298 2374 1359 2437 23
1397 2366 1548 2422 idem
1581 2361 1863 2436 Ἀργολικὰ
1906 2365 2223 2421 fabularum
2264 2366 2558 2421 historiam
2594 2382 2762 2436 usque
2794 2363 2851 2418 ad

579 2448 908 2515 Phidonem,
947 2444 1218 2504 Σικελικά
1249 2450 1304 2515 (a
1332 2447 1531 2517 quibus
1554 2445 1829 2502 Chronica
1856 2462 1966 2499 non
1996 2444 2215 2500 diversa
2242 2446 2488 2516 fuerunt)
2526 2447 2655 2501 inde
2685 2463 2717 2501 a
2742 2444 2849 2499 Phi-

582 2528 726 2583 done
763 2527 1061 2587 historiam
1092 2528 1429 2584 continuisse
1460 2526 1737 2596 opinatur,
1773 2521 2224 2594 Ἀρχαιολογικῶν
2253 2526 2405 2582 Eud.
2437 2543 2547 2595 quo
2578 2528 2644 2581 de
2672 2540 2850 2597 genere

584 2607 880 2663 titulorum
921 2607 989 2663 cf.
1019 2628 1068 2663 v.
1104 2604 1437 2689 Εὖστόχιοῦ
1471 2601 1690 2674 Ἰάσων,
1719 2601 2025 2674 Μαρσύας,
2054 2606 2377 2675 Σιμωνίδης
2409 2600 2637 2677 Ἄμοργ.,
2678 2610 2847 2675 Φερεκ.

580 2685 724 2757 ’Am
763 2688 1043 2743 Eudociae
1073 2689 1370 2743 lectionem
1404 2686 1651 2757 praefert
1676 2686 1829 2754 Bast,
1870 2683 2078 2739 Comm.
2109 2684 2227 2739 Pal.
2257 2703 2309 2754 p.
2345 2690 2465 2754 ⁷54,
2504 2680 2852 2755 ἄργολογικῶν

586 2771 729 2837 ταῖς.
779 2766 1158 2837 άρχολογικῶν
1206 2766 1571 2821 Hem-stemus,
1646 2766 1783 2820 Post
1829 2764 1976 2819 hanc
2027 2782 2218 2820 vocem
2270 2765 2403 2819 libri
2455 2766 2663 2821 habent
2713 2760 2851 2827 οὗτος

585 2850 805 2916 πρῶτος
845 2846 1058 2918 ἔγραψε
1089 2842 1386 2919 παρῳδίαν
1423 2845 1521 2900 καὶ
1551 2846 1869 2919 χωλίαμβον
1907 2844 2004 2899 καὶ
2040 2839 2197 2921 ἄλλα,
2236 2860 2378 2913 quae
2418 2861 2486 2898 ex
2514 2844 2851 2917 Hipponactis

585 2928 705 2984 vita
741 2927 881 2981 miro
921 2945 1106 2982 errore
1143 2925 1488 2997 transposita

729 3006 959 3064 CCCCX
995 3008 1148 3063 Eud.
1186 3026 1240 3077 p.
1270 3012 1400 3075 404,
1438 3023 1582 3075 quae
1621 3022 1728 3061 om.
1768 3002 1984 3060 Πύθεω
2024 3035 2091 3045 —-
2120 3006 2439 3075 Πρωτίδος,
2478 3001 2662 3077 ᾤκησε
2695 3040 2753 3049 —-
2780 3002 2847 3071 ἐξ·

587 3090 816 3149 ελαθείς
904 3096 928 3141 1
969 3084 1172 3142 Πύθεο
1202 3092 1247 3139 Δ
1329 3094 1360 3141 3
1391 3088 1557 3156 Κομᾶ
1588 3091 1687 3139 BE
1726 3082 1923 3156 Κόμου
1952 3085 2288 3154 Bernhardy
2325 3084 2442 3139 sine
2482 3088 2684 3143 idonea
2712 3100 2852 3140 causa.

732 3176 986 3231 CCCCXI
1023 3176 1175 3231 Eud.
1215 3196 1270 3247 p.
1309 3182 1431 3233 401.
1507 3176 1588 3231 Cf.
1628 3175 1815 3241 Blass‚
1855 3176 1971 3229 Att.
2013 3174 2233 3231 Bereds.
2262 3174 2315 3227 II
2350 3193 2405 3243 p.
2437 3180 2540 3229 452
2565 3193 2675 3246 seq.
2736 3176 2851 3229 Tota

585 3257 700 3313 fere
739 3258 808 3311 de
845 3254 1290 3325 Harpocratione
1329 3278 1380 3312 v.
1413 3252 1502 3311 Ἰσ.
1543 3257 1780 3328 pendet3
1817 3256 2008 3325 itaque
2047 3254 2324 3324 Hesychio
2362 3254 2737 3314 abiudicanda

589 3344 618 3393 7
657 3337 768 3391 τῶν
806 3333 1042 3404 πρώτων
1078 3336 1250 3391 Daub
1360 3334 1621 3406 μαθητὴς
1658 3334 1761 3407 μὲν
1799 3336 1950 3391 Eud.
2076 3341 2107 3389 9
2147 3330 2467 3404 Δημήτριος
2496 3368 2561 3377 ——-
2595 3335 2740 3393 εἷναι
2764 3352 2848 3389 om.

585 3416 738 3470 Eud.
783 3413 866 3469 De
896 3413 1182 3470 Demetrio
1213 3417 1489 3485 Magnete,
1530 3416 1626 3484 qui
1654 3416 1783 3486 περὶ
1822 3411 2135 3485 ὁμωνύμων
2165 3414 2399 3484 scripsit,
2437 3416 2507 3471 cf.
2540 3416 2848 3478 Scheurleer‚

585 3496 823 3550 Demetr.
876 3514 930 3565 p.
973 3501 1058 3562 87,
1101 3514 1153 3550 v.
1202 3497 1523 3563 Nietzsche‚
1560 3496 1701 3553 MuS.
1740 3497 1917 3551 Rhen.
1956 3493 2138 3548 XXIV
2170 3512 2225 3563 p.
2264 3500 2369 3549 210
2398 3512 2512 3564 seq.
2563 3501 2623 3552 et
2664 3498 2849 3552 UnterS.

585 3594 640 3645 Ρ.
671 3581 738 3630 50
759 3593 870 3644 seq.
982 3567 1148 3636 οὗτος
1177 3606 1243 3614 -
1273 3574 1422 3642 exit,
1451 3592 1593 3644 quae
1622 3577 1693 3630 ab
1721 3576 2049 3646 Harpocrat.
2080 3574 2305 3642 desunt,
2344 3574 2571 3631 aliunde
2600 3574 2847 3631 fluxerunt

590 3662 655 3710 10
701 3656 807 3710 Hic
846 3656 973 3709 add.
1014 3654 1166 3709 Suid.
1205 3656 1476 3710 nonnulla
1513 3672 1581 3709 ex
1616 3656 1939 3711 Philostrat.
1978 3655 2092 3709 Vit.
2131 3654 2180 3722 I,
2228 3661 2295 3710 20
2334 3674 2387 3726 p.
2418 3663 2523 3713 218
2562 3660 2723 3728 KayS.
2786 3651 2847 3707 Of·

586 3737 727 3793 MuS.
759 3737 943 3799 Rhen.
984 3734 1191 3789 XXXV
1228 3753 1282 3804 Ρ.
1321 3741 1427 3789 214

732 3814 1016 3871 CCCCXII
1054 3833 1162 3872 om.
1195 3815 1472 3870 Westerm.
1639 3825 1705 3872 12
1744 3813 2057 3888 πρεσβύτης
2091 3818 2235 3886 vuly.
2275 3814 2651 3889 πρεσβύτερος
2686 3824 2727 3872 Δ

592 3904 656 3952 13
704 3899 972 3968 epistolas
1020 3899 1134 3951 tres
1186 3896 1488 3965 significari
1540 3898 1765 3967 putavit
1812 3897 2041 3964 Portu-3,
2092 3895 2205 3950 tria
2252 3895 2409 3951 milia
2456 3898 2692 3967 exprimi
2735 3892 2851 3950 vidit

587 3979 860 4033 Kasterus
1007 3982 1074 4032 14
1110 3978 1438 4046 plerumque
1477 3980 1610 4048 post
1646 3976 1895 4049 γέγραφε
1935 3976 2378 4045 interpungitur,
2416 3979 2514 4033 sed
2552 3977 2701 4050 γέγρ.
2730 3993 2845 4043 susp.

733 4057 1041 4113 CCCCXIII
1078 4058 1228 4115 Eud.
1267 4076 1319 4127 p.
1349 4063 1470 4113 402.
1530 4058 1611 4114 Cf.
1639 4059 1825 4128 ΒΙαΒε,
1862 4057 1898 4111 l.
1932 4073 1977 4111 c,
2007 4074 2061 4125 p.
2095 4061 2122 4108 1
2147 4072 2259 4123 seq.
2388 4062 2453 4110 16
2491 4055 2782 4127 γενόμενος
2810 4071 2847 4105 κ.

583 4144 642 4196 τ’,
676 4139 884 4194 Πελοπ.
926 4138 1078 4193 Eud.
1117 4154 1354 4208 pergens
1394 4134 1609 4208 ἔγραψε
1655 4133 1857 4208 λόγους
1892 4133 1981 4207 λβ’
2023 4130 2231 4206 βιώσας
2270 4132 2363 4205 ἔτη
2403 4138 2530 4204 τρία
2575 4134 2715 4208 πρὸς
2750 4131 2847 4190 ἕκα-

590 4215 690 4272 τὸν
735 4220 834 4273 rel.
881 4218 1102 4273 omissis
1282 4215 1427 4272 κατὰ
1469 4218 1668 4274 Goraes
1703 4220 1763 4273 in
1799 4217 2026 4272 Isocrat.
2063 4215 2116 4269 11
2150 4234 2206 4285 Ρ.
2236 4222 2301 4270 57
2342 4212 2481 4286 μετὰ
2521 4222 2566 4269 Δ
2604 4219 2764 4287 vala:
2796 4208 2847 4264 cf·

591 4297 817 4367 Rohde,
853 4296 994 4353 Mus.
1021 4298 1200 4352 Rhen.
1229 4298 1464 4354 XXXIII
1490 4318 1545 4371 p.
1587 4306 1687 4355 191
1726 4302 1840 4356 not.
1990 4302 2053 4352 17
2094 4291 2342 4353 ἀπονίαν
2376 4302 2432 4351 1
