3025 4892
1144 248 1551 343 cuffiam»
1582 273 1593 278 ’

803 1096 1901 1174 PROLEGOMENA.

1031 1401 1272 1495 Caput
1325 1399 1675 1495 primum.

659 1570 758 1626 De
801 1568 1127 1638 Hesyenii
1171 1567 1417 1626 Milesii
1461 1567 1603 1626 vita
1646 1569 1717 1624 et
1760 1567 2045 1638 seriptis.

380 1699 850 1784 Hesychium
896 1701 1285 1787 Milesium
1330 1699 1841 1787 Illustrium¹)
1900 1706 2052 1767 sunt
2089 1703 2201 1787 qui
2252 1702 2504 1768 Iustino
2542 1708 2582 1784 ξ
2633 1706 2664 1768 1

197 1811 516 1892 regnante
545 1805 957 1892 (518-527)
986 1808 1222 1874 vixisse
1251 1811 1488 1892 putent
1511 1806 1621 1895 (ef.
1641 1807 1877 1893 Bergk,
1904 1807 2031 1874 Lit.
2054 1807 2162 1875 Gr.
2183 1808 2214 1872 I
2242 1833 2302 1894 p.
2322 1807 2501 1894 292),

198 1917 356 1978 sunt
393 1915 590 1978 etiam
629 1915 741 1999 qui
785 1915 1148 1982 Iustiniano
1186 1913 1603 2000 (527-568)
1616 1911 1702 2000 ²),
1738 1915 2034 1999 inprimis
2074 1916 2335 1981 adducti
2371 1917 2499 2000 epi-

197 2021 544 2085 tomaizoris
583 2020 1050 2106 Onomatologi
1087 2021 1303 2086 verbis
1341 2021 1410 2086 in
1454 2020 1658 2104 ipsius
1695 2020 2005 2104 Hesychii
2042 2022 2179 2086 vita
2224 2022 2500 2086 extanti-

197 2127 322 2190 bus
385 2122 679 2209 γεγονώς
749 2125 854 2192 ἐπὶ
915 2122 1356 2192 Ἀναστασίου
1417 2124 1741 2209 βασιλέως
1813 2124 2271 2213 (491—518),
2336 2150 2499 2212 quae

199 2231 492 2296 derivata
539 2255 679 2298 esse
729 2257 804 2299 ex
850 2235 1165 2300 historiae
1209 2232 1521 2317 Hesychii
1566 2233 1861 2298 terminis
1919 2234 2245 2299 neminem
2302 2235 2497 2320 fugit3

199 2339 434 2405 Suidas
483 2341 655 2406 enim
693 2340 850 2406 dicit
895 2341 1075 2406 illam
1123 2341 1446 2424 pertinere
1487 2327 1610 2418 ἕως
1646 2341 1763 2423 τῆς
1806 2343 2145 2423 βασιλείας
2192 2337 2499 2406 Ἀναστα-

197 2448 355 2510 σίου
399 2447 522 2511 τοῦ
568 2444 1150 2532 ε’πονομαζομένου
1198 2443 1535 2530 Δικόρου,
1581 2446 1770 2512 Phor.
1820 2447 1957 2512 cod.
1995 2447 2079 2512 69
2127 2443 2377 2514 κάτεισι
2426 2445 2502 2514 δὲ

195 2551 391 2638 μέχρι
437 2553 555 2636 τῆς
600 2555 906 2637 τελευτῆς
944 2548 1416 2636 Ἀναστασίου,
1474 2546 1551 2630 ὃς
1586 2548 1931 2637 Ῥωμαίων
1977 2552 2255 2637 γέγονεν
2302 2548 2497 2620 αύτο-

194 2655 462 2742 κροὶτωρ
525 2663 591 2724 et
649 2661 736 2726 ib.
796 2659 983 2745 μέχρι
1043 2661 1161 2743 τῆς
1215 2655 1656 2725 Ἀναστασίου
1718 2659 2026 2743 τελευτῆς
2091 2659 2199 2744 (ef.
2254 2661 2499 2744 Rohde,

195 2766 365 2832 Mus..
413 2765 620 2832 Rhen.
664 2765 944 2832 XXXIV
991 2791 1051 2851 p.
1094 2765 1270 2854 184).
1363 2765 1651 2842 Quorum
1698 2767 1917 2851 opinio
1966 2767 2067 2832 vel
2116 2768 2318 2832 altero
2366 2767 2496 2832 He-

196 2873 414 2956 sychii
459 2873 630 2938 libro
679 2873 1049 2940 confirmari
1084 2872 1354 2957 videssun
1401 2861 1477 2959 ᾗ,
1526 2877 1601 2939 ut
1646 2874 1741 2938 ait
1786 2873 2089 2958 Photius,
2134 2877 2501 2960 περιείχετο

191 2977 276 3043 τά
333 3003 403 3044 τε
462 2973 802 3067 Ἰουστίνςο
861 2979 1276 3066 πραχθέντα,
1344 2974 1525 3056 ὅπως
1582 3003 1651 3046 τε
1709 2975 2147 3047 Ἀναστασίου
2202 2981 2499 3065 τελευτῆ-

193 3104 443 3162 σαντος
505 3080 708 3162 αὐτὸς
771 3081 1142 3170 α’νερρῆθη.
1253 3081 1392 3152 εἶτα
1456 3085 1569 3151 καὶ
1631 3088 1753 3152 τοῦ
1826 3083 2313 3152 Ἰουστινιανοῦ
2378 3090 2500 3153 τοῦ

190 3189 358 3276 μετὰ
400 3186 772 3266 Ἰουσπῖνον
821 3195 1002 3257 ἔστιν
1040 3187 1417 3278 ἀνάρρησιν
1454 3194 1754 3258 κατιδεῖν
1790 3192 1901 3259 καὶ
1936 3189 2055 3271 τὰς
2094 3190 2299 3271 ἄλλας
2335 3191 2500 3279 προξ-

195 3300 333 3376 ξεις
377 3299 602 3383 μέχρις
639 3298 806 3364 ἑτῶν
842 3323 1049 3364 τινων
1089 3297 1327 3386 (τριῶν
1365 3299 1502 3364 sine
1532 3300 1765 3365 idonea
1800 3322 1991 3366 causa
2018 3301 2185 3367 coni.
2214 3301 2517 3386 Bekker)

191 3407 317 3488 τῆς
361 3404 571 3471 αὐτοῦ
617 3409 988 3489 βασιλείας,
1036 3428 1425 3489 quamquam
1473 3429 1551 3470 ex
1599 3407 1811 3472 verbis
1857 3407 2350 3492 insequentibus
2388 3407 2497 3474 καὶ

192 3507 284 3578 τὸ
345 3509 630 3577 λοιπὸν
689 3509 727 3578 ὁ
788 3507 1211 3599 συγγραφεὺς
1279 3510 1635 3597 ἐπεσχέθη,
1698 3510 2007 3580 θανάτου
2071 3515 2195 3579 τοῦ
2260 3511 2506 3592 παιδὸς

187 3613 522 3684 Ἰωάννου
577 3614 700 3702 τῆν
754 3614 978 3702 ψυχὴν
1032 3620 1304 3701 καιρίαν
1356 3617 1637 3703 βληθεὶς
1688 3617 1799 3684 καὶ
1844 3607 1977 3704 τῆς
2004 3615 2173 3703 πρὸς
2218 3616 2293 3685 τὸ
2341 3617 2498 3703 γρά-

127 3727 142 3740 ‘
193 3748 360 3809 φειν
407 3718 620 3809 ὁρμῆς
665 3724 964 3802 ἐκκοπείς
1007 3725 1407 3809 Hesychium
1453 3730 1732 3791 mortem
1780 3727 1898 3790 filii
1944 3748 2137 3812 aegre
2184 3727 2496 3790 ferentem

195 3853 365 3914 opus
413 3831 783 3897 incohatum
833 3853 965 3896 non
1008 3831 1360 3916 perfecisse
1397 3833 1436 3898 i.
1475 3855 1528 3897 e.
1563 3833 1910 3898 Iustiniani
1947 3833 2357 3918 imperatoris
2395 3855 2497 3897 res

347 4046 401 4114 1)
447 4043 758 4112 Hesychius
805 4043 1082 4098 Illusfirius
1129 4043 1287 4098 audit
1333 4044 1483 4113 apud
1525 4045 1685 4101 Phot.
1728 4047 1847 4102 cod.
1888 4052 1955 4102 69
1994 4047 2053 4100 et
2090 4052 2158 4100 70
2195 4045 2297 4109 al„
2348 4045 2499 4114 quod

193 4122 500 4194 epithefion
535 4122 598 4178 in
632 4123 752 4178 vita
789 4122 908 4178 eius
945 4122 1198 4179 Suidana
1232 4123 1597 4179 desideratur.
1673 4125 1753 4180 Cf.
1793 4143 1936 4194 quae
1977 4124 2093 4179 dixi
2139 4124 2212 4178 ad
2257 4142 2309 4180 v.
2348 4127 2496 4193 Προ-
2606 4194 2613 4200 .

190 4202 406 4264 κόπιος
453 4206 510 4258 et
544 4199 948 4271 Χριστόδωρος.
2726 4199 2731 4204 ’

346 4285 400 4352 2)
449 4282 530 4338 cf.
569 4283 810 4352 Hesyeh.
849 4283 934 4338 ed.
974 4283 1248 4340 Meursius
1285 4301 1340 4352 p.
1382 4290 1510 4351 1123
1549 4285 1637 4339 ed.
1677 4283 1852 4338 Orelli
1887 4302 1941 4353 p.
1980 4291 2111 4351 2⁷1³
2162 4284 2389 4352 Mfiller,
2425 4285 2491 4341 fr.

187 4364 332 4420 hist.
361 4363 439 4416 IV
474 4381 531 4430 p.
573 4367 676 4416 143
707 4361 782 4415 al.
