3025 4892
520 190 650 255 104
1444 189 1873 245 HESYOHIUS.

701 350 1213 418 CCCLXXXVI.
1275 345 1751 436 Ἱερώνυμος
1797 353 2209 439 Καρδιανός,
2256 347 2329 429 ὃς
2374 348 2455 417 τὰ
2501 346 2600 417 ἐπ’
2636 346 2799 417 Ἀλε-

519 456 782 547 ξάνδρῳ
830 458 1212 544 πραχθέντα
1261 458 1657 543 συνέγραψε.
1752 462 2046 541 [Καρδία
2094 456 2168 525 δὲ
2215 456 2431 544 ὄνομα
2477 456 2767 545 πόλεως]

702 583 1252 650 CCCLXXXVII.
1297 580 1632 668 Ἱμέριος
1669 580 2004 669 Ἀμεινίου
2034 582 2334 669 ῥήτορος,
2378 580 2801 668 Προυσιάδος

521 692 638 774 τῆς
694 686 1058 773 Βιθυνίας,
1125 686 1448 774 σοφιστὴς
1508 692 1645 756 τῶν
1705 689 1810 757 ἐπὶ
1861 686 2236 756 Ἰουλιανοῦ
2291 691 2412 755 τοῦ
2467 688 2801 773 βασιλέως,

469 822 494 861 5
523 792 1040 873 ἄντιπαιδεύσας
1094 798 1521 884 Προαιρεσίςο
1580 797 1656 862 ἐν
1696 791 2039 883 Ἀθήναις,
2092 792 2301 880 πηρὸς
2344 790 2461 872 τὰς
2507 791 2692 878 ὄψεις
2736 794 2801 859 ἐν

521 900 713 989 γήρα.
804 906 1048 988 ἔγραψε
1095 900 1380 986 μελέτας.

703 1026 1287 1094 OOCLXXXVIII.
1321 1020 1528 1109 Ἰόβα
1542 1051 1573 1103 ς
1594 1023 1851 1110 Λιβύης
1877 1024 1987 1091 καὶ
2010 1029 2452 1108 Μαυρουσίοις
2480 1021 2802 1109 βασιλεύς,
2880 1111 2890 1123 ,

525 1128 605 1200 ὃν
653 1130 975 1217 λαβόντες
1019 1130 1129 1197 καὶ
1176 1129 1713 1215 μαστιγώσαντες
1760 1128 2185 1218 ἐπόμπευσαν
2232 1132 2300 1196 οἱ
2331 1126 2674 1217 Ῥωμαῖοι,
2728 1125 2803 1195 οὐ

525 1236 658 1325 μὴν
707 1236 977 1305 ἀνεῖλον
1025 1234 1136 1304 διὰ
1183 1233 1306 1322 τὴν
1344 1239 1719 1305 παίδευσιν.
1793 1228 1881 1323 ἦν
1930 1236 2004 1304 δὲ
2050 1237 2153 1304 ἐπὶ
2202 1234 2603 1321 Αὐγούστου
2649 1240 2803 1302 Καί-

447 1373 498 1411 ιο
528 1365 762 1431 σαρος,
812 1344 923 1411 καὶ
981 1340 1106 1429 τὴν
1153 1340 1587 1428 Κλεοπάτρας
1640 1344 1980 1430 θυγατέρα
2028 1341 2370 1427 Σελήνην,
2426 1339 2514 1429 ἣν
2568 1344 2637 1409 ἐκ
2694 1344 2803 1408 τοῦ

524 1454 867 1534 Καίσαρος
904 1454 1118 1515 Γαΐου
1155 1450 1528 1533 γενομένην
1568 1450 1938 1535 ἐπεποίητο,
1986 1463 2271 1535 γυναῖκα
2309 1448 2586 1535 εἰλήφει.
2660 1467 2805 1514 συν-

525 1556 764 1643 ήκμαζε
814 1554 885 1623 δὲ
933 1553 1107 1647 αὐτῷ
1152 1559 1456 1641 Δίδυμος
1502 1553 1538 1623 ὁ
1579 1558 2029 1644 Χαλκέντερος
2075 1554 2111 1624 ὁ
2158 1557 2267 1624 καὶ
2305 1555 2519 1624 πολλὰ
2557 1554 2807 1642 γράψας

527 1660 670 1732 κατ’
724 1661 951 1731 αὐτοῦ.
1045 1668 1291 1748 ἔγραψε
1337 1661 1519 1729 πάνυ
1564 1662 1796 1731 πολλοί.

707 1788 1219 1855 OOCLXXXIX.
1296 1784 1808 1867 Ἰουλιανὸς
1852 1792 2187 1867 Χαλδαῖος
2231 1778 2634 1875 φιλόσοφος,
2700 1812 2809 1853 πα-

447 1921 498 1961 15
524 1892 647 1981 τηρ
702 1897 826 1961 τοῦ
879 1894 1248 1978 κληθέντος
1301 1897 1645 1978 θεουργοῦ
1688 1891 2080 1962 Ἰουλιανοῦ.
2173 1899 2419 1982 ἔγραψε
2476 1894 2623 1981 περὶ
2679 1898 2807 1961 δαι-

527 1999 760 2086 μόνων
815 2003 1041 2084 βιβλία
1099 1998 1185 2085 clf.
1218 2052 1231 2065 .
1263 2051 1276 2065 .
1309 2051 1322 2065 .
1414 1996 1802 2084 ἀνθρώπων
1852 2002 1930 2068 δέ
1972 2003 2108 2068 ἐστι
2156 2000 2615 2087 φυλακτήριον
2656 1996 2810 2085 πρὸς

532 2109 810 2174 ἕκαστον
856 2105 1133 2193 μόριον,
1182 2102 1379 2173 ὁποῖα
1425 2105 1504 2173 τὰ
1554 2106 2052 2194 τελεσιουργικὰ
2102 2106 2463 2175 Χαλδαϊκά.

709 2231 1005 2299 OCOXO.
1079 2227 1518 2311 Ἰουλιανὸς
1580 2226 1615 2298 ὁ
1674 2233 1795 2298 τοῦ
1848 2232 2335 2319 προλεχθέντος
2393 2230 2573 2317 υἱός,
2635 2254 2808 2317 γεγο-

528 2335 662 2418 νὼς
735 2338 838 2405 ἐπὶ
906 2336 1199 2425 Μάρκου
1259 2335 1668 2406 Ἀντωνίνου
1740 2340 1862 2404 τοῦ
1940 2340 2281 2423 βασιλέως.
2402 2344 2647 2426 ἔγραψε
2710 2336 2809 2403 καὶ

674 2567 1088 2624 CCCLXXXVI
1152 2568 1235 2623 cf.
1274 2567 1477 2622 Mfiller
1520 2568 1574 2622 II
1609 2585 1663 2637 p.
1704 2573 1809 2623 450
1839 2585 1978 2638 seq„
2028 2568 2231 2637 Hiller‚
2275 2569 2501 2624 Hieron.
2539 2569 2717 2623 Rhod.
2752 2566 2810 2621 fr.

532 2650 735 2719 (Berol.
762 2652 922 2718 1879)
956 2666 1010 2717 p.
1033 2654 1101 2702 35
1130 2648 1222 2703 vel
1251 2647 1366 2702 Sat.
1386 2647 1523 2717 phil.
1545 2667 1599 2718 p.
1624 2654 1722 2702 117
1757 2648 2061 2703 Suidanam
2091 2666 2233 2716 esse,
2271 2666 2382 2703 non
2408 2647 2811 2717 Hesychianam

533 2730 711 2784 vitam
754 2730 984 2797 propter
1021 2727 1138 2781 stili
1177 2726 1563 2783 diversitatem
1604 2729 1769 2797 putat
1805 2728 1974 2783 Daub
2158 2736 2185 2783 1
2237 2723 2328 2782 ἐπ’
2365 2724 2723 2796 Ἀλεξάνδρου
2757 2732 2811 2791 V,

531 2810 682 2878 quod
722 2808 970 2877 praefert
1008 2808 1276 2873 Gaisford
1321 2802 1414 2862 ἐπ’
1451 2802 1786 2879 Ἀλεξάνδρῳ
1844 2810 1994 2876 (post
2040 2808 2439 2877 Alexandrum)
2485 2809 2813 2877 Leopardus‚

531 2888 826 2942 Emendat.
875 2887 973 2956 XI,
1014 2893 1045 2941 9
1106 2881 1198 2941 ἐπ’
1254 2882 1635 2962 Ἀλεξανδρείᾳ
1685 2886 1817 2940 libri
1863 2881 1966 2941 ὑπ’
2018 2882 2379 2954 Ἀλεξάνδρου
2426 2886 2726 2941 Fabricius
2768 2884 2813 2938 lI

530 2986 585 3037 p.
618 2973 738 3037 219,
775 2962 880 3021 ἀπ’
916 2963 1010 3021 ’AL
1043 2967 1364 3022 Gutschmid
1498 2974 1530 3021 2
1571 2970 1794 3035 Καρδία
1826 3000 1891 3009 -
1922 2969 2051 3024 exit.
2086 2986 2212 3023 cum
2252 2969 2324 3021 ad
2361 2968 2611 3038 glossam
2638 2984 2813 3038 gram-

531 3048 794 3102 maticam
835 3048 1077 3116 spectet,
1117 3046 1236 3103 iure
1275 3048 1543 3117 expunxit
1582 3048 1857 3103 Weste‘rm.

675 3126 1112 3183 CCCLXXXVH
1151 3125 1232 3181 cf.
1272 3128 1485 3197 Eunap.
1522 3126 1550 3179 I
1584 3147 1639 3198 p.
1679 3134 1748 3182 95
1894 3135 1928 3183 4
1960 3129 2060 3183 τοῦ
2100 3128 2225 3183 add.
2266 3134 2366 3181 Av
2409 3145 2516 3183 om.
2556 3129 2700 3198 ναῖς.

535 3214 567 3262 6
606 3208 675 3263 de
713 3205 940 3277 μελέται
977 3225 1030 3261 v.
1069 3208 1233 3262 Phot.
1272 3208 1408 3265 bibl.
1444 3226 1500 3277 p.
1546 3213 1645 3262 107
1687 3211 1745 3262 et
1780 3227 1833 3278 p.
1872 3214 1976 3264 353
2000 3226 2113 3278 seq.

677 3286 1146 3343 CCCLXXXVIII
1192 3289 1425 3343 Tractat
1460 3288 1665 3343 Mfiller
1704 3288 1778 3342 III
1814 3306 1868 3357 p.
1908 3294 2011 3343 465
2049 3290 2165 3344 not.
2204 3294 2235 3342 2
2399 3293 2431 3342 8
2478 3288 2579 3343 Nil
2616 3288 2685 3342 de
2720 3288 2815 3341 hac

532 3366 918 3423 verberatione
939 3366 1176 3422 Dionem
1207 3368 1298 3424 vel
1330 3367 1504 3423 alium
1522 3384 1773 3422 narrasse
1804 3368 2019 3423 monuit
2037 3368 2340 3424 ReinesiuS.
2373 3366 2451 3425 cf.
2472 3364 2814 3434 Bernhardy:

534 3447 710 3518 „mihi
745 3448 994 3517 videtur,
1042 3448 1192 3517 quod
1238 3448 1307 3502 de
1355 3447 1607 3504 vindicta
1641 3447 1921 3503 libertatis
1958 3448 2229 3503 traditum
2276 3448 2610 3515 invenisset,
2658 3446 2813 3518 paulo

534 3530 796 3599 pinguius
832 3529 930 3583 ille
969 3529 1300 3598 accepisse“.
1375 3528 1613 3583 Miillero
1652 3529 2087 3584 delamationem
2132 3529 2371 3584 rhetoris
2410 3528 2700 3583 cuiusdam
2744 3543 2814 3581 re-

535 3609 724 3663 dolere
751 3608 1027 3678 videntur,
1057 3613 1344 3664 auctorem
1372 3607 1695 3663 coniectura
1719 3609 1779 3664 id
1805 3609 2070 3677 effecisse,
2101 3626 2227 3663 cum
2247 3625 2399 3663 more
2427 3608 2704 3662 maiorum
2732 3603 2814 3673 qui

533 3707 634 3758 per
669 3688 1016 3758 triumphum
1055 3688 1210 3743 ducti
1245 3688 1496 3755 fuerant,
1546 3687 1828 3743 verberati
1870 3690 2227 3757 necarentur,
2275 3690 2440 3757 putat
2480 3685 2812 3749 Gutsck‘mid3

534 3767 686 3822 idem
724 3786 934 3823 errasse
972 3768 1310 3837 Hesychium
1349 3784 1474 3821 cum
1512 3768 1709 3822 Iubam
1746 3764 2005 3839 Λιβύης
2051 3767 2149 3821 καὶ
2185 3771 2377 3838 Μαυρ.
2414 3784 2606 3835 regem
2648 3766 2815 3829 vocet,

536 3848 750 3903 monuit
885 3855 950 3902 10
991 3847 1226 3903 Selenen
1264 3864 1376 3901 non
1408 3848 1660 3903 Caesaris
1696 3846 1870 3901 filiam
1908 3847 2080 3901 fuisse
2120 3847 2216 3901 sed
2253 3846 2328 3901 M.
2368 3844 2605 3900 Antonii
2641 3844 2817 3900 monet

534 3926 742 3981 Μιῖῖῖεν
873 3934 936 3981 12
976 3929 1368 3997 χαλκεαίτερος
1404 3934 1448 3981 V
1596 3924 1876 3983 13.πολλά
1914 3923 2068 3983 πάνυ
2105 3932 2153 3981 Δ
2188 3924 2340 3981 πάνυ
2377 3922 2554 3981 πολλοὶ
2595 3927 2693 3982 rel.

677 4014 1090 4071 CCCLXXXIX
1141 4022 1206 4071 14
1243 4011 1272 4070 ὁ
1314 4018 1444 4073 ante
1471 4020 1757 4081 Χαλδαῖος
1785 4035 1892 4073 om.
1930 4017 2086 4088 libri,
2123 4018 2272 4086 quod
2304 4018 2680 4073 revocandum
2710 4033 2815 4074 esse

534 4098 760 4167 putavit
779 4096 1115 4167 Bernhardy
1227 4103 1291 4151 16
1329 4099 1459 4152 ante
1487 4092 1812 4168 ἀνθρώπων
1841 4098 2098 4155 lacunam
2129 4098 2376 4154 indicavi
2411 4101 2633 4153 secutus
2652 4100 2816 4154 Bern-

535 4180 807 4247 hardyum
845 4171 1171 4244 ἀνθρώπων
1209 4209 1276 4217 --
1315 4177 1446 4232 exit.
1487 4178 1755 4247 expunxit
1792 4179 2065 4234 Westerm.
2218 4176 2335 4232 ἔστι
2371 4192 2477 4232 om.
2519 4182 2567 4231 Δ

680 4256 908 4312 CCCXC
951 4258 1154 4312 Totam
1193 4257 1370 4313 vitam
1406 4275 1512 4313 om.
1548 4256 1820 4314 Westerm.
1934 4265 1998 4313 19
2039 4258 2109 4313 de
2138 4258 2374 4328 Scriptis
2406 4258 2574 4313 huius
2612 4256 2818 4329 generis

536 4354 588 4391 v.
630 4334 879 4406 Lobeck,
915 4336 1195 4406 Aglaoph.
1233 4356 1287 4407 p.
1333 4343 1434 4392 730

2957 1532 2967 1949 .ss*—-*-„—,-⁴..
2949 1415 2965 1500 -μδ
