3025 4892
1008 210 1574 266 PROLEGOMENA.
2284 209 2439 264 XVII

149 374 433 439 stianum
493 374 804 456 colorem,
867 395 1056 457 quem
1121 372 1517 457 Hesychium
1583 372 1887 438 dedecere
1952 370 2251 455 opinatus
2322 377 2442 452 est,

147 479 408 546 fortiter
473 480 755 545 affirmat
819 476 1140 544 Mettauer
1196 479 1240 544 l.
1297 500 1348 543 c.
1451 479 1544 543 At
1616 479 1909 562 quamvis
1983 483 2439 563 argumentum

147 586 413 651 Maassii
450 587 578 651 vile
616 609 757 652 esse
795 591 1088 672 apertum
1133 586 1249 669 sit,
1287 587 1593 671 quoniam
1636 590 1895 651 auctore
1930 584 2441 652 Wilamowitzio

147 695 222 758 de
269 693 604 778 Hesychio
659 715 916 780 pagano
965 695 1531 777 somniat„tamen
1576 714 1801 758 verum
1847 715 1991 758 eum
2032 693 2266 758 vidisse
2304 693 2437 778 opi-

146 823 292 884 nor,
341 823 734 886 quamquam
781 802 1038 867 initium
1089 801 1343 866 articuli
1395 802 1435 865 i.
1467 823 1521 866 e.
1548 801 1747 865 verba
1783 803 1936 884 Σιβ.
1976 837 2055 846 -
2100 795 2438 884 Σαμβήθη

147 931 222 972 ex
283 907 614 993 Hesychio
671 908 928 972 fluxisse
985 908 1319 991 reprobari
1373 908 1601 991 nequit
1647 903 1754 990 (cf.
1812 930 1974 991 quae
2030 905 2164 972 dixi
2212 906 2439 996 Qunal.

146 1014 304 1097 phil.
357 1015 528 1080 1880
565 1037 628 1098 p.
663 1014 787 1079 107
834 1010 1019 1098 not.).
1093 1013 1442 1098 Nunquam
1491 1013 1662 1078 enim
1708 1035 1853 1078 cum
1902 1013 1982 1078 ad
2020 1014 2287 1078 verbum
2324 1036 2441 1078 sua

145 1121 553 1204 Hesychium
613 1120 1027 1205 descripsisse
1075 1125 1476 1204 compertum
1524 1120 1912 1203 habeamus,
1964 1121 2031 1184 in
2076 1120 2198 1185 hac
2254 1118 2443 1186 Chal-

145 1227 342 1291 daeae
380 1227 520 1291 vita
559 1226 626 1291 id
663 1227 952 1292 facturus
992 1226 1245 1309 fuisset,
1281 1225 1336 1290 si
1377 1223 1663 1291 Suidana
1696 1227 1833 1291 vita
1871 1249 2019 1292 vere
2056 1226 2139 1291 ab
2178 1248 2256 1292 eo
2292 1249 2439 1312 pro-

143 1334 314 1400 fecta
367 1355 508 1398 esse
565 1333 852 1418 putanda
914 1336 1031 1398 est.
1131 1333 1360 1417 Itaque
1419 1331 1684 1398 Suidam
1733 1334 1857 1400 hoc
1912 1336 2055 1399 loco
2112 1318 2443 1418 Hesychii,

147 1441 254 1524 qui
316 1441 645 1522 exstabat,
705 1440 781 1504 de
830 1438 1158 1506 Chaldaea
1215 1441 1557 1506 articulum
1618 1442 1963 1506 arctiorem
2024 1445 2441 1525 aspernatum

146 1546 404 1611 aliunde
435 1547 725 1612 auctiora
764 1545 1246 1631 deprompsisse
1284 1567 1536 1631 censeo,
1572 1547 1637 1612 id
1678 1547 1847 1631 quod
1877 1548 2263 1632 saepissime
2292 1571 2440 1613 cum

143 1653 383 1718 fecisse
435 1656 707 1718 constat.
1379 1659 1388 1666 '

322 1760 542 1844 Atque
603 1763 888 1824 extremo
948 1761 1152 1825 libelli
1200 1761 1410 1844 capite
1458 1762 1548 1846 (p.
1583 1760 1773 1847 113),
1818 1784 1945 1846 quo
1992 1760 2316 1828 Mettauer
2363 1762 2441 1826 de

144 1870 465 1951 tempore,
522 1889 648 1950 quo
708 1867 958 1932 scholia
1011 1866 1350 1933 Platonica
1417 1868 1551 1932 sint
1615 1869 2001 1953 composita,
2066 1868 2443 1953 disputavit,

145 1972 460 2056 Hesychii
509 1974 608 2037 sui
654 1971 895 2037 Milesii
940 1996 1206 2057 prorsus
1253 1975 1496 2066 oblitus
1544 1997 1689 2040 esse
1733 1975 2010 2059 videtur,
2055 1997 2200 2040 cum
2246 1976 2442 2059 paulo

146 2084 301 2162 post
351 2104 406 2145 a.
455 2080 587 2144 529
634 2080 749 2144 illa
795 2081 1246 2166 conglutinata
1293 2104 1432 2146 esse
1481 2082 1798 2166 docuerit,
1853 2105 2245 2168 quamquam
2292 2105 2442 2168 pro-

143 2186 316 2250 fecto
396 2190 550 2270 post
613 2185 926 2271 Hesychii
990 2187 1539 2274 Onomatologum
1610 2188 1674 2254 h.
1731 2211 1781 2255 e.
1849 2194 2117 2255 exeunte
2182 2191 2441 2255 saeculo

147 2297 330 2358 sexto
371 2292 476 2357 vel
514 2293 780 2358 ineunte
809 2294 1086 2378 septimo
1116 2317 1194 2358 ea
1229 2295 1593 2379 composita
1628 2315 1769 2358 esse
1806 2294 2109 2379 colligere
2147 2296 2439 2361 debebat.
2540 2319 2549 2342 ¹

323 2399 474 2466 Una
521 2405 738 2465 autem
797 2402 1090 2486 quaestio
1138 2404 1371 2484 restat,
1428 2423 1621 2485 quam
1680 2402 1748 2466 in
1807 2422 2119 2485 suspenso
2176 2401 2441 2485 reliquit

145 2507 499 2591 Mettauer,
563 2511 781 2571 utrum
857 2506 1276 2572 scholiastam
1335 2507 1745 2572 Platonicum
1802 2507 2083 2591 genuino
2136 2505 2441 2593 Hesychii

147 2613 626 2698 Onomatologo
671 2635 860 2678 usum
899 2635 1040 2679 esse
1077 2635 1471 2697 censeamu8‚
1520 2636 1604 2678 an
1640 2614 1922 2698 epitome
1960 2613 2441 2698 Onomatologi.

147 2723 360 2806 Atque
417 2742 562 2786 cum
610 2720 871 2785 Unters.
899 2744 961 2805 p.
993 2721 1076 2785 89
1135 2721 1465 2804 epitomen
1520 2720 1703 2785 illum
1759 2721 2177 2806 descripsisse
2234 2722 2439 2806 suspi-

146 2833 324 2893 catus
388 2827 541 2910 sim,
595 2849 788 2910 nunc,
846 2828 1152 2911 quoniam
1199 2828 1277 2892 de
1322 2830 1617 2913 tempore
1664 2849 1791 2912 quo
1840 2826 2197 2892 scholiasta
2242 2828 2441 2912 scrip-

147 2936 304 2999 serit
351 2934 716 2999 accuratius
756 2932 1113 3018 disputavit
1149 2933 1492 3012 Mettauer‚
1533 2933 1660 2998 hoc
1695 2932 2159 2997 minus-valere
2199 2935 2443 3017 malim,

148 3042 254 3105 sed
331 3043 548 3125 ipsum
612 3039 1158 3125 Onomatologum
1234 3041 1318 3104 ab
1391 3062 1467 3104 eo
1546 3040 1935 3124 descriptum
2004 3061 2145 3103 esse
2209 3039 2441 3105 iudicO.

148 3145 330 3222 Quod
397 3147 453 3210 si
518 3150 691 3211 recte
759 3146 984 3230 statui,
1051 3147 1246 3211 etiam
1303 3169 1405 3232 ea,
1469 3170 1633 3233 quae
1689 3147 1757 3211 in
1814 3146 2076 3213 scholiis
2133 3147 2441 3231 leguntur

146 3254 472 3336 uberiora,
529 3251 976 3318 desiderantur
1021 3253 1090 3317 in
1136 3253 1396 3337 lexicis,
1451 3276 1529 3318 ex
1575 3254 1889 3338 ampliore
1942 3253 2128 3320 fonte
2178 3254 2439 3321 fluxisse

151 3359 466 3442 suspicari
511 3359 702 3423 nobis
750 3341 922 3424 licet.

321 3481 690 3566 Exscripsit
724 3482 1042 3567 Hesychii
1085 3484 1413 3568 epitomen
1458 3486 1563 3550 vel
1611 3486 1827 3570 potius
1876 3484 2441 3570 Onomatologum,
2486 3486 2527 3564 ἓ
2564 3487 2610 3549 2

150 3593 222 3653 ut
260 3589 534 3672 videtur,
582 3589 780 3654 etiam
819 3589 1052 3655 schol.
1091 3591 1401 3658 Anthol.
1430 3590 1585 3656 Pal.
1625 3593 1693 3657 in
1738 3591 1947 3657 Palat.
1986 3590 2096 3655 Gr.
2125 3592 2212 3655 23
2260 3593 2438 3657 cuius

149 3697 351 3760 vitam
386 3691 703 3777 Ἀγαθίας
730 3695 1187 3780 descripsimus
1197 3748 1214 3781 ,
1241 3697 1499 3780 Jacobs,
1534 3696 1839 3761 Anth.VI
1857 3721 1917 3782 p.
1937 3696 2023 3762 LI
2053 3703 2120 3763 et
2143 3697 2443 3780 Dindorf,

151 3803 372 3868 histor.
417 3803 571 3870 min.
609 3802 677 3866 II
722 3825 781 3886 p.
819 3801 975 3866 XIX
1021 3806 1087 3866 et
1132 3802 1425 3887 equidem
1471 3803 1555 3867 in·
1584 3808 1907 3889 apparatu
1954 3805 2193 3869 critico.
2270 3801 2439 3868 Ono-

151 3910 553 3992 matologum
601 3909 772 3992 dieo,
822 3908 1127 3993 quoniam
1175 3909 1423 3974 addidit
1468 3908 1925 3996 ἐπιγράμματα
1972 3908 2139 3994 πρὸς
2183 3906 2440 3976 Θεόδω-

151 4038 272 4096 ρον
337 4017 806 4099 Δεκουρίωνα,
872 4037 1035 4099 quae
1099 4017 1299 4081 verba
1364 4017 1607 4081 absunt
1659 4041 1698 4082 a
1760 4015 1957 4082 Suida
2011 4017 2439 4102 Eudociaque.

151 4118 376 4206 Neque
437 4123 609 4186 enim
657 4120 890 4187 Suidae
954 4123 1204 4188 lexicon
1269 4123 1350 4188 ab
1406 4125 1522 4189 illo
1570 4125 1989 4209 compilatum
2037 4147 2204 4208 esse,
2258 4125 2440 4189 cuius

154 4227 284 4290 fere
341 4229 629 4314 aequalis
677 4229 901 4312 fuerit,
956 4251 1160 4314 neque
1206 4231 1608 4314 prooemium
1657 4230 2013 4316 Agathiae‚
2060 4235 2233 4295 recte
2278 4231 2443 4296 vidit

152 4332 418 4418 Fimler‚
472 4336 640 4400 Krit.
686 4336 947 4401 Unters.
982 4335 1108 4400 'zur
1153 4336 1353 4403 Anth.
1411 4359 1472 4420 p.
1533 4337 1658 4402 152
1706 4360 1837 4423 seq.
1902 4336 2164 4423 (zurich
2226 4336 2442 4424 1876).

257 4449 536 4490 Ennomus
547 4479 559 4501 ,
588 4450 656 4491 ed.
684 4450 843 4490 Flach.
1982 4444 2019 4498 b
