3025 4892
568 214 598 275 1
612 213 698 277 62
1494 208 1921 265 HESYCHIUS.

559 378 858 458 πολίτης,
893 370 1268 458 φιλόσοφος
1299 368 1341 460 Ι,
1373 368 1403 461 ΙΙ
1434 368 1469 438 ὁ
1501 370 1884 455 ἐπικληθεὶς
1918 368 2471 458 Φιλογροὶμματος
2502 367 2564 459 ΙΙ,
2592 368 2837 447 εἰκόνας
2952 442 2954 465 ἓ

559 477 724 565 κατὰ
782 492 1142 566 στοιχεῖον,
1201 475 1232 567 ΙΙ
1252 478 1492 563 τέχνην
1547 476 2008 564 γραμματικήν
2030 475 2093 567 ΙΙ,
2158 476 2308 560 περὶ
2364 480 2689 563 γραφικῆς
2738 476 2837 541 καὶ

561 585 929 672 ζωγράφων
976 582 1302 669 ἐνδόξων,
1350 582 1363 673 Ι
1402 582 1730 669 γεωργικὰ
1779 588 2005 671 βιβλία
2054 575 2123 668 γ’
2152 581 2202 673 Ι.

735 695 1028 761 DOXIV.
1100 696 1537 770 Παναίτιος
1574 688 1857 777 Ῥόδιος,
1912 687 1947 758 ὁ
1996 688 2397 779 πρεσβύτης,
2450 689 2830 777 φιλόσοφος,

505 822 530 862 ⁶
561 791 646 867 οὗ
687 798 898 879 πολὺς
941 801 1015 867 ἐν
1062 796 1464 885 φιλοσόφοις
1509 798 1725 884 λόγος.
1814 799 2083 885 φέρεται
2132 794 2343 865 αὐτοῦ
2388 802 2613 882 βιβλία
2656 795 2835 883 φιλό-

562 926 743 993 σοφα
789 914 1080 974 πλεῖστα.

736 1015 993 1081 DGXV.
1068 1017 1581 1091 Παναίτιος
1631 1007 1666 1079 ὁ
1716 1010 2067 1096 νεώτερος,
2116 1010 2540 1098 Νικαγόρου,
2576 1007 2837 1091 Ῥόδιος,

560 1119 934 1207 φιλόσοφος
974 1118 1294 1203 Στωικός,
1344 1119 1721 1204 Διογένους
1766 1116 2123 1206 γνώριμος,
2169 1115 2243 1197 ὃς
2278 1115 2704 1204 καθηγήσατο
2740 1116 2839 1182 καὶ

562 1234 960 1315 Σκηπίωνος
1032 1231 1152 1294 τοῦ
1237 1227 1711 1311 ἐπικληθέντος
1778 1222 2188 1312 Ἀφρικανοῦ
2270 1223 2432 1311 μετὰ
2510 1223 2838 1309 Πολύβιον

490 1357 538 1396 10
567 1338 1144 1422 Μεγαλοπολίτην.
1227 1331 1605 1418 ἐτελεύτησε
1654 1329 1716 1399 δ’
1770 1333 1842 1401 ἐν
1884 1329 2216 1418 Ἀθήναις.

740 1440 1033 1508 DCXVI.
1106 1438 1564 1524 Πανόλβιος
1624 1441 1801 1507 ἐπῶν
1856 1436 2150 1525 ποιητής.
2242 1442 2489 1527 ἔγραψε
2541 1436 2838 1523 διάφορα,

563 1547 673 1615 καὶ
718 1544 887 1633 πρὸς
930 1546 1262 1634 Αἰθέριον
1306 1542 1469 1632 μετὰ
1520 1543 1645 1630 τὴν
1692 1543 1905 1613 νόσον
1944 1542 2036 1611 δι’
2088 1547 2267 1613 ε’πῶν
2312 1546 2425 1613 καὶ
2470 1543 2634 1632 πρὸς
2667 1540 2840 1629 Ἐρύ-

567 1663 773 1741 θριον
811 1653 922 1721 καὶ
958 1652 1125 1738 πρὸς
1154 1649 1531 1738 Δωρόθεον
1570 1648 1867 1739 ἡγεμόνα
1902 1651 2012 1719 καὶ
2050 1651 2304 1739 κόμητα
2340 1653 2452 1720 καὶ
2491 1656 2585 1731 εἰς
2613 1648 2840 1737 Ἀφθό-

563 1788 717 1830 νιον
758 1760 1012 1848 κόμητα
1047 1760 1160 1827 καὶ
1199 1757 1552 1845 ἐπιτάφιον
1578 1756 1890 1839 τΤπατίας
1926 1758 2263 1847 θυγατρὸς
2296 1758 2677 1846 Ἐρυθρίου.

486 1889 536 1930 15
739 1867 1064 1934 DOXVII.
1112 1865 1529 1945 Πανύασις
1566 1864 1975 1953 Πολυάρχου
2000 1863 2581 1952 Ἁλικαρνασσεύς,
2622 1865 2634 1957 Ι
2669 1890 2838 1950 τερα-

562 1972 888 2053 τοσκόπος
913 1974 1026 2041 καὶ
1055 1972 1067 2064 Ι
1098 1971 1371 2059 ποιητὴς
1409 1974 1605 2041 ἐπι-ὄν.
1668 1964 1865 2051 οὗτος
1900 1978 2309 2059 σβεσθεῖσαν
2344 1971 2468 2059 τὴν
2505 1997 2836 2058 ποιητικην

563 2078 875 2166 ἀνήγαγε.
969 2084 1225 2168 Δοῦρις
1272 2079 1346 2147 δὲ
1394 2080 1766 2158 Διοκλέους
1808 2106 1878 2147 τε
1924 2083 2131 2147 παῖδα
2178 2077 2515 2165 ἀνέγραψε
2561 2080 2668 2146 καὶ
2716 2076 2837 2144 Σά-

564 2208 753 2273 μιον·
811 2183 1058 2273 ὁμοίως
1115 2186 1189 2255 δὲ
1239 2186 1350 2254 καὶ
1385 2183 1761 2274 εΗρόδοτον
1806 2186 2118 2275 Θούριον.
2212 2186 2553 2275 ἱστόρηται
2601 2186 2672 2253 δὲ
2714 2193 2837 2252 Πα-

565 2348 811 2404 auctoris
849 2349 1060 2418 scripta
1095 2347 1464 2418 grammatico
1493 2348 1705 2399 temere
1735 2346 1936 2401 tribuit
1961 2347 2311 2415 Lambeciu33
2344 2348 2441 2402 sed
2460 2345 2662 2416 τέχνην
2687 2364 2837 2414 γραμ-

566 2426 807 2499 ματικὴν
846 2446 880 2483 a
909 2428 1124 2497 pictore
1154 2423 1465 2481 abiudicari
1493 2426 1552 2479 et
1578 2426 1651 2479 ad
1680 2426 2111 2495 gfammaticum
2138 2427 2294 2482 reiici
2324 2445 2463 2497 opus
2492 2430 2597 2494 est,
2625 2444 2743 2481 cum
2767 2424 2839 2493 pi-

565 2510 778 2563 ctorem
808 2506 1048 2561 maxime
1073 2506 1333 2561 deceant:
1364 2501 1814 2574 εἰκόνας-περὶ
1841 2508 2124 2576 γραφικῆς
2144 2508 2243 2561 καὶ
2262 2503 2576 2577 ζωγράφων
2598 2501 2838 2570 ἐνδόξων.

564 2586 967 2654 Philosophum
997 2583 1364 2651 Platonicum,
1400 2602 1567 2654 quem
1594 2585 1831 2639 laudant
1858 2586 1970 2641 Cic.
1991 2590 2104 2642 nat.
2132 2588 2183 2643 d.
2206 2588 2247 2655 I,
2270 2595 2356 2655 26,
2385 2588 2548 2655 Diog.
2570 2587 2634 2655 X,
2658 2592 2735 2652 14,
2762 2584 2839 2638 hic

563 2683 677 2720 non
712 2664 969 2733 intellegi
1004 2665 1167 2733 pabet
1206 2672 1232 2719 1
1283 2660 1314 2718 ὁ
1357 2660 1442 2719 ἐπ.
1481 2660 1941 2735 φιλογράμματος
1978 2684 2116 2723 corr.
2157 2668 2510 2734 LambeciuS,
2550 2666 2743 2720 merito
2778 2664 2837 2717 ad

566 2745 999 2816 grammaticum
1027 2744 1288 2811 referem,
1318 2740 1348 2799 ὁ
1382 2742 1467 2800 ἐπ.
1493 2743 1952 2815 φιλοπράγματος
1978 2749 2121 2816 vuly.
2208 2744 2436 2810 εἰκόνας
2464 2748 2577 2801 τῶν
2609 2745 2838 2819 βοτανῶν

565 2843 859 2897 perperam
889 2826 1030 2880 coni.
1060 2825 1403 2893 Lambecius,
1440 2825 1773 2880 Philostrati
1796 2826 1925 2894 περὶ
1958 2823 2197 2881 εἰκόνων
2226 2826 2399 2881 libros
2430 2827 2635 2881 rectius
2661 2826 2718 2879 in
2742 2839 2839 2877 me-

566 2908 802 2963 moriam
838 2905 1126 2961 revocavit
1161 2908 1450 2963 Kusterm.
1535 2907 1795 2962 Ceterum
1834 2902 2035 2975 Πάμφ.
2084 2909 2487 2975 Νικοπολίτης,
2535 2904 2838 2975 φιλόσοφος,

568 3006 762 3056 γεωργ.
796 2989 904 3059 βιβ.
929 2982 986 3055 γ’
1017 2985 1359 3055 botanicum,
1389 3004 1556 3057 quem
1583 2987 1783 3042 laudat
1802 2986 2062 3053 Galenus,
2094 2984 2519 3056 spectare-vidit
2542 2984 2839 3039 Gutschmid

570 3074 601 3122 3
639 3062 918 3138 γεωργικά
958 3084 1065 3121 om.
1105 3071 1176 3135 Δ,
1213 3066 1360 3122 unde
1398 3068 1717 3137 fragmenta
1754 3064 1922 3121 hodie
1961 3068 2179 3121 exstare
2214 3064 2435 3119 monuit
2469 3065 2739 3119 Kastems

713 3146 940 3201 DCXIV
975 3147 1127 3202 Eud.
1159 3166 1213 3217 p.
1241 3152 1360 3202 603.
1437 3148 1781 3202 Memoratur
1817 3165 1870 3201 v.
1902 3141 2233 3215 Ἀντιφάνης
2262 3141 2585 3214 Ἀθηναῖος,
2616 3139 2839 3199 Ἀπολλό-

569 3230 773 3297 δωρος,
812 3222 1120 3297 Πολύβιος,
1157 3223 1540 3291 Ποσειδώνιος
1675 3235 1710 3282 4
1746 3224 2122 3298 πρεσβύτερος
2152 3226 2427 3280 Westerm.
2570 3232 2602 3279 5
2640 3229 2839 3285 πολλοῖς

570 3308 630 3361 et
665 3300 696 3359 ὁ
736 3300 900 3374 λόγος
936 3310 983 3359 Δ

712 3384 911 3440 DCXV
947 3386 1100 3439 Eud.
1137 3383 1174 3439 l.
1215 3405 1279 3455 c.,
1317 3404 1459 3455 quae
1496 3388 1699 3458 incipit
1734 3388 1829 3442 καὶ
1872 3386 2059 3453 ἕτερος
2087 3390 2231 3440 Παν.
2344 3391 2376 3439 8
2415 3390 2575 3455 Διογ.
2613 3386 2649 3441 i.
2679 3402 2724 3440 e.
2750 3384 2836 3437 Ba-

568 3466 785 3537 bylonii
929 3465 1026 3520 καὶ
1063 3466 1188 3521 add.
1229 3471 1433 3520 ABVE
1581 3475 1612 3523 9
1653 3465 1793 3538 μετὰ
1831 3463 1930 3522 τὸν
1969 3457 2113 3535 Mein
2151 3466 2303 3521 Eud.
2440 3468 2612 3521 Σκιπ.
2649 3465 2771 3519 libri

712 3545 940 3600 DCXVI
975 3546 1126 3600 Eud.
1165 3564 1219 3615 p.
1253 3552 1372 3601 595.
1434 3546 1512 3602 Cf.
1552 3549 1814 3613 Diintzer,
1852 3547 1953 3616 Ep.
1986 3547 2053 3601 fr.
2083 3546 2135 3600 II
2162 3564 2217 3615 p.
2253 3551 2369 3601 110.
2411 3544 2650 3599 Zenonis
2678 3546 2838 3598 aetate

569 3645 698 3708 euni
735 3626 937 3681 vixisse
976 3626 1143 3681 doceb
1171 3626 1324 3681 Suid.
1362 3645 1415 3681 v.
1449 3622 1753 3699 Ἐρύθριος
1865 3635 1929 3682 13
1965 3623 2226 3697 Ἑθὲριον
2264 3632 2381 3681 ΔΙᾶ.
2411 3627 2563 3682 Eud.
2677 3634 2739 3681 14
2772 3624 2837 3677 di-

570 3725 791 3764 versam
831 3723 956 3760 eam
994 3723 1114 3760 esse
1154 3707 1226 3761 ab
1261 3707 1535 3776 Hypatia,
1575 3707 1821 3763 Theonis
1859 3708 2003 3777 filia,
2038 3706 2392 3763 noi-‚issimum
2432 3710 2519 3761 est

713 3784 965 3840 DCXVII
1004 3786 1153 3840 Eud.
1183 3804 1236 3855 p.
1269 3791 1389 3841 596.
1462 3785 1544 3841 Cf.
1578 3805 1634 3841 v.
1670 3783 2000 3857 Ἀντίμαχος.
2058 3788 2330 3842 Tractant
2364 3787 2588 3856 Naeke,
2619 3784 2833 3841 Choeril.

567 3887 622 3938 p.
654 3874 741 3937 17,
779 3866 1122 3932 Tzsehirner‚
1161 3866 1292 3920 Pan.
1331 3865 1399 3921 fr.
1437 3886 1491 3936 p.
1526 3874 1555 3922 7
1576 3886 1657 3937 sq.
1770 3874 1835 3923 15
1874 3864 2211 3937 Πολυάρχου
2248 3898 2317 3907 -
2356 3864 2657 3937 ἱστόρησαν
2687 3870 2837 3923 om.A

567 3943 1002 4017 tsoatdouonoc‘
1015 3945 1294 4016 pertinere
1332 3946 1406 4001 ad.
1443 3947 1684 4001 alterum
1711 3943 2080 4018 Panyasidem
2114 3947 2519 4017 philosophum
2547 3951 2699 4002 recte
2733 3963 2836 4016 per-

567 4029 752 4099 spexit
778 4027 1080 4081 Fabricius
1209 4033 1274 4080 16
1324 4020 1487 4089 οὗτος
1523 4058 1593 4067 -
1630 4024 1882 4099 ἀνήγαγε
1922 4026 2117 4096 scripsi
2156 4044 2283 4081 cum
2320 4032 2382 4094 V,
2430 4021 2492 4089 ὃς
2534 4022 2836 4095 ἐπανήγαγε

565 4111 720 4178 υτιῑρί
843 4114 906 4161 17
946 4106 1014 4160 de
1053 4105 1262 4159 Duride
1299 4106 1367 4161 cf.
1399 4105 1605 4163 Mfiller
1632 4111 1683 4164 II
1720 4129 1773 4179 p.
1812 4114 1915 4163 482
1956 4108 2044 4177 (fr.
2076 4112 2167 4175 57)
2286 4107 2494 4174 Δοῦρις
2530 4104 2595 4161 δὲ
2628 4138 2695 4145 -
2724 4101 2751 4158 ὁ
2786 4100 2836 4155 δὲ

563 4183 866 4249 Πανύασις
903 4204 1010 4241 om.
1040 4185 1190 4241 Eud.
1364 4192 1429 4240 18
1477 4184 1683 4258 ὁμοίως
1720 4189 1817 4244 καὶ
1854 4192 1951 4240 BV
1998 4183 2206 4256 ὁμοίως
2252 4182 2327 4248 ὡς
2365 4184 2689 4239 dubitanter
2725 4183 2838 4237 Gut-

523 4324 542 4343 0
567 4269 774 4322 schmid
853 4263 1160 4333 “Ηρόδοτον
1193 4263 1440 4337 Θούριον
1470 4286 1543 4322 sc.
1574 4265 1867 4340 ἀνέγραψε
1898 4282 2036 4321 corr.
2070 4267 2369 4337 Wesseliny
2389 4260 2690 4333 Ἡρόδοτος
2716 4262 2837 4329 vuly.

569 4343 776 4429 ὁμοίως
812 4344 909 4399 καὶ
937 4340 1339 4416 Νυμφόδωρος
1377 4348 1489 4416 (vel
1518 4345 1882 4421 εΗρόδωρος),
1919 4341 2166 4417 Θούριον
2205 4344 2267 4401 δὲ
2308 4344 2637 4399 Tzsehirner
2673 4362 2727 4415 p.
2757 4348 2809 4395 11
