3025 4892
531 119 658 183 126
931 142 946 155 2
1455 118 1882 173 HESYCHIUS.

709 279 1153 346 OCOOLXXI.
1229 283 1575 363 Κτησίας
1619 278 2052 365 Κτησιοέρχου
2098 273 2140 363 ἢ
2191 277 2602 364 Κτησιόχου,
2648 284 2792 345 Κνί-

526 388 701 469 διος,
786 383 1040 471 ἰατρός,
1119 383 1193 463 ὃς
1265 384 1616 472 ίάτρευσεν
1691 386 1763 452 έν
1838 385 2137 470 Πέρσαις
2196 381 2623 471 Ἀρταξέρξην
2690 382 2791 450 τὸν

524 490 865 578 Μνήμονα
919 492 1257 576 κληθέντα
1311 491 1421 558 καὶ
1481 475 1858 578 συνέγραψε
1917 488 2217 575 Περσικὰ
2273 492 2347 558 ἐν
2409 496 2688 576 βιβλίοις
2736 490 2789 556 κ’

524 600 636 665 καὶ
682 597 770 684 γ’.

710 715 1193 782 COOCLXXII.
1266 717 1529 800 Κῦρος
1573 718 2070 799 Πανοπολίτης,
2121 712 2451 793 ἐποποιός.
2544 714 2789 800 γέγονεν

444 836 454 847 ’
526 822 630 888 ἐπὶ
667 825 1041 888 Θεοδοσίου
1086 823 1208 888 τοῦ
1255 820 1418 887 νέου
1462 820 1810 905 βασιλέως,
1858 817 1978 906 ὑφ’
2033 810 2115 887 οὗ
2160 821 2273 886 καὶ
2312 825 2594 908 ἔπαρχος
2626 845 2787 908 πραι-

522 934 784 1015 τωρίων
849 929 961 995 καὶ
1027 932 1306 1015 ἔπαρχος
1375 924 1632 1005 πόλεως
1691 926 2112 1015 προεβλήθη,
2185 927 2295 993 καὶ
2353 929 2629 1013 γέγονεν
2679 925 2785 994 ἀπὸ

521 1031 800 1103 ὑπάτων
855 1034 964 1102 καὶ
1022 1038 1380 1120 πατρίκιος.
1475 1030 1803 1116 [Εὐδοκία
1858 1031 1987 1119 γὰρ
2045 1030 2085 1119 ἡ
2134 1038 2507 1102 Θεοδοσίου
2552 1033 2790 1121 γαμετή,

523 1142 788 1226 βασιλὶς
834 1133 1027 1225 οὖσα,
1073 1136 1513 1228 ὑπερηγάσθη
1562 1138 1684 1205 τὸν
1732 1143 1969 1224 Κῦρον
2016 1137 2338 1226 φιλοεπὴς
2385 1132 2576 1208 οὖσα.
2645 1137 2787 1207 ἆλλοέ

446 1268 496 1307 10
526 1246 730 1334 αὐτῆς
784 1244 1158 1331 ἀποστάσης
1211 1249 1348 1313 τῶν
1403 1250 1763 1330 βασιλείων
1824 1247 1936 1313 καὶ
1983 1251 2077 1325 εἰς
2122 1245 2461 1332 ἀνατολὴν
2510 1249 2583 1314 έν
2617 1237 2791 1334 Ἱερο-

525 1355 845 1440 σολύμοις
892 1350 1393 1439 διατριβούσης,
1451 1355 1682 1440 Κῦρος
1730 1354 2239 1438 ἐπιβουλευθεὶς
2278 1356 2631 1433 ἐπίσκοπος
2670 1358 2787 1421 τῶν

525 1464 727 1593 ἱερῶν
795 1467 1049 1547 γίνεται
1121 1462 1192 1527 ἐν
1255 1465 1603 1527 Κοτυαείω
1665 1464 1782 1546 τῆς
1847 1465 2189 1547 Φρυγιας.]
2293 1462 2405 1527 καὶ
2474 1463 2794 1589 παρέτεινε

527 1570 716 1655 μέχρι
768 1570 1059 1647 Λέοντος
1104 1570 1225 1635 τοῦ
1271 1568 1615 1653 βασιλέως.

707 1684 1222 1753 OOOOLXXIII.
1263 1689 1324 1749 A
1343 1709 1384 1748 α
1405 1680 1506 1748 κύ
1531 1686 1572 1749 δ
1592 1709 1632 1769 η
1657 1708 1689 1760 ς
1720 1680 2182 1769 Ἀλεξανδρου,
2216 1690 2602 1771 Κυρηναῖος
2630 1680 2801 1771 φιλό-

449 1808 500 1848 15
529 1809 769 1877 σοφος,
818 1788 893 1870 ὃς
936 1793 1050 1877 τῆς
1097 1790 1252 1870 νέας
1285 1786 1712 1875 Ἀκαδημείας
1757 1790 2099 1875 κατῆρξεν.
2190 1795 2437 1877 ἔγραψε
2477 1790 2801 1877 φιλόσοφα

526 1898 638 1965 καὶ
685 1897 835 1984 περὶ
882 1895 1166 1983 φύσεως.

703 2013 1208 2081 OOOOLXXIV.
1284 2017 1699 2098 Λαμπρίας
1746 2012 2192 2099 Πλουταρχου
2251 2018 2373 2081 τοῦ
2419 2013 2805 2101 Χαιρωνέως

524 2118 689 2198 υἱός.
777 2125 1022 2206 ἔγραψε
1068 2124 1314 2186 πίνακα
1362 2107 1460 2185 ὧν
1507 2116 1543 2184 ὁ
1593 2116 1807 2205 πατὴρ
1854 2118 2065 2187 αὐτοῦ
2117 2124 2362 2205 ἔγραψε
2408 2121 2558 2205 περὶ
2602 2119 2804 2206 πάσης

513 2224 906 2312 Ἑλληνικῆς
951 2226 1062 2292 καὶ
1099 2222 1466 2312 Ῥωμαϊκῆς
1513 2227 1825 2313 ἱστορίας.

443 2362 496 2399 2⁰
702 2342 1176 2411 OOOOLXXV.
1258 2344 1517 2419 Λᾶσος
1554 2346 1902 2427 Χαβρίνου
1928 2338 2347 2427 Ἑρμιονεύς,
2405 2343 2656 2423 πόλεως
2698 2346 2807 2428 τῆς

516 2446 806 2535 Ἀχαΐας,
869 2444 1162 2533 γεγονὼς
1215 2444 1380 2517 κατὰ
1434 2443 1559 2530 τὴν
1616 2444 1733 2533 νη’
1790 2442 2201 2533 ὀλυμπιάδα,
2265 2447 2373 2516 ὅτε
2433 2458 2714 2537 Δαρεῖος
2772 2447 2804 2515 ὁ

512 2553 904 2623 Ὑστάσπου.
1009 2554 1187 2633 τινὲς
1252 2553 1326 2620 δὲ
1391 2555 1637 2620 τοῦτον
1701 2558 2219 2641 συναριθμοῦσι,
2272 2570 2413 2635 τοῖς
2472 2555 2527 2637 ζ’,
2582 2568 2809 2641 σοφοῖς

847 2710 952 2717 --.,..-

452 2784 455 2789 .
522 2812 687 2883 λόγος
723 2831 824 2884 pro
863 2809 1139 2883 ἷστορικός
1176 2814 1326 2866 recte
1357 2810 1500 2865 coni.
1532 2810 1853 2865 Gutschmid
1976 2817 2039 2865 19
2080 2806 2343 2877 Εὐδόξου
2374 2830 2512 2869 corr.
2547 2814 2805 2888 quster-

526 2897 718 2950 Ιιιιείιιε
759 2889 1040 2960 Εὖδοξιόυ
1078 2895 1222 2962 vuly.
1261 2893 1411 2947 Eud.

667 2973 1022 3030 OCCCLXXI
1057 2974 1208 3028 Eud.
1248 2992 1301 3043 p.
1333 2980 1436 3027 438
1627 2979 1669 3026 3·
1708 2965 1992 3039 Μνήμονα
2039 2975 2203 3040 κληθ.
2241 2978 2359 3027 Bas.
2406 2969 2693 3045 Ἀμείμονα
2730 2976 2804 3027 κλ.

522 3062 681 3109 mm
709 3060 825 3109 Ald.
857 3054 1010 3109 Eud.
1049 3049 1149 3107 τὸν
1186 3048 1396 3122 ἅμεινα
1435 3051 1720 3119 κληθέντα
1757 3057 1802 3103 V
1839 3052 1915 3123 τῷ
1954 3045 2214 3120 ἀμείνονι
2252 3051 2523 3121 κληθέντι
2560 3060 2605 3107 A
2837 3066 2848 3079 ·

523 3132 616 3205 κγ’
659 3136 810 3191 Eud.
885 3134 967 3188 De
1005 3132 1241 3186 Persicis
1280 3132 1348 3186 cf.
1393 3132 1549 3186 Phot.
1590 3132 1727 3185 bibl.
1766 3149 1819 3199 p.
1850 3137 1916 3185 35
1946 3147 2058 3200 seq.

669 3223 1048 3279 CCOOLXXII
1086 3223 1236 3277 Eud.
1264 3242 1318 3292 p.
1350 3227 1470 3276 445.
1530 3219 1611 3272 Cf.
1650 3218 1909 3288 Diinbzer‚
1946 3219 2049 3289 Ep.
2088 3221 2152 3276 fr.
2184 3222 2236 3275 ΙΙ
2265 3241 2317 3291 p.
2354 3228 2451 3276 109
2565 3227 2597 3275 5
2626 3226 2803 3276 Πανο·

523 3305 716 3371 πλίτης
751 3308 913 3355 REM
949 3307 1066 3354 Ald.
1270 3308 1297 3355 7
1349 3299 1433 3356 ἕπ.
1481 3295 1736 3369 πρόλεων
1774 3306 1891 3353 Ald.
1938 3297 2192 3369 πρόλεων
2241 3321 2347 3357 om.
2402 3300 2489 3357 ἐπ.
2529 3304 2680 3357 Eud.
2726 3300 2797 3355 ἔτι.

523 3381 742 3438 πόλεων
788 3388 947 3436 REM
1171 3380 1265 3435 καὶ
1314 3380 1549 3449 γέγονεν
1602 3412 1667 3418 -
1717 3381 1847 3434 exit.
1898 3398 2002 3435 om.
2052 3382 2203 3437 Eud.
2430 3388 2461 3436 8
2510 3383 2591 3437 De
2640 3384 2801 3437 altero

525 3462 727 3517 Suidae
773 3462 958 3530 fonte,
1006 3480 1074 3516 ex
1120 3478 1230 3530 quo
1277 3460 1529 3515 manavit
1576 3458 1746 3513 etiam
1795 3461 1870 3531 gl.
1912 3456 2245 3529 Θεοδόσιος,
2294 3462 2409 3516 dixi
2456 3461 2599 3516 Mus,
2638 3464 2800 3516 Rhen.

523 3542 728 3596 XXXV
757 3562 809 3613 p
841 3540 943 3598 21'7
1059 3549 1121 3597 12
1163 3541 1286 3595 add.
1327 3547 1372 3594 A
1408 3541 1468 3593 in
1505 3540 1783 3607 margine:
1825 3534 1988 3601 οὗτος
2025 3542 2197 3606 κτίζει
2234 3538 2335 3595 τὸν
2372 3538 2516 3596 ναὸν
2553 3544 2653 3611 τῆς
2678 3546 2800 3595 θεο-

521 3620 694 3678 τόκου
733 3619 833 3677 τὸν
871 3618 1176 3692 λεγόμενον
1215 3642 1283 3676 τα
1322 3616 1516 3689 Κύρου

650 3702 1076 3758 CCCCLXXIII
1116 3702 1197 3757 Cf.
1227 3700 1519 3770 Menagius
1557 3699 1618 3753 in
1646 3699 1809 3769 Diog.
1838 3699 1934 3767 IV,
1974 3706 2060 3769 59,
2099 3699 2196 3767 qui
2235 3701 2302 3755 de
2342 3702 2565 3771 scriptis
2604 3704 2750 3756 tacet

529 3789 591 3838 15
635 3781 1070 3917 ἔέἵῖαὸρὲβδΧὲΧΝ
1115 3861 1267 3917 Eud
1309 3880 1362 3928 p.
1394 3866 1514 3915 466.
1594 3858 1673 3913 Of.
1718 3858 1889 3925 Treu‚
1937 3859 2075 3914 iiber
2113 3860 2221 3913 den
2260 3878 2374 3931 sog.
2415 3860 2799 3931 Lampriascass.

524 3940 840 4010 (Waldenb.
883 3944 1068 4009 1873),
1107 3940 1364 4011 inprimis
1400 3959 1454 4010 p.
1487 3945 1555 3993 53
1578 3956 1689 4006 seq.
1840 3945 1906 3992 18
1947 3931 2024 3993 ὧν
2060 3942 2205 4010 vuly.
2237 3934 2494 3995 Ειιιῐζὸν
2533 3946 2634 3993 AV

666 4020 1045 4077 CCCCLXXV
1095 4022 1178 4075 Ex
1222 4020 1426 4075 Suidae
1473 4017 1781 4088 exemplari
1817 4019 1875 4073 in
1914 4021 2086 4074 schol.
2120 4020 2212 4074 Ar.
2237 4021 2404 4089 Vesp.
2448 4027 2580 4074 1401
2623 4018 2801 4075 intulit

521 4102 806 4157 Musurus:
845 4101 915 4157 of.
952 4100 1206 4168 Dindorf,
1247 4101 1338 4157 Ar.
1370 4102 1462 4171 IV,
1492 4107 1525 4154 2
1562 4119 1616 4169 p.
1649 4106 1751 4154 536
1862 4108 1930 4155 20
1969 4104 2256 4174 Χαβρίνου
2296 4102 2509 4155 correxi
2547 4119 2616 4155 ex
2656 4102 2799 4168 Diog.

522 4184 544 4235 I
558 4226 572 4250 ,
610 4189 676 4237 42
725 4184 1012 4252 Χαρβίνου
1064 4182 1195 4236 libri
1242 4182 1401 4237 Suid.
1486 4181 1745 4235 Ceterum
1798 4180 1867 4234 cf.
1922 4179 2121 4234 Suidas
2173 4198 2223 4234 v.
2278 4177 2800 4237 κυκλιοδιδάσκαλος

513 4259 826 4331 Ἑρμηνεύς
861 4266 954 4312 ΒΕ

2691 4855 2831 4869 C—-d
2846 4849 2877 4857 ‘-

2276 4868 2687 4881 ’-ἢ-,-
