3025 4892
1085 199 1589 256 PROLEGOMEN
1596 201 1657 254 A.
2386 199 2513 254 XXI

213 366 481 430 tilatam
538 373 758 431 extare
819 365 1054 430 docent
1099 364 1184 450 gl.
1237 359 1750 449 Ἀλκιβιάδηςῑ),
1808 361 2259 447 Δημοσθένης
2316 357 2513 446 Ἀβδ,

213 475 644 557 Μίμνερμος,
702 470 974 548 Παῦλος
1033 472 1182 553 Αἰγ.
1237 469 1346 553 al.,
1403 471 1662 554 saepius
1718 471 1932 553 ipsum
1990 467 2256 534 Suidam
2304 469 2512 555 Hesy-

215 579 494 644 chianae
559 578 823 644 tabulae
886 577 1030 642 loeo
1096 599 1174 642 ex
1229 599 1344 642 suo
1405 577 1665 662 ingenio
1714 577 1797 641 ab
1853 575 1971 640 illa
2038 576 2359 642 diversam
2416 577 2512 641 in-

211 685 492 750 trusisse
521 686 606 770 gl.
633 679 1118 768 Ἀριστοφάνης
1153 707 1314 767 κωμ.
1345 687 1410 747 et
1438 683 1713 748 fortasse
1741 677 2195 767 Ἱπποκράτης,
2227 683 2511 768 saepius-

207 815 339 876 que
387 793 682 858 omisisse
730 793 996 856 verbum
1033 790 1366 856 doctrinae
1419 811 1623 875 genus
1672 790 1991 873 indicanS,
2036 789 2228 874 quale
2267 789 2511 875 ἱστορι-

203 897 348 982 κός,
379 895 608 983 ἰατρός
635 898 776 964 sim.
806 898 891 983 gl.
916 891 1342 981 Ὀρειβάσιος,
1374 895 1683 981 Σέργιος,
1718 900 2011 980 Τίμαιος,
2042 890 2512 981 Χριστόδωρος

203 1009 398 1090 Θηβ.,
440 1001 684 1090 Ὠρίων
731 1007 894 1088 Θηβ.
943 1005 1024 1068 al.
1069 1003 1555 1089 Nonnunquam
1603 1007 1819 1070 autem
1878 1026 1954 1068 ex
2010 1000 2288 1068 diversis*
2338 1003 2511 1086 vitis,

205 1113 492 1178 fortasse
523 1112 1148 1198 cognominatorum,
1178 1111 1336 1177 talia
1363 1113 1629 1178 confusa
1664 1133 1804 1177 esse
1834 1114 2110 1194 constat,
2129 1110 2306 1174 velut
2334 1111 2424 1174 υί
2430 1106 2513 1187 ὸς

199 1214 593 1304 Ἀριστοφ.
640 1243 698 1287 v.
741 1217 1132 1303 Φιλέταιρος
1175 1219 1345 1284 forte
1393 1242 1471 1284 ex
1508 1219 1799 1304 Philippi
1840 1218 2069 1284 comici
2108 1221 2260 1296 vita,
2302 1217 2511 1284 Coto-

207 1323 440 1410 ρικός
477 1349 534 1390 v.
569 1321 919 1410 Ὀνάσιμος
957 1349 1035 1390 ex
1071 1324 1363 1391 Onesimi
1401 1327 1716 1411 furatum,
1754 1321 2009 1411 ῥήτωρ
2050 1349 2107 1390 v.
2144 1323 2514 1408 Τιμαγένης

205 1435 335 1499 sot.
393 1456 470 1500 ex
522 1433 800 1498 rhetoris
848 1432 1252 1519 TimageniS,
1299 1429 1555 1517 ῥήτωρ
1602 1433 1881 1498 fortasse
1934 1433 2133 1498 etiam
2179 1456 2237 1498 v.
2285 1436 2510 1516 Κεφα-

205 1545 378 1606 λίων
427 1540 685 1606 aliunde
731 1545 989 1625 raptum
1038 1540 1148 1626 (cf.
1186 1540 1404 1625 Daub,
1441 1539 1623 1605 Stud.
1652 1562 1713 1624 p.
1746 1537 1835 1626 7),
1870 1534 2416 1624 γραμματικός
2453 1563 2511 1605 v.

199 1643 444 1714 Ἰάσων
494 1670 570 1712 ex
617 1647 885 1714 alterius
935 1647 1188 1712 Iasonis
1245 1648 1380 1712 vita
1427 1645 1582 1733 (om.
1630 1645 1853 1734 Eud.),
1910 1645 2037 1711 nisi
2091 1647 2311 1730 potius
2366 1669 2509 1712 cum

203 1754 664 1820 Gutschmidio
723 1755 1013 1839 praefers
1060 1749 1512 1838 γραμματεύς,
1565 1749 1901 1836 ποιητής
1946 1775 2002 1817 v.
2060 1748 2350 1836 Τρύφων
2400 1757 2512 1818 aut

203 1886 286 1927 ex
353 1861 736 1946 antiquioris
805 1865 918 1927 aut
986 1883 1063 1924 ex
1127 1861 1401 1926 iunioris
1468 1860 1903 1946 Tryphiodori
1972 1858 2069 1943 (in
2136 1882 2264 1944 qua
2318 1847 2510 1926 hodie

203 1966 640 2053 desideratur)
693 1968 1030 2053 illapsum3
1079 1968 1210 2033 alia
1257 1991 1295 2032 a
1341 1987 1494 2032 vero
1544 1969 1771 2032 abesse
1819 1966 1951 2030 dixi
1998 1966 2081 2032 ad
2128 1989 2185 2032 v.
2218 1968 2510 2051 Κρίτων,

207 2074 404 2140 Λέων
469 2077 620 2153 Βυζ.
642 2123 660 2157 ,
730 2077 1074 2158 Παμφίλη.
1172 2072 1575 2150 Quibusdam
1634 2095 1785 2138 vero
1856 2074 1925 2137 in
1980 2073 2133 2137 vitis
2199 2073 2302 2137 vel
2366 2073 2513 2156 ipsa

206 2183 575 2268 glossarum
621 2182 930 2246 lemmata
977 2180 1368 2264 exciderunt,
1416 2181 1651 2264 quibus
1698 2181 2035 2265 scriptoris
2074 2202 2310 2246 nomen
2352 2181 2507 2246 olim

203 2289 577 2374 legebatur:
635 2291 893 2353 constat
948 2287 1015 2351 id
1073 2287 1329 2371 quidem
1378 2287 1456 2352 de
1502 2286 1811 2372 Philippo
1858 2287 2174 2372 OpuntiO,
2230 2288 2508 2354 fortasse

203 2395 284 2460 de
334 2394 745 2474 Timochare,
792 2394 1175 2461 Aristarcho
1213 2394 1529 2480 Tegeata,
1574 2391 1865 2460 Cornuto
1876 2445 1895 2478 ,
1940 2416 2130 2478 quem
2178 2417 2325 2459 cum
2370 2395 2509 2459 rhe-

205 2508 379 2585 tore,
443 2499 609 2566 Livii
667 2500 952 2584 aequali,
1007 2500 1228 2584 inepte
1286 2498 1519 2566 Suidas
1587 2501 1903 2584 confudit,
1968 2500 2507 2584 quemadmodum

205 2607 514 2674 Severum
570 2607 930 2691 sophistam
985 2627 1130 2671 cum
1186 2607 1594 2692 imperatore.
1688 2605 2078 2691 Saepissime
2132 2611 2351 2672 autem
2399 2629 2506 2694 ge-

203 2716 410 2780 nuina
455 2715 800 2780 verborum
849 2713 1045 2778 series
1092 2713 1160 2777 in
1199 2711 1434 2778 Suidae
1481 2715 1635 2778 vitis
1685 2713 1927 2778 violata
1973 2718 2091 2796 est,
2138 2737 2333 2800 quam
2379 2715 2507 2780 nisi

203 2821 586 2888 certissimis
634 2819 1036 2907 argumentis
1083 2819 1396 2884 adductus
1448 2843 1753 2887 revocare
1796 2843 1934 2887 non
1970 2843 2165 2886 ausus
2206 2844 2349 2886 sum
2398 2819 2507 2908 (cf.

205 2953 264 2993 v.
311 2922 858 3013 Ἀναξανδρίδης,
900 2921 1289 3010 Ἀππιανός,
1335 2921 1806 3011 Ἐμπεδοκλῆς,
1862 2924 2261 3011 Εὐκλείδης,
2318 2928 2507 2996 Θέων

203 3038 621 3118 Γυμνασίου,
659 3031 1011 3121 Στράττις,
1040 3038 1342 3117 ,Τίμαιος
1387 3035 1531 3117 ίστ.,
1592 3034 1949 3114 Φιλόξενος
1986 3040 2167 3101 Κυθ.
2206 3033 2338 3121 aL).
2418 3035 2509 3100 Et

203 3143 526 3227 profect0‚
563 3142 631 3207 id
655 3132 837 3227 ¹quod
877 3141 1154 3205 maxime
1193 3141 1542 3206 dolendum
1582 3145 1709 3225 est,
1754 3163 1886 3206 non
1933 3164 2157 3206 omnes
2197 3139 2507 3225 Hesychii

209 3251 382 3314 vitas
422 3247 654 3313 Suidas
684 3247 1043 3332 descripsit,
1075 3248 1184 3313 sed
1221 3252 1418 3331 prout
1459 3247 1813 3331 videbatur,
1849 3247 2018 3313 hanc
2060 3249 2258 3313 vitam
2302 3248 2505 3313 lexico

209 3379 329 3421 suo
388 3355 686 3438 inseruit,
752 3355 936 3419 illam
996 3355 1241 3438 omisit,
1303 3353 1817 3438 accuratissime,
1881 3359 1955 3419 ut
2012 3355 2271 3438 opinor,
2334 3354 2505 3419 vitas

207 3477 372 3547 quae
422 3462 540 3526 sub
582 3462 772 3526 litera
808 3461 867 3525 A
907 3466 972 3525 et
1016 3461 1075 3526 X
1120 3462 1454 3547 leguntur,
1503 3460 1902 3546 describens,
1954 3461 2125 3546 quod
2179 3462 2376 3526 etiam
2428 3461 2505 3525 de

209 3569 502 3634 Eudocia
539 3573 766 3633 notum
812 3573 926 3633 est.
1009 3568 1189 3633 Idem
1227 3569 1357 3632 iam
1395 3569 1892 3651 epitomatorem
1930 3568 2162 3634 fecisse
2204 3567 2506 3652 arbitror,

211 3675 516 3761 quoniam
573 3676 918 3742 nonnullas
975 3674 1455 3759 celeberrimae,
1517 3675 1817 3759 inprimis
1874 3679 2214 3760 poetarum
2272 3669 2506 3761 (Ἀρχί-

207 3789 432 3866 λοχος,
500 3781 801 3863 Νόννος,
871 3786 1254 3863 Μουσαῖος,
1321 3779 1638 3867 Κόιντος)
1705 3781 1806 3846 vel
1872 3781 2333 3848 historicorum
2402 3782 2504 3846 vel

212 3889 488 3955 aliorum
555 3887 764 3974 (velut
826 3890 1191 3972 Οἰνοπίδης
1255 3891 1447 3971 Χῖος,
1516 3889 2005 3974 Καλλίστρατοι
2066 3889 2174 3975 al.)
2239 3910 2502 3972 prorsus

207 3995 630 4062 intercidisse
665 3996 1080 4061 manifestum
1131 3999 1249 4060 est.

353 4262 404 4329 1)
443 4261 616 4328 Nam,
655 4262 718 4314 ιιι
755 4261 812 4314 in
841 4261 959 4314 viia
986 4259 1408 4326 Themistoclis,
1447 4261 1514 4314 de
1546 4259 1893 4316 orationibus
1921 4239 2232 4314 Alcibiadis
2264 4259 2355 4327 (ef.
2389 4256 2502 4313 Cio.

208 4341 279 4396 de
317 4357 397 4395 or.
435 4339 516 4408 ΙΙ,
554 4343 645 4410 23)
685 4340 897 4395 dictum
931 4339 1118 4396 fuerit.
1194 4339 1272 4394 Cf.
1313 4341 1604 4395 Ruhnken.
1642 4338 1771 4396 hist.
1812 4337 1901 4396 Or.
1941 4359 1995 4410 p.
2033 4337 2333 4394 XXXVIII.
