3025 4892
1118 149 1619 206 PROLEGOMEN
1622 153 1685 205 A.
2288 151 2551 207 XXXVII

241 310 596 399 πρότερος,
649 315 1033 390 Φιλίσκος
1072 309 1457 398 Ἀρχενίδου
1501 351 1577 361 -
1614 309 2055 400 Ἀρχωνίδου,
2109 319 2549 382 Φιλιστίων

244 424 653 504 μισοψισταί·
709 457 786 468 —-·
855 425 1372 507 μισοψηφισταί,
1444 418 1784 507 Φόρμος
1846 421 1974 488 εἰσὶ
2048 419 2125 488 δὲ
2188 425 2395 489 ταῦτα
2468 461 2543 470 -

245 527 384 594 εἰσὶ
449 526 525 595 δὲ
589 550 742 614 om.‚
805 532 1115 616 Χείρων
1180 529 1623 615 ίππιατρικῶν
1687 568 1770 577 -
1840 527 2301 615 ίππιατρικόν,
2367 535 2549 596 Xoa-

245 639 474 718 ρίλος
532 636 792 720 ἐνίκησε
839 633 914 701 δὲ
969 633 1034 720 ῤ’
1068 674 1150 684 -
1207 637 1298 702 ἐν.
1355 634 1432 702 δὲ
1486 634 1606 720 ιγ’,
1680 636 2146 719 Χρύσιππος
2198 639 2403 704 πλείω
2466 673 2541 687 --

245 744 504 808 πλείων
539 743 609 808 Μ
658 743 800 808 Ald.

435 849 570 915 Nec
607 865 880 915 'monere
928 873 1088 934 opus
1137 854 1263 934 est,
1319 873 1430 915 eas
1476 850 1752 916 Violarii
1798 852 2135 932 lectiones,
2188 875 2348 938 quas
2396 875 2547 923 enuz

245 958 517 1042 meravi,
571 979 650 1020 ex
705 958 1061 1041 exemplari
1117 959 1296 1043 typis
1354 959 1485 1024 iam
1542 959 1859 1044 impresso
1915 980 2045 1024 non
2104 960 2379 1025 describi
2437 983 2548 1045 po-

243 1065 484 1149 tuisse,
529 1087 674 1129 eum
717 1086 797 1128 ne
842 1064 1206 1129 levissimus
1254 1064 1512 1148 quidem
1561 1065 1663 1130 vel
1712 1064 2196 1150 stupidissimus
2244 1066 2549 1134 librarius

244 1172 491 1237 nedum
539 1171 840 1236 falsarius
886 1171 1052 1236 talia
1095 1172 1478 1256 peccaverit.
1568 1171 1720 1236 Aldi
1768 1173 1938 1238 enim
1986 1173 2183 1238 editio
2232 1174 2332 1238 vel
2379 1175 2548 1258 puti-

245 1279 540 1343 dissimis
598 1279 800 1344 oculis
855 1278 1034 1343 nullo
1085 1299 1278 1362 opere
1334 1277 1627 1342 adhibito
1688 1278 2063 1363 perlegitur.
2152 1278 2289 1345 Nec
2334 1281 2548 1346 minus

247 1389 534 1471 constat,
570 1407 650 1450 ne
681 1383 964 1450 codicem
993 1384 1254 1469 quidem
1283 1383 1436 1449 Aldi
1467 1383 1748 1449 Manutii
1782 1420 1856 1430 —
1900 1385 1955 1449 si
1994 1387 2255 1471 quidem
2292 1391 2551 1472 praeter

245 1494 600 1559 editionem
655 1491 1203 1557 Mediolanensem
1270 1491 1469 1556 etiam
1537 1491 1774 1555 librum
1832 1493 2343 1577 manuscriptum
2400 1514 2547 1558 eum

247 1599 655 1666 consuluisse
693 1597 958 1682 iudieaS‚
1005 1598 1174 1681 quod
1215 1597 1284 1661 in
1322 1596 1539 1661 medio
1585 1596 1947 1681 relinquam
1984 1635 2067 1644 ——
2090 1598 2365 1664 Violarii
2405 1621 2548 1664 auc-

245 1709 386 1773 tori
440 1709 702 1791 praesto
759 1704 987 1788 fuisse,
1051 1704 1292 1789 quippe
1347 1725 1613 1787 prorsus
1662 1703 1984 1768 diversum
2042 1727 2187 1771 eum
2243 1706 2547 1771 habuisse

245 1813 670 1879 manifestum
737 1816 854 1876 est.
955 1810 1140 1886 Quod
1202 1811 1257 1874 si
1314 1814 1485 1875 recte
1542 1811 1733 1876 nobis
1792 1813 2155 1895 expositum
2212 1814 2338 1896 est,
2402 1833 2546 1876 cum

243 1943 581 2006 nunquam
621 1919 906 1984 codicem
939 1915 1288 1982 Suidanum
1319 1918 1456 1982 sive
1487 1917 1724 1983 codicis
1752 1917 2069 1984 familiam
2097 1919 2253 1982 talis
2272 1920 2549 2004 generis,

245 2028 443 2114 quale
490 2028 559 2091 in
596 2026 890 2092 Violario
939 2028 1268 2110 appareat,
1315 2024 1519 2089 fuisse
1566 2028 1851 2104 constet,
1897 2026 2005 2110 qui
2051 2047 2170 2091 nec
2215 2030 2549 2110 praestan-

239 2135 436 2200 tioris
486 2156 604 2199 nec
652 2131 990 2198 deterioris
1047 2131 1364 2196 librorum
1420 2131 1709 2196 familiae
1774 2131 1989 2196 affinis
2036 2133 2123 2196 sit
2136 2130 2213 2218 ¹),
2269 2132 2547 2198 Violarii

219 2235 424 2306 ‘vitae
472 2241 740 2305 mixtum
791 2239 1009 2323 potius
1059 2238 1286 2302 offerre
1343 2239 1932 2321 manuscriptorum
1980 2258 2181 2322 genus
2229 2239 2546 2327 videntur,

247 2348 427 2433 quod
471 2369 604 2412 non
641 2346 769 2411 nisi
814 2344 1192 2410 correcturis
1240 2344 1494 2409 librarii
1531 2344 1634 2408 vel
1682 2344 2095 2410 librariorum
2140 2349 2368 2410 natum
2406 2369 2547 2412 esse

254 2454 589 2521 concludo.

432 2561 642 2646 Atque
697 2562 829 2626 iam
891 2582 966 2624 eo
1027 2560 1320 2646 provecti
1383 2581 1631 2637 summ,
1694 2565 1767 2622 ut
1825 2561 2036 2623 totam
2097 2561 2545 2644 quaestionem

247 2670 587 2755 aliquanto
635 2667 1060 2733 confidentius
1109 2667 1356 2732 solvere
1401 2666 1747 2751 possimus,
1812 2665 1996 2742 Quod
2045 2667 2100 2730 si
2146 2687 2224 2730 ex
2271 2668 2545 2733 diversis

243 2775 728 2860 exemplaribus
781 2778 1059 2858 textum,
1127 2795 1318 2858 quem
1379 2773 1741 2857 habebant,
1806 2774 2129 2858 corrigere
2196 2775 2547 2840 studebant

243 2881 532 2966 librarii,
582 2905 710 2948 non
749 2879 984 2946 Suidae
1020 2883 1296 2963 textum,
1343 2880 1444 2943 cui
1484 2880 1805 2945 medelam
1844 2882 2069 2945 afferre
2108 2881 2371 2946 omnino
2410 2904 2545 2946 non

245 3013 415 3074 opus
461 2989 686 3071 fuerit,
743 2988 814 3052 in
869 2987 1169 3051 manibus
1224 2985 1533 3050 habuisse
1587 2985 1861 3070 putandi
1920 2990 2097 3070 sunt,
2154 2987 2266 3051 sed
2326 2988 2545 3074 alium,

247 3119 443 3182 quem
490 3117 632 3161 cum
681 3092 916 3160 Suidae
961 3093 1175 3177 libris,
1230 3093 1607 3178 plerumque
1656 3093 2111 3177 deterioribuS‚
2168 3115 2543 3180 comparan-

243 3211 351 3269 tes
398 3206 464 3268 et
509 3201 974 3286 discrepantias
1019 3199 1122 3264 vel
1168 3199 1434 3264 lacunas
1493 3200 1595 3263 vel
1652 3201 1884 3264 menda
1941 3200 2365 3266 observantes
2412 3202 2544 3266 iam

255 3332 488 3376 sanare
535 3313 757 3394 atque,
803 3303 914 3373 ubi
961 3327 1232 3371 mancus
1280 3305 1625 3370 videbatur
1672 3327 1838 3392 esse,
1892 3308 2355 3373 additamentis
2405 3307 2546 3374 Sui-

249 3417 436 3482 danis
491 3437 727 3501 augere
781 3417 1216 3479 tentaverunt.
1308 3411 1450 3488 Quo
1504 3412 1708 3497 facto,
1766 3415 1922 3498 quin
1978 3437 2173 3479 unum
2230 3416 2544 3501 epitomes

246 3522 695 3606 Hesychianae
741 3521 1070 3606 exemplar
1115 3544 1154 3586 a
1211 3519 1407 3586 Suida
1453 3519 1851 3606 descriptum
1909 3522 2023 3606 sit,
2084 3523 2359 3587 alterum
2414 3520 2543 3608 (vel

247 3628 452 3712 idem)
501 3630 582 3694 ab
630 3628 944 3707 Eudocia,
993 3628 1164 3713 quod
1212 3611 1917 3693 incuria'librariorum
1968 3629 2113 3712 plus
2172 3651 2377 3714 aequo
2432 3652 2545 3694 no-

248 3738 354 3802 bis
401 3738 815 3802 obscuratum
872 3757 1012 3800 esse
1067 3735 1342 3800 maxime
1392 3739 1492 3800 est
1548 3735 1921 3820 dolendum,
1977 3734 2272 3820 equidem
2327 3735 2545 3800 nullus

249 3843 492 3908 dubito.
583 3842 670 3907 Et
723 3843 883 3908 haee
937 3863 1038 3906 res
1097 3841 1202 3906 vel
1264 3863 1338 3906 eo
1399 3841 1845 3927 confirmatur,
1907 3842 2076 3926 quod
2128 3841 2544 3920 Androclidi8‚

251 3949 420 4034 Lydi
477 3949 598 4028 fili,
657 3950 820 4013 duae
880 3950 947 4013 in
993 3946 1285 4013 Violario
1347 3951 1643 4013 servatae
1706 3951 1859 4012 sunt
1916 3947 2089 4011 vitae
2148 3944 2241 4032 (p.
2292 3947 2414 4010 101
2474 3951 2540 4012 et

398 4217 448 4283 1)
488 4213 675 4278 Adde,
713 4213 862 4281 quod
900 4213 957 4267 in
996 4213 1151 4268 nullo
1191 4212 1381 4266 codice
1420 4211 1806 4266 desiderantur
1843 4209 2068 4265 articuli
2103 4210 2300 4264 literae
2339 4211 2408 4280 Ξ,
2445 4211 2541 4279 qui

249 4297 455 4350 desunt
482 4293 543 4347 in
564 4291 840 4361 violario,
880 4294 1030 4348 unde
1059 4293 1196 4348 olim
1231 4311 1402 4347 unum
1431 4293 1551 4346 eius
1577 4290 1772 4346 folium
1803 4289 2150 4345 intercidisse
2180 4289 2443 4360 suspicor.
