3025 4892
1101 184 1531 245 HESYCEJUS.
2331 186 2455 253 187

175 350 482 433 μαθητοῦ
534 350 658 416 τοῦ
701 352 905 433 Χίου,
963 340 1044 417 οὗ
1099 347 1501 429 διδάσκαλος
1548 339 1633 436 ἦν
1681 348 2103 437 Δημόκριτος
2150 345 2185 417 6
2228 345 2455 436 Ἀβδη*

173 462 362 541 ρίτης.
461 455 734 537 ἐδόξασε
783 455 857 523 δὲ
903 456 1114 543 μηδὲν
1162 455 1365 543 φύσει
1411 454 1693 545 αἰσχρὸν
1739 454 1782 544 ἢ
1830 454 2070 543 καλόν,
2116 454 2261 525 ἀλλ’
2314 462 2458 525 ἔθει

169 563 272 630 καὶ
317 562 530 653 νόμῳ.

335 671 814 739 DGLXXXIX.
863 670 1245 760 [Πύρρων
1283 670 1625 757 Φλιάσιος,
1672 670 2010 759 Τιμάρχου
2036 684 2212 758 παῖς,
2242 680 2457 758 μαθη-

167 774 276 863 τὴς
327 783 644 864 Τίμωνος
687 778 1117 865 φιλοσόφου.]
2486 798 2507 823 ¹'

337 886 594 954 DCXC.
679 894 755 953 Π
768 891 932 953 ωλί
943 912 1057 954 ων
1110 883 1146 954 6
1198 883 1486 965 Ἀσίνιος
1540 892 1974 975 χρηματίσας,
2048 886 2460 972 Τραλλιανὸς

167 991 488 1079 σοφιστὴς
543 994 654 1061 καὶ
710 992 1116 1081 φιλόσοφος,
1165 992 1661 1084 -Ισοφιστεύσας
1707 996 1780 1062 ἐν
1832 992 2044 1085 Ῥώμῃ
2110 994 2217 1062 ἐπὶ
2272 1002 2457 1081 Πομ·

163 1104 362 1186 πηίου
388 1105 517 1169 τοῦ
557 1100 886 1191 μεγάλουΙ
919 1103 1029 1169 καὶ
1069 1099 1542 1189 διαδεξάμενος
1578 1100 1703 1188 τὴν
1743 1100 1992 1189 σχολὴν
2031 1104 2457 1189 Τιμαγένους.

167 1211 458 1295 ἔγραψεν
521 1208 840 1297 ἐπιτομὴν
890 1212 1006 1296 τῆς
1067 1208 1444 1297 Φιλοχόρου
1492 1206 1829 1292 Ἀτθίδος,
1882 1208 1913 1299 ΙΙ
1952 1207 2460 1297 ἀπομνημονεύ-

164 1341 329 1399 ματα
370 1320 796 1383 Μουσωνίου
831 1319 954 1383 τοῦ
999 1314 1385 1401 φιλοσόφου
1403 1314 1470 1406 ΙΙ,
1518 1314 1836 1403 ἐπιτομὴν
1880 1319 2017 1385 τῶν
2065 1316 2461 1403 Διοφάνους
2488 1336 2539 1375 1⁰

165 1426 551 1511 γεωργικῶν
609 1422 682 1488 ἐν
736 1426 1022 1507 βιβλίοις
1076 1422 1168 1508 β’,
1223 1420 1392 1510 πρὸς
1430 1418 1887 1511 Ἀριστοτέλην
1934 1426 2083 1512 περὶ
2133 1423 2317 1517 ζῴων
2363 1431 2459 1511 βι-

165 1534 312 1612 βλία
383 1529 461 1615 ι’,
501 1529 516 1620 Ι
555 1530 707 1616 περὶ
753 1533 876 1597 τοῦ
931 1530 1261 1616 ἐμφυλίου
1314 1533 1430 1616 τῆς
1480 1527 1735 1617 Ῥώμης
1786 1531 2111 1618 πολέμου,
2177 1528 2259 1600 ὃν
2315 1532 2463 1601 ἐπο-

167 1638 465 1724 λέμησαν
515 1637 780 1724 Καῖσάρ
828 1663 896 1705 τε
943 1637 1052 1705 καὶ
1092 1636 1504 1727 ΠομπήιοςΙ.

338 1747 627 1813 DCXGI.
716 1753 791 1812 Π
796 1750 1052 1813 ωλίων
1108 1742 1576 1829 Ἀλεξανδρεὺς
1630 1743 1667 1813 6
1732 1736 2096 1836 Οὐαλέριος
2150 1750 2463 1834 χρηματί-

166 1869 314 1936 σας,
376 1852 755 1940 φιλόσοφος
809 1849 1101 1938 γεγονὼς
1156 1851 1262 1918 ἐπὶ
1313 1848 1704 1937 Ἀδριανοῦ,
1765 1844 1846 1922 οὗ
1900 1868 2053 1934 παῖς
2112 1856 2463 1941 Διόδωρος
2492 1874 2543 1914 15

165 1958 542 2046 φιλόσοφος
600 1957 636 2027 6
681 1956 942 2046 γράψας
987 1958 1298 2045 ἐξήγησιν
1345 1962 1480 2026 τῶν
1531 1962 1949 2047 ζητουμένων
1997 1960 2173 2048 παρὰ
2221 1975 2361 2041 τοῖς
2408 1960 2458 2029 ι’

163 2064 504 2153 ῥήτορσιν.
615 2071 861 2156 ἔγραψε
929 2064 1329 2153 συναγωγὴν
1389 2063 1699 2135 Ἀττικῶν
1766 2070 2008 2149 λέξεων
2060 2068 2224 2137 κατὰ
2290 2088 2461 2138 στοι-

168 2186 352 2257 χεῖον
399 2173 511 2241 καὶ
558 2172 726 2242 ἄλλα
769 2170 919 2240 τινὰ
967 2172 1327 2260 φιλόσοφα.

339 2280 662 2349 DCXGII.
761 2287 836 2346 Π
842 2285 1099 2348 ωλίων
1163 2275 1204 2367 ἢ
1271 2282 1676 2366 Πολ<λ>ίων
1740 2281 2201 2368 γραμματικός.
2311 2284 2461 2372 περὶ

163 2392 298 2454 τῶν
347 2386 530 2476 παρὰ
576 2387 847 2475 γράμμα
893 2384 1480 2475 ἁμαρτανομένων.
2490 2410 2541 2451 20

337 2497 690 2565 DCXOHI.
781 2504 857 2563 Π
870 2498 981 2563 ὦλ
1006 2522 1041 2563 ο
1066 2522 1098 2575 ς
1155 2493 1669 2585 Ἀκραγαντῖνος
1732 2498 1983 2588 ῥήτωρ,
2058 2501 2315 2585 μᾶλλον
2385 2498 2461 2568 δὲ

162 2762 296 2804 corr.
331 2766 461 2803 cum
491 2748 685 2802 Ionsio
714 2746 1012 2815 Menayius
1041 2744 1112 2799 ad
1141 2745 1306 2815 Diog.
1326 2745 1422 2816 IX,
1445 2752 1511 2802 58
1548 2742 1907 2819 Ἀλεξάνδρου
1937 2752 2019 2820 (et
2046 2750 2220 2817 Eud.)
2250 2751 2308 2805 et
2334 2754 2459 2818 Μη-

161 2827 447 2898 τρόδωρος
483 2824 514 2883 ὃ
548 2823 686 2900 'Apa
725 2826 856 2882 libri
985 2832 1010 2879 1
1053 2816 1122 2881 οὖ
1162 2857 1229 2866 -
1267 2826 1399 2881 exit.
1438 2844 1547 2883 om.
1578 2830 1729 2886 Eud.
1859 2838 1890 2885 2
1931 2828 2079 2885 εἶναι
2115 2832 2246 2900 post
2280 2828 2459 2901 μηδέν

158 2908 514 2965 intercidisse
553 2911 756 2979 putant
790 2908 1124 2979 Bernhardy
1151 2910 1211 2962 et
1245 2908 1415 2962 Daub

299 2988 685 3045 DCLXXXIX
724 3005 831 3043 om.
868 2988 1141 3043 Westerm.
1225 2987 1348 3042 Hoc
1402 2989 1715 3043 monstrum
1769 2991 2105 3046 narrationis
2162 3006 2281 3045 esse
2336 3006 2461 3059 per-

160 3072 346 3137 spexit
382 3071 743 3139 Bernhardy3
791 3069 876 3123 est
912 3068 1062 3122 enim
1105 3067 1294 3137 Τίμων
1335 3064 1598 3131 Φλιάσιος
1626 3101 1690 3109 -
1723 3067 1987 3139 μαθητὴς
2023 3067 2331 3140 Πύρρωνος
2370 3070 2459 3140 (cf.

157 3166 207 3203 V.
251 3153 486 3219 Τίμων).
563 3150 672 3205 Sed
719 3149 844 3217 quis
889 3148 1211 3218 peccaverit
1257 3148 1503 3203 dubium.
1588 3148 1846 3205 Ceterum
1893 3151 1960 3206 cf.
2008 3170 2060 3206 v.
2105 3146 2463 3213 Πολύευκτος

168 3230 225 3281 et
259 3234 502 3298 Χείρων.

306 3311 500 3367 DCXC
539 3312 689 3367 Eud.
724 3329 782 3380 p..
811 3316 931 3365 692.
990 3308 1069 3365 Cf.
1099 3328 1151 3363 v.
1188 3304 1413 3370 Ἀσίνιος
1450 3312 1509 3364 et
1536 3327 1678 3379 quae
1717 3311 1833 3365 dixi
1860 3310 2002 3367 Mus.
2029 3311 2206 3366 Rhen.
2227 3312 2463 3366 XXXVI

160 3406 212 3457 p.
244 3397 352 3446 317
477 3388 530 3445 '6
569 3391 822 3445 Πολλίων
860 3390 1133 3443 Kusterus
1280 3394 1309 3442 7
1349 3388 1417 3443 de
1456 3392 1645 3447 aetate
1684 3388 1924 3445 Romani
1968 3392 2019 3444 Ρ.
2062 3408 2242 3446 sermo
2284 3394 2372 3446 est-

164 3474 196 3522 8
234 3473 304 3526 cf.
345 3490 397 3526 v.
432 3469 750 3539 Τιμαγένης
868 3477 899 3525 9
942 3466 1283 3539 Φιλοχρόνου
1312 3473 1357 3520 V
1397 3467 1715 3537 Φιλοχώρου
1744 3476 1787 3521 Ε
1897 3470 1965 3523 de
2004 3470 2182 3524 altera
2211 3471 2461 3526 Atthidis
2542 3474 2547 3479 ’

164 3552 412 3620 epit-ome
449 3551 516 3605 cf.
555 3570 606 3605 v.
651 3547 950 3619 Φιλόχορος
1076 3546 1245 3619 άπομ.
1286 3554 1468 3607 Μουσ.
1510 3550 1583 3606 ad
1620 3550 1937 3612 Pollionem
1976 3550 2251 3605 iuniorem
2289 3553 2459 3619 perti·

162 3646 294 3687 nere
332 3631 476 3685 vidit
505 3632 754 3697 Ionsius,
791 3630 1051 3685 laudatus
1088 3648 1123 3684 a
1158 3631 1436 3685 Olintonio
1473 3630 1552 3683 III
1591 3650 1643 3699 p.
1676 3636 1779 3684 550
1955 3637 2018 3684 12
2059 3631 2298 3685 eundem
2336 3650 2459 3686 esse

162 3708 396 3775 librum,
431 3710 500 3765 de
529 3727 640 3779 quo
673 3710 870 3765 Suidas
900 3713 973 3778 (v.
998 3706 1242 3778 Ἀσίνιος)
1272 3714 1406 3763 Πολ.
1439 3740 1505 3748 —-
1537 3705 1781 3778 ἱστορίας
1800 3704 2115 3778 Ῥωμαϊκὰς
2153 3707 2459 3775 συνέταξεν

168 3784 227 3841 ἐν
267 3792 500 3859 βιβλίοις
539 3788 612 3856 ιζ’
653 3794 712 3845 et
747 3791 985 3846 Romani
1023 3808 1168 3859 esse,
1212 3807 1325 3844 non
1363 3789 1638 3844 Tralliani
1676 3791 2115 3845 observaverunt
2160 3790 2268 3844 viri
2306 3790 2457 3845 docti

307 3868 527 3925 DCXCI
567 3869 646 3924 Cf.
686 3889 738 3924 v.
781 3865 1067 3937 Διόδωρος
1192 3877 1257 3923 14
1295 3866 1324 3923 ὁ
1367 3870 1496 3924 add.
1537 3874 1582 3921 A
1714 3878 1777 3924 16
1817 3866 1868 3935 ζ’
1898 3875 1943 3922 V
2083 3876 2145 3923 17
2186 3869 2457 3924 Pollionis

166 3948 384 4006 lexicon
421 3950 717 4019 descripsit
753 3952 912 4007 Phot.
952 3951 1088 4007 bibl.
1125 3970 1179 4020 p.
1211 3958 1278 4005 99
1319 3952 1464 4019 (eod,
1500 3954 1649 4021 149),
1688 3951 1784 4006 ubi
1820 3951 2029 4020 legitur
2065 3953 2320 4005 Πολλίων

305 4030 548 4084 DCXCII
584 4030 733 4087 Eud.
772 4050 824 4101 p.
862 4037 963 4085 601
1148 4036 1212 4084 19
1252 4032 1475 4085 Πολίων
1523 4031 1655 4085 libri
1693 4032 1947 4085 Πολλίων
1985 4048 2122 4085 corr.
2160 4031 2451 4100 Καείενιιε,

169 4125 271 4164 om.
312 4111 464 4165 Eud.
541 4109 798 4165 Ceterum
845 4110 1157 4165 Pollionem
1206 4112 1634 4179 grammaticum
1684 4128 1796 4165 non
1842 4110 2123 4165 diversum
2168 4109 2337 4166 fuisse
2385 4114 2458 4167 ab

172 4191 521 4245 antecedenti
558 4189 895 4260 philosopho
934 4193 1085 4245 recte
1124 4192 1410 4259 perspexit
1443 4192 1776 4261 Bernhardy

304 4268 576 4323 DCXCIII
612 4272 761 4326 Eud.
792 4291 850 4341 p.
882 4278 1000 4325 592.
1044 4269 1122 4324 of.
1155 4270 1328 4325 schol.
1351 4272 1569 4326 Platon.
1594 4270 1670 4324 VI
1694 4289 1745 4339 p.
1769 4276 1891 4340 274,
1922 4271 2071 4339 quod
2100 4288 2167 4326 ex
2193 4271 2457 4328 Hermiae

172 4348 580 4404 commentariis
635 4350 858 4407 fluxisse
905 4349 1187 4405 intellexit
1235 4352 1532 4419 Mettauer‚
1590 4351 1658 4405 de
1707 4351 1878 4405 schol.
1920 4351 2067 4407 Plat.
2113 4370 2167 4423 p.
2209 4358 2291 4409 59.
2373 4353 2453 4409 cf.
