3025 4892
563 223 670 276 XX
1424 221 1994 279 PROLEGOMENA.

564 386 744 450 visus
797 408 966 469 sum,
1025 386 1195 470 quod
1244 386 1501 469 saepius
1552 384 1783 450 Suidas
1830 385 2327 469 grammaticam
2374 387 2663 472 glossam
2710 410 2867 452 con-

565 490 734 555 fudit
797 514 942 557 cum
1009 491 1462 576 biographica,
1526 493 1628 556 vel
1690 492 1929 556 addens
1997 494 2195 558 verba
2255 488 2509 576 ὄνομα
2574 492 2867 578 κύριον

566 595 674 685 (cf.
708 594 1095 677 Ἀππιανός,
1135 592 1581 681 Ἀρκεσίλαος,
1631 597 2103 681 Δικαιογένης,
2152 603 2219 664 K
2219 596 2597 684 οκκηιανός,
2648 600 2869 665 Μελέ-

563 729 789 789 αγρος,
837 705 1199 787 Μέλισσος,
1246 708 1667 788 Σιμπλίκιος,
1713 702 2030 790 Σκάμων,
2068 702 2404 790 Σώφιλος,
2446 707 2867 792 Φιλέταιρος,

565 811 938 896 Χαρίτων),
1003 813 1102 876 vel
1169 834 1389 876 casum
1453 812 1739 876 nominis
1814 813 2253 896 genetivum
2333 810 2445 898 (of.
2512 813 2869 897 Δέξιππος,

543 912 837 1001 Ἴστρος,
886 915 1080 982 Λέων
1126 919 1276 996 Βυζ.
1325 915 1446 1000 (P),
1491 912 1799 1001 Νύμφις,
1847 920 2103 1000 Χίλων,
2146 913 2531 1005 Ἀραρώςῑ),
2578 919 2867 984 fortasse

563 1009 946 1106 Γενέθλιος,
986 1021 1201 1106 Λέων,
1241 1019 1655 1106 Παλλάδιος,
1696 1020 2007 1108 Λαχάρης
2045 1024 2152 1107 [cf.
2180 1024 2387 1109 Daub,
2426 1025 2609 1092 Stud.
2637 1049 2698 1110 p.
2726 1027 2868 1106 60],

562 1129 904 1215 Χαρίτων)
953 1130 1054 1195 vel
1093 1129 1372 1194 adiciens
1411 1130 1695 1194 cuiusvis
1735 1130 1988 1214 generis
2029 1131 2381 1213 regulam
2430 1129 2540 1215 (cf.
2574 1127 2866 1218 Ἀρίων),

562 1236 666 1300 vel
704 1236 1036 1322 quidpiam
1075 1238 1152 1302 de
1187 1237 1451 1303 nomine
1489 1235 1703 1300 urbis
1743 1234 1852 1319 (of.
1880 1230 2129 1321 Ἱερόν.
2170 1233 2586 1322 Καρδιανός)
2628 1240 2728 1303 vel
2766 1240 2864 1302 in-

564 1365 751 1408 anem
800 1344 1084 1428 aliquam
1131 1344 1450 1422 voculam,
1499 1363 1663 1426 quae
1701 1342 1923 1408 deesse
1968 1343 2026 1406 ei
2064 1343 2407 1427 videretur,
2454 1344 2638 1410 velut
2680 1347 2865 1428 ἔφα-

564 1467 709 1514 σαν
757 1473 814 1515 v.
855 1445 1260 1533 Ἰσοκράτης,
1319 1445 1569 1532 ὄνομα
1620 1448 1722 1513 vel
1780 1443 2131 1532 τοῦνομα
2186 1473 2243 1513 v.
2286 1444 2658 1529 Ἰουλιανὸς
2711 1474 2871 1536 παρ.

553 1551 839 1640 Ἱπποκρ.
881 1559 1058 1639 Κῶς,
1096 1554 1448 1640 Πολέμων,
1494 1555 1645 1620 fort.
1678 1550 2037 1639 Ἀθήναιος
2063 1553 2178 1642 (Ῥ),
2218 1558 2588 1642 Πίνδαρος,
2628 1565 2868 1624 Πυθα-

561 1660 787 1749 γόρας,
827 1653 1061 1741 οὗτος
1104 1686 1162 1728 v.
1193 1649 1462 1745 Ἰάσων,
1511 1662 1638 1726 alia
1689 1685 1746 1726 v.
1787 1658 2121 1745 Λυγκεύς,
2170 1660 2581 1748 Μεσομήὸης
2630 1663 2737 1749 (cf.
2776 1666 2863 1730 ad

561 1793 620 1835 v.
672 1767 1007 1857 Φρύνιχος
1051 1794 1177 1854 τρ.,
1235 1771 1633 1853 Τυραννίων
1686 1793 1802 1851 νε.,
1855 1766 2275 1855 Φιλάγριος),
2325 1794 2718 1857 quamquam
2776 1775 2865 1838 ab

561 1876 875 1961 Hesychii
912 1899 1091 1942 more
1130 1877 1521 1960 discrepant,
1558 1876 1659 1940 vel
1707 1898 2033 1960 exponens
2083 1878 2217 1942 eius
2265 1899 2455 1961 quem
2495 1880 2871 1964 perlegerat

562 1983 713 2048 libri
751 1985 1092 2048 materiam
1133 1981 1215 2068 (v.
1240 1978 1610 2067 Ἰάμβλιχος
1648 1983 1757 2066 al.;
1806 1983 1884 2048 cf.
1914 1983 2077 2048 Mus,
2107 1983 2312 2049 Rhen.
2340 1985 2589 2050 XXXV
2619 2009 2680 2070 p.
2712 1989 2868 2072 202,

562 2114 622 2175 p.
663 2090 813 2155 204.
857 2089 1043 2176 seq.),
1109 2089 1211 2154 vel
1278 2090 1609 2174 corrigens
1671 2090 2019 2156 lectionem
2076 2092 2388 2157 traditam
2452 2091 2659 2158 altero
2717 2093 2868 2180 loco

563 2198 735 2262 male
790 2196 1147 2281 intellectO,
1209 2198 1385 2260 velut
1438 2220 1497 2260 v.
1555 2193 2023 2282 Πορφύριος
2086 2199 2324 2263 addens
2379 2198 2679 2283 Ἀμελίου
2739 2201 2869 2265 τοῦ

563 2308 630 2369 et
685 2304 1024 2387 μαθητοῦ,
1081 2324 1421 2388 perperam
1479 2302 1689 2366 relata
1742 2304 1973 2368 vocula
2021 2289 2104 2368 οὗ
2152 2304 2217 2368 in
2273 2329 2331 2372 V.
2369 2309 2719 2383 Πλωτῖνος
2781 2309 2864 2372 ad

562 2412 916 2495 Amelium,
963 2433 1128 2496 quae
1175 2410 1398 2493 potius
1437 2413 1691 2493 spectat
1738 2409 1819 2474 ad
1856 2408 2188 2475 Plotinum
2228 2410 2535 2496 (similem
2576 2437 2865 2480 errorem

561 2518 960 2585 admiserunt
1006 2516 1156 2582 Luc.
1203 2515 1587 2580 Holstenius
1640 2515 1717 2580 de
1762 2517 1877 2580 vit.
1921 2516 2240 2601 Porphyr.
2278 2540 2329 2584 c.
2375 2518 2472 2583 VI
2520 2524 2587 2584 et
2633 2525 2869 2586 Kuste-

561 2625 719 2708 rus).
812 2623 924 2687 Bis
980 2625 1112 2687 iam
1172 2625 1500 2686 erraverat
1558 2623 1624 2686 in
1691 2624 1907 2708 glossa
1972 2647 2029 2688 v.
2084 2619 2461 2709 Ἀμέλιος,
2526 2649 2717 2711 quam
2788 2649 2869 2692 ex

559 2729 928 2814 Porphyrio
975 2730 1207 2793 misere
1265 2728 1711 2795 conformavit.
1805 2729 1944 2805 Quo
2003 2730 2261 2816 saepius
2312 2731 2558 2797 factum
2607 2737 2735 2817 est,
2790 2738 2869 2798 ut

560 2836 986 2921 biographica
1050 2835 1270 2921 glossa
1334 2835 1609 2919 posthac
1677 2858 1944 2921 prorsus
2010 2838 2345 2903 evanuerit
2410 2839 2519 2925 (cf.
2563 2834 2864 2922 Ἀκύλας,

555 2939 923 3028 Ἀμειψίας,
999 2937 1367 3024 Ἀναξίλας,
1433 2937 1831 3026 ’Ἁντυλλος,
1910 2938 2357 3030 Ἀρκεσίλαος,
2434 2942 2869 3032 Δωσιάὸηςῖ)

562 3053 942 3134 Λωσίθεος,
1012 3045 1363 3133 Εὐγαίων,
1411 3048 1833 3133 Μελέαγρος,
1866 3044 2243 3135 Ὀνήσιμος,
2294 3047 2674 3130 Οὐλπιανὸς
2712 3057 2867 3133 Γαζ.

561 3155 1057 3244 Σιμπλίκιοςῧ),
1100 3154 1428 3240 Σκάμων,
1474 3153 1914 3239 Τουσκιανός,
1956 3156 2263 3242 Χαρίτων
2306 3158 2494 3240 [Eud.
2533 3183 2593 3224 v.
2633 3156 2870 3243 Δαμό-

563 3265 810 3348 ξενος].’
891 3265 1233 3330 Librorum
1283 3262 1481 3327 etiam
1528 3264 1820 3328 tabulam
1870 3264 2133 3330 omnino
2172 3265 2524 3330 desiderari
2574 3267 2673 3331 vel
2721 3289 2865 3331 mu·

553 3486 866 3542 'conflatam
913 3503 1032 3540 esse
1085 3497 1385 3539 censeam·
1447 3482 1616 3538 Cuius
1669 3486 1885 3553 partem
1932 3485 2179 3554 aliquam
2226 3487 2399 3542 verbo
2446 3487 2611 3540 tenus
2659 3484 2870 3542 Suidae

561 3566 865 3622 adhaerere
902 3566 1048 3620 vidit
1085 3565 1256 3620 etiam
1294 3563 1558 3630 Ausfeld,
1598 3564 1667 3629 de
1708 3563 1945 3633 Oppian.
1983 3583 2036 3633 p.
2071 3569 2136 3618 10
2175 3563 2348 3634 (Lips.
2384 3566 2559 3633 1876).

707 3651 758 3717 1)
794 3647 1028 3716 Legitur
1055 3645 1203 3700 enim
1230 3646 1290 3699 in
1319 3644 1548 3713 optimis
1577 3642 1735 3698 libris
1758 3638 1993 3712 Ἀραρὼς
2020 3643 2116 3699 καὶ
2146 3646 2396 3699 κλίνεται
2419 3639 2641 3714 Ἅραρῶ,
2672 3639 2869 3715 ὥσπερ

561 3724 779 3799 ἆμνοός,
817 3722 1004 3796 davni,
1043 3722 1262 3794 τυφώς,
1300 3718 1489 3792 τυφῶ,
1528 3739 1673 3791 quae
1712 3724 1886 3778 verba
1923 3724 2135 3780 delevit
2168 3724 2455 3780 Kusterus.

702 3809 757 3876 2)
798 3806 977 3872 Quam
1006 3804 1274 3875 ambigua
1303 3805 1378 3858 sit
1406 3805 1532 3858 tota
1558 3802 1697 3857 haec
1727 3803 1999 3871 quaestio,
2030 3821 2119 3859 me
2154 3821 2267 3859 non
2294 3803 2460 3874 fugit.
2505 3804 2869 3873 Quamquam

558 3888 652 3942 hic
689 3903 912 3957 quoque
949 3885 1144 3956 negari
1180 3883 1402 3953 nequit,
1441 3882 1716 3937 eiusmodi
1753 3883 1967 3953 glossas
2006 3885 2236 3939 mutilas
2272 3885 2516 3940 vitarum
2554 3901 2718 3954 posse
2746 3884 2865 3940 He-

559 3967 951 4036 sychianarum
998 3966 1238 4020 frustula
1293 3981 1438 4030 esse3
1493 3963 1685 4030 itaque
1739 3963 1941 4018 addere
2000 3981 2166 4033 quam
2225 3963 2484 4018 omittere
2540 3964 2731 4018 malui.
2792 3997 2864 4004 —

556 4048 856 4102 Praeterea
894 4049 1082 4102 autem
1122 4061 1342 4113 moneo,
1379 4059 1448 4098 ex
1476 4043 1553 4112 gl.
1587 4036 1863 4108 Ἰσίδωρος
1898 4040 2363 4114 πρεσβύτερος
2400 4042 2539 4098 duos
2570 4045 2865 4112 cognomi-

557 4130 720 4181 natos
759 4128 833 4182 ab
868 4126 1149 4196 Hesychio
1189 4123 1497 4194 descriptos
1535 4122 1705 4177 fuisse
1754 4123 1925 4188 effici,
1974 4140 2209 4192 quorum
2258 4124 2497 4178 alterum
2544 4125 2869 4193 neglexerit

559 4207 783 4273 Suidas,
819 4205 879 4262 id
916 4206 1069 4275 quod
1105 4203 1428 4274 saepissime
1466 4202 1679 4256 factum
1718 4218 1837 4256 esse
1873 4202 2033 4270 patet
2070 4201 2159 4269 (cf.
2200 4202 2271 4256 ad
2309 4220 2361 4258 v.
2401 4201 2713 4270 Μνασέας).

701 4291 756 4355 3)
795 4284 906 4340 Ubi
941 4303 1010 4340 ex
1045 4285 1234 4354 glossa
1260 4280 1631 4352 biographioa
1668 4283 1966 4350 supersunt
2002 4282 2171 4337 verba
2210 4279 2291 4353 [ὁ]
2334 4280 2673 4353 φιλόσοφος,
2712 4301 2867 4353 quae

558 4366 811 4436 plerique
850 4365 1191 4420 deleverunt.
