3025 4892
534 223 708 280 LXVI
1390 223 1960 284 PROLEGOMENA.

536 389 678 473 ipso
736 386 934 453 Suida
999 387 1347 472 adscripta.
1437 387 1658 455 Verba
1716 377 1911 467 οὗτος
1948 391 2080 475 seq'.
2136 394 2308 455 certe
2374 411 2452 454 ex
2512 388 2851 477 Sophron.

535 519 588 560 c.
622 496 702 560 13
748 517 788 559 a
833 494 1032 560 Suida
1076 495 1446 580 compilata.
1505 539 1522 555 .
2186 507 2220 536 ⁶

711 610 905 676 Aliae
943 633 1196 696 quoque
1225 611 1423 693 vitae,
1461 612 1643 676 velut
1670 611 1966 696 Damasi,
1996 611 2297 697 Dionysii
2326 612 2755 678 Alexandrini
2770 613 2849 698 ¹),

535 718 827 803 Eusebii,
884 717 1182 802 Gregorii
1237 717 1585 803 Theodori,
1642 718 1831 804 Greg.
1884 702 2265 804 Nyssensis,
2323 718 2563 785 Iustini
2626 720 2847 805 philo-

537 823 751 908 sophi,
799 824 966 890 Iusti
1011 824 1412 890 Tiberiensis
1466 825 1690 890 eadem
1740 826 1817 889 de
1856 848 2051 890 causa
2090 827 2171 891 ab
2210 825 2543 910 Hesychio
2588 827 2845 912 partim

537 920 612 994 ex
660 928 1021 1015 Sophronio
1069 931 1427 1016 descriptae
1475 931 1775 996 videntur
1822 952 1988 1015 esse,
2038 953 2223 1016 quaS,
2276 955 2420 997 cum
2478 955 2610 997 non
2668 935 2843 998 satis

537 1035 616 1102 de
662 1057 740 1101 ea
784 1059 852 1101 re
899 1041 1180 1122 constet,
1226 1038 1553 1122 in-medio
1601 1038 1983 1122 relinquam.

712 1150 963 1236 Restat,
1011 1156 1086 1216 ut
1131 1153 1577 1237 quaestionem
1624 1154 2063 1240 instituamus,
2108 1176 2233 1238 quo
2282 1177 2360 1219 ex
2406 1157 2611 1221 altero
2650 1155 2843 1220 fonte

535 1259 716 1323 iuxta
744 1257 1179 1343 Sophronium
1209 1258 1577 1343 Hesychius
1609 1283 1726 1324 sua
1756 1260 1837 1324 ad
1867 1261 2037 1324 vitas
2067 1263 2405 1326 auctorum
2446 1261 2844 1326 ecclesiasti-

538 1381 762 1429 corum
810 1366 1262 1431 describendas
1310 1366 1621 1431 hauserit.
1714 1366 1931 1451 Atque
1979 1369 2107 1431 iam
2146 1367 2310 1432 Mus.
2349 1367 2551 1432 Rhen.
2580 1367 2843 1432 XXXV

537 1492 598 1555 p.
633 1473 756 1536 199
780 1494 909 1557 seq.
971 1473 1296 1540 Theodori
1345 1473 1669 1556 LectoriS‚
1717 1474 2053 1558 scriptoris
2102 1476 2442 1540 clarissimi
2491 1473 2603 1560 (cf.
2640 1475 2842 1541 Phot.

538 1578 707 1642 bibl:
731 1601 792 1664 p.
830 1577 1018 1665 222),
1083 1579 1420 1645 historiam
1482 1581 2016 1665 ecclesiasticam,
2074 1603 2267 1665 quam
2322 1582 2541 1647 laudet
2598 1580 2842 1647 Suidas

428 1695 454 1704 ““
538 1707 594 1749 v.
664 1682 1020 1769 Διόδωρος
1091 1683 1404 1771 μονάζων
1476 1685 1942 1772 (fragmentum
2016 1691 2195 1752 extat
2277 1689 2343 1752 in
2420 1689 2513 1752 ed.
2579 1689 2843 1754 Valesii

372 3097 532 3176 §11

537 1813 599 1875 p.
637 1792 766 1874 569
791 1815 941 1877 seq„
989 1793 1226 1880 Migne,
1263 1792 1510 1859 Patrol.
1539 1792 1892 1877 LXXXVI,
1935 1797 1964 1858 1
2001 1817 2059 1880 p.
2090 1790 2281 1879 215),
2322 1793 2569 1860 fontem
2623 1794 2843 1880 Hesy-

539 1899 668 1962 chii
713 1897 954 1965 Milesii
999 1901 1068 1965 in
1116 1901 1266 1964 vitis
1310 1901 1813 1966 christianorum
1852 1905 2186 1967 auctorum
2202 1898 2276 1986 ²),
2323 1902 2435 1985 qui
2472 1905 2623 1985 post
2660 1899 2841 1967 Con-

539 2005 810 2071 stantini
861 2010 1140 2071 aetatem
1188 2007 1512 2090 vixerunt,
1569 2006 1771 2072 fuisse
1820 2008 2187 2092 suspicatus
2245 2029 2415 2091 sum,
2481 2008 2649 2091 quod
2706 2008 2841 2072 hac

539 2111 980 2195 disputatione
1045 2113 1285 2177 certius
1351 2112 1671 2178 redditum
1738 2134 1881 2178 esse
1950 2114 2219 2179 confido.
2319 2112 2492 2178 Nam
2552 2135 2693 2178 cum
2757 2136 2840 2178 ex

538 2218 655 2282 illa
699 2221 834 2284 vita
869 2218 1287 2304 Hesychiana
1326 2218 1738 2284 Theodorum
1777 2219 2111 2285 Lectorem
2158 2221 2226 2283 in
2262 2219 2605 2284 historiam
2644 2243 2838 2284 suam

540 2325 1023 2392 accuratissime
1098 2327 1295 2392 etiam
1368 2326 1684 2391 librorum
1751 2327 2009 2391 tabulas
2076 2326 2400 2390 derivasse
2466 2327 2836 2411 concludaS,

540 2431 937 2516 Hesychium
988 2437 1054 2498 et
1101 2432 1450 2518 Sophronii
1508 2436 1575 2497 et
1626 2437 1965 2517 praeterea
2012 2431 2333 2498 Theodori
2389 2430 2680 2498 Lectoris
2738 2433 2831 2497 in-

539 2539 710 2605 dices
787 2541 1172 2625 compilasse
1238 2563 1352 2625 per
1415 2562 1481 2604 se
1548 2540 1813 2624 patebit.
1924 2538 2242 2604 Omnibus
2309 2539 2479 2603 enim
2544 2539 2612 2604 in
2676 2539 2836 2604 vitis

538 2647 950 2730 potissimum
998 2647 1159 2712 duos
1203 2647 1520 2712 librorum
1567 2645 1810 2710 indices
1848 2647 2203 2730 permixtos
2245 2650 2310 2710 et
2347 2645 2647 2711 confusos
2688 2669 2834 2711 esse

542 2758 830 2837 apparet.
881 2753 1232 2819 Cuiusnam
1263 2753 1759 2837 autem-generis
1800 2759 2094 2818 auctores
2124 2753 2597 2818 ecclesiasticos
2626 2752 2835 2838 Hesy-

538 2857 724 2922 chius
780 2860 849 2923 in
903 2860 1281 2940 lexico-suo
1337 2882 1467 2924 non
1513 2859 1951 2945 neglegendos
2000 2880 2138 2924 esse
2186 2859 2531 2944 censuerit,
2586 2860 2716 2925 iam
2765 2861 2837 2924 in

537 2966 752 3050 primo
801 2965 1315 3052 Prolcgomenon
1361 2966 1576 3049 capite
1624 2967 1911 3050 exposui.

716 3083 955 3147 Mirum
1019 3081 1290 3166 denique
1345 3081 1598 3147 videtur
1656 3103 1822 3165 esse,
1890 3079 2060 3164 quod
2116 3079 2313 3144 etiam
2367 3082 2835 3148 nonnullorum

539 3187 1051 3254 Romanorum
1101 3192 1498 3254 auctorum
1546 3188 1715 3256 vitas
1753 3186 2117 3272 Hesychius
2162 3187 2364 3252 lexico
2414 3211 2532 3254 suo
2576 3189 2839 3273 biogra-

539 3295 732 3378 phico
787 3295 1084 3380 inseruit,
1140 3316 1531 3380 quamquam
1580 3317 1647 3359 se
1694 3293 1974 3360 Graecos
2022 3298 2279 3359 tantum
2328 3317 2468 3359 esse
2514 3298 2835 3362 tractatu-

540 3423 682 3466 rum
749 3403 928 3468 nullo
986 3405 1130 3468 loco
1187 3402 1631 3490 praedicavit..
1704 3398 1871 3465 Sunt
1927 3405 2143 3466 autem
2194 3395 2483 3478 Ἀσίνιος
2538 3403 2838 3465 Πωλίων

543 3507 654 3593 (cf.
691 3507 1041 3595 Πωλίων),
1098 3503 1491 3592 Αὔγουστος
1537 3512 1834 3592 Καῖσαρ,
1895 3503 2183 3594 Βάρρων
2235 3506 2337 3594 (de
2385 3530 2511 3593 quo
2557 3507 2650 3572 nil
2698 3530 2837 3572 om-

539 3615 695 3680 nino
743 3620 1016 3701 constat,
1063 3617 1191 3680 nisi
1237 3616 1539 3680 mendum
1585 3615 1652 3678 in
1698 3615 1958 3679 nomine
2004 3612 2227 3700 latet),
2265 3616 2585 3698 Βροῦτος,
2632 3609 2841 3690 Γάϊος

537 3715 816 3799 Ἰούλιος
860 3727 1159 3808 Καῖσαρ,
1209 3719 1413 3798 Γάϊος
1458 3726 1763 3806 Καῖσαρ,
1811 3717 2076 3798 Εὔοδος
2111 3715 2389 3803 Ῥόδιος,
2437 3715 2839 3804 Εὖτρόπιος,

541 3832 805 3913 Καῖσαρ
869 3829 1198 3916 Τιβέριος,
1263 3825 1693 3906 Κλαυὸιανὸς
1742 3822 2239 3912 Ἀλεξανδρεύς,
2317 3824 2742 3913 Τράγκυλλος
2797 3822 2835 3892 ὁ

541 3932 1003 4019 Σουητώνιος,
1050 3959 1204 4002 nam
1248 3934 1577 4000 Iuvenalis
1624 3937 1828 4001 vitam
1877 3958 1912 4000 e
1957 3935 2239 4000 Malalae
2284 3934 2609 4018 historiiS,
2655 3932 2839 3999 Cice-

687 4132 740 4197 1)
787 4129 872 4184 De
915 4130 1024 4182 hoc
1069 4130 1188 4184 iure
1234 4127 1456 4184 dubites
1504 4129 1633 4186 coll.
1673 4129 1841 4200 Soph.
1880 4146 1927 4183 c.
1966 4134 2052 4182 69.
2102 4159 2169 4168 -
2217 4127 2456 4182 Omnino
2493 4125 2837 4196 Hesychium

542 4213 799 4264 auctores
836 4210 1246 4265 ecclesiasticos
1282 4210 1554 4264 tractasse
1592 4213 1768 4279 negat
1803 4210 1988 4279 Daub,
2029 4208 2187 4263 stud.
2224 4226 2279 4276 p.
2312 4213 2430 4261 130.

682 4292 737 4358 2)
776 4289 862 4345 De
897 4290 1094 4344 eodem
1131 4306 1279 4343 nunc
1316 4287 1384 4342 cf.
1427 4289 1706 4360 Sarrazin,
1746 4291 1815 4343 de
1852 4288 2147 4344 Theodoro
2176 4288 2435 4354 Lectore,
2474 4286 2838 4354 Theophanis

541 4369 698 4454 fonte
731 4369 1061 4440 praecipu0‚
1099 4369 1160 4423 in
1197 4369 1406 4423 Comm.
1446 4369 1584 4438 phil.
1623 4374 1738 4429 Ien.
1778 4391 1830 4441 p.
1864 4373 1967 4425 165
1994 4384 2107 4436 seq.
