3025 4892
1075 219 1645 277 PROLEGOMENA.
2382 216 2403 238 ⁰
2436 225 2511 281 XI

212 384 499 468 gistrum
547 381 906 472 (mortuum
949 407 1000 450 c.
1037 405 1094 451 a.
1131 384 1319 468 560),
1365 383 1791 452 Laurentium
1839 385 2085 470 Lydum
2126 386 2207 474 (c.
2246 411 2302 453 a.
2330 387 2513 476 565),

212 491 577 576 Agathiam
633 489 714 578 (c.
765 512 820 554 a.
868 487 1056 577 582),
1117 489 1543 556 Eustathium
1597 491 2125 577 Epiphanensem
2180 499 2247 560 et
2308 496 2513 564 'Pheo-

213 599 448 663 dorum
483 598 822 664 Lectorem
837 593 889 684 1)
935 596 1140 662 fuisse
1184 619 1376 664 nemo
1426 602 1528 664 est
1574 599 1687 683 qui
1731 602 1951 686 neget,
1998 602 2386 686 quamquam
2435 604 2511 670 de

209 705 544 770 nonnullis
603 706 970 789 nuperrime
1037 704 1358 770 dubitavit
1415 705 1638 792 Daub,
1694 704 1875 772 Stud.
1919 730 1982 791 p.
2034 708 2161 774 152
2212 712 2373 793 not.;
2433 711 2511 776 de

209 811 570 877 Menandro
611 809 1264 895 autemProtectore,
1312 810 1805 898 Theophylacto
1853 811 2237 900 Simocatta,
2281 814 2511 882 Paulo-

211 942 338 1004 que
384 919 706 1006 Aegineta
747 940 852 984 res
900 941 1032 984 non
1079 919 1240 984 satis
1279 923 1553 986 constat.
1627 920 1857 1007 Itaque
1905 925 2018 988 aut
2064 927 2335 988 exeunte
2374 945 2511 988 sae-

209 1026 362 1091 culo
421 1031 606 1092 sexto
667 1031 782 1092 aut
843 1026 1106 1091 ineunte
1171 1027 1448 1111 septimo
1501 1026 1870 1112 Hesychius
1930 1029 2093 1094 vixit
2150 1030 2511 1114 imperante

209 1133 561 1219 Mauricio,
605 1155 734 1218 quo
780 1137 1002 1198 tamen
1045 1133 1186 1198 fieri
1229 1137 1478 1219 potest,
1532 1138 1607 1199 ut
1652 1135 1957 1200 extremis
2003 1135 2347 1202 Iustiniani
2391 1137 2509 1201 im-

207 1241 537 1324 peratoris
583 1241 772 1305 annis
807 1243 1000 1305 natus
1050 1240 1138 1304 sit
1181 1236 1264 1327 (c.
1311 1263 1368 1306 a.
1409 1239 1589 1326 560).
1604 1237 1657 1328 2)

391 1346 530 1413 Nec
572 1347 764 1432 plura
810 1347 912 1412 vel
961 1348 1238 1415 certiora
1281 1347 1360 1413 de
1405 1347 1659 1414 familia
1694 1349 2008 1435 Hesychii
2056 1354 2282 1416 extant
2317 1351 2509 1416 vesti-

207 1455 338 1540 gia.
428 1453 602 1519 Nam
649 1476 796 1519 cum
839 1457 1028 1538 pater
1083 1455 1220 1520 eius
1265 1453 1634 1540 Hesychius
1695 1456 2057 1523 causidicus
2111 1479 2377 1541 prorsus
2424 1458 2512 1522 sit

203 1562 507 1648 ignotus,
553 1561 784 1628 matris
831 1583 1069 1627 nomen
1113 1565 1559 1647 Φιλοσοφίας,
1609 1563 1779 1649 quod
1826 1564 2233 1629 tradideram,
2276 1561 2511 1629 Suidae

201 1667 364 1732 libri
411 1665 678 1734 ABVE
729 1665 988 1752 (Σοφία
1034 1667 1146 1733 rel.
1195 1671 1260 1732 et
1304 1669 1479 1754 vulg.
1522 1667 1747 1756 Phot.)
1807 1675 1873 1735 et
1916 1669 2104 1737 Phot.
2152 1670 2289 1736 cod.
2340 1669 2511 1757 69³),

201 1796 530 1859 nusquam
579 1774 882 1859 occurrit,
933 1775 1354 1860 quamobrem
1402 1777 1958 1862 suspectissimum
1996 1777 2160 1844 illud
2198 1798 2339 1843 esse
2377 1777 2511 1862 opi·

201 1903 347 1946 nor.
360 1880 414 1969 ⁴)
487 1881 882 1967 Hesychium
923 1885 1168 1966 autem,
1217 1880 1439 1947 Iacobi
1476 1884 1710 1949 medici
1746 1887 2029 1969 patrem,
2072 1884 2311 1952 Leonis
2348 1882 2507 1970 (457

207 1989 384 2053 —47
389 1985 460 2074 4)
501 1989 862 2074 aequalem.
894 1987 1111 2054 Procli
1139 1991 1208 2054 et
1237 1987 1474 2054 Isidori
1503 1986 1613 2076 (cf.
1643 1989 1819 2056 Suid.
1846 2015 1910 2058 v.
1940 1986 2282 2076 Ἰάκωβος;
2319 1990 2511 2056 Phot.

203 2093 367 2159 bibl.
411 2117 472 2178 p.
518 2095 677 2180 344)
737 2082 963 2160 eadem
1015 2094 1094 2158 de
1158 2093 1410 2160 familia
1468 2096 1849 2163 descendere
1905 2097 2240 2164 haesitans
2304 2099 2511 2182 suspi-

201 2205 395 2266 catus
452 2223 596 2266 sum
654 2199 820 2266 Mus.
866 2199 1070 2266 Rhen.
1117 2200 1158 2266 l.
1203 2222 1282 2285 c.,
1336 2223 1456 2266 nec
1511 2202 1723 2268 minus
1778 2202 2174 2288 Hesychium
2231 2205 2509 2270 alterum

205 2307 748 2392 Alexandrinum,
808 2307 922 2392 qui
979 2306 1369 2392 glossarium
1431 2307 1721 2393 scripsit,
1784 2299 1881 2374 ita
1944 2314 2017 2375 ut
2076 2304 2407 2395 Εὐλόγιος
2471 2305 2508 2376 ὁ

207 2410 610 2499 φιλόσοφος,
657 2415 762 2480 cui
803 2414 916 2478 ille
955 2413 1349 2498 glossarium
1387 2414 1595 2498 misit,
1638 2436 1770 2480 non
1816 2416 2109 2482 diversus
2156 2417 2244 2482 sit
2290 2417 2371 2481 ab
2415 2438 2511 2500 eo,

207 2544 403 2606 quem
449 2520 744 2586 laudavit
787 2518 1084 2586 Malchus
1131 2521 1202 2584 in
1248 2519 1500 2586 Muller.
1547 2521 1623 2586 fr.
1668 2520 1820 2586 hist.
1866 2521 1962 2588 IV
2008 2547 2071 2608 p.
2111 2524 2258 2588 114.

205 2691 468 2758 peratore
505 2687 589 2742 ita
625 2703 938 2742 sermonem
976 2703 1124 2754 esse,
1161 2689 1430 2755 tanquam
1466 2705 1611 2742 unus
1648 2690 1871 2744 tantum
1910 2689 2029 2744 eius
2056 2689 2297 2745 nominis
2332 2687 2507 2759 impe-

199 2771 364 2823 rator
398 2767 592 2837 fuerit,
629 2768 781 2836 quod
819 2767 1020 2822 deceat
1055 2767 1423 2836 Hesychium,
1470 2784 1583 2822 non
1622 2767 1870 2823 Suidam.
1944 2771 2020 2824 At
2067 2787 2193 2826 cum
2239 2787 2289 2824 v.
2331 2765 2506 2823 Νικό·

207 2854 348 2910 λαος
384 2845 567 2919 ῥ’ήτωρ
605 2847 938 2918 allegaverit
975 2843 1069 2903 ἐπὶ
1107 2847 1350 2910 Λέοντος
1397 2847 1669 2921 βασιλέως
1714 2849 1815 2904 τοῦ
1862 2849 2247 2924 πρεσβυτέρου
2292 2847 2507 2903 nullam

199 2930 295 2985 illi
342 2932 670 3000 argumento
718 2931 834 2984 vim
871 2931 1160 2985 inhaerere
1198 2931 1362 2998 puto,
1402 2945 1529 2983 cum
1568 2929 1787 2984 codices
1827 2929 1927 2984 τοῦ
1964 2927 2309 3003 πρεσβύτου,
2348 2946 2509 3000 prae·

198 3011 404 3078 beant,
441 3010 912 3078 quemadmodum
953 3009 1127 3064 etiam
1163 3008 1291 3063 aliis
1327 3009 1571 3063 vitarum
1607 3009 1745 3064 locis
1782 3009 1842 3063 in
1877 3011 2171 3078 utramque
2207 3009 2508 3064 lectionem

203 3089 571 3144 dissentiunt·
620 3089 689 3146 cf.
729 3089 802 3144 ad
840 3107 892 3146 v.
936 3084 1236 3158 Ἰσίδωρος,
1285 3083 1579 3162 Λιβᾶνιος,
1625 3091 2086 3160 Μελανιππίδης,
2130 3086 2507 3160 Παγκράτιος,

202 3171 552 3235 Παναίτιος,
594 3166 916 3237 Φερεκύδης
946 3162 1056 3224 Ἀθ.

356 3250 406 3319 1)
446 3249 803 3305 Theodorum
839 3250 912 3304 ab
941 3248 1242 3304 Eustathio
1281 3250 1468 3303 aetate
1505 3248 1677 3318 paulo
1708 3249 1958 3317 superari
1997 3248 2181 3303 discas
2219 3265 2287 3302 ex
2318 3247 2506 3302 Sarra-

199 3327 344 3396 zini,
382 3328 451 3383 de
489 3327 697 3383 Theod.
727 3326 879 3384 Lect.
911 3328 1042 3384 diss.
1072 3347 1126 3398 p.
1158 3313 1264 3384 218
1302 3327 1362 3382 in
1391 3325 1602 3383 Comm.
1633 3329 1745 3383 Ien.
1776 3329 1949 3398 (Lips.
1983 3331 2156 3398 1881)
2222 3326 2507 3382 Eustathii

200 3408 356 3462 enim
387 3407 626 3462 historia
654 3424 703 3461 a.
729 3412 832 3462 502
862 3409 1284 3478 terminabatur,
1314 3407 1596 3463 Theodori
1625 3425 1674 3463 a.
1698 3412 1803 3463 518
1834 3409 1923 3464 vel
1948 3407 2239 3478 posterius.
2280 3406 2359 3462 cf.
2372 3407 2506 3462 Vos,

197 3489 338 3543 hist.
367 3485 458 3542 Gr.
488 3505 542 3557 p.
573 3493 679 3542 320
707 3486 883 3542 West.
921 3490 980 3544 et
1015 3489 1226 3544 Malala
1261 3508 1314 3559 p.
1346 3494 1468 3553 399,
1499 3494 1551 3557 3,
1590 3489 1687 3557 qui
1721 3489 1883 3544 testis
1919 3488 2297 3544 nobilissimus
2332 3489 2433 3544 est.

350 3570 404 3636 2)
441 3567 527 3622 De
563 3567 670 3621 hac
708 3583 769 3620 re
805 3567 1164 3623 consentiunt
1197 3569 1413 3636 Rohde‚
1450 3569 1589 3623 Mus.
1620 3569 1795 3624 Rhen.
1826 3567 2061 3623 XXXIV
2096 3586 2151 3638 p.
2182 3575 2285 3624 563
2315 3571 2428 3624 not.
2457 3574 2507 3635 1,

197 3646 385 3715 Daub,
415 3645 572 3701 Stud.
604 3665 657 3716 p.
700 3652 798 3700 151
829 3664 961 3716 seq„
990 3647 1199 3718 Maass‚
1231 3648 1414 3718 Biogr.
1445 3666 1499 3717 p.
1526 3653 1628 3702 114
1656 3650 1773 3703 not.
1800 3647 1970 3717 (Phil.
2004 3648 2505 3718 Untersuchungen

194 3722 320 3796 ΠΙ).
352 3756 419 3764 -
450 3725 712 3784 Ceterum
750 3725 1041 3783 occasione
1070 3727 1206 3782 data
1231 3744 1458 3796 monce,
1497 3727 1963 3783 Plutarcheorum
1991 3728 2323 3798 scriptorum
2354 3732 2505 3783 cata-

197 3809 414 3877 logum,
452 3805 550 3874 qui
577 3806 874 3876 Lampriae
902 3807 1126 3863 nomine
1153 3808 1454 3878 gloriatur,
1488 3825 1615 3863 cum
1644 3808 1902 3863 laudetur
1930 3808 2000 3862 ab
2029 3807 2307 3878 Hesychio
2322 3849 2337 3876 ‚
2374 3811 2505 3864 ante

193 3885 323 3940 eius
351 3887 618 3954 aetatem,
646 3886 689 3940 i.
708 3903 755 3942 e.
777 3889 945 3942 tertio
973 3887 1064 3942 vel
1084 3891 1284 3957 quarto
1305 3889 1551 3957 saecule,
1578 3889 1947 3958 compositum
1970 3905 2102 3945 esse.
2140 3891 2314 3944 Recte
2332 3887 2507 3958 igitur

197 3964 482 4022 iudicavit
505 3966 671 4034 Treu,
699 3967 840 4022 fiber
867 3968 920 4024 d.
951 3984 1068 4038 sog.
1101 3969 1621 4038 Lampriascatalog
1650 3987 1703 4038 p.
1734 3975 1801 4023 53
1833 3985 1946 4038 seq.
1978 3969 2298 4040 (Waldenb.
2322 3971 2503 4038 1873).

345 4049 402 4116 3)
441 4046 596 4102 Idem
632 4047 921 4103 revocavit
956 4047 1161 4102 Mfiller
1197 4041 1414 4106 duobus
1452 4051 1595 4106 locis
1632 4050 1812 4106 Gloss.
1850 4050 2001 4106 verb.
2039 4049 2177 4104 iuris
2212 4049 2273 4102 in
2311 4049 2502 4106 Otton.

200 4127 372 4182 Thes.
409 4126 514 4180 iur.
551 4124 630 4180 III
665 4145 722 4196 p
754 4131 892 4182 1818
931 4128 991 4182 et
1029 4134 1193 4198 1794,
1240 4131 1439 4198 quibus
1487 4133 1659 4186 autea
1706 4131 1999 4200 legebatur
2045 4125 2076 4185 ὅ
2116 4127 2505 4200 φιλοσοφήσας

199 4207 306 4276 τῆς
341 4202 642 4356 Μιλίῃσίας.

467 4304 568 4357 pse
605 4287 825 4342 tentavi
859 4289 1000 4342 Mus.
1040 4289 1216 4344 Rhen.
1256 4290 1462 4344 XXXV
1498 4309 1553 4360 p.
1584 4297 1687 4345 231
1728 4291 1843 4344 not.
1884 4285 2009 4352 υἱὸς
2048 4283 2309 4359 Ησυχίου
2348 4294 2503 4360 δικη·

199 4365 379 4438 γάρου
419 4367 519 4421 καὶ
556 4363 902 4439 φιλοσόφου,
941 4369 1133 4437 Daub,
1171 4370 1332 4428 stud.
1367 4388 1422 4440 p.
1453 4377 1487 4424 4
1525 4372 1634 4426 δικ.
1676 4368 1774 4423 καὶ
1810 4371 2150 4439 φιλοσοφίας
2187 4368 2471 4442 νέμοντος.
