3025 4892
1171 182 1600 240 HESYcfflUS.
2397 190 2527 254 229

217 346 547 427 Λημνίου
593 346 952 428 σοφιστοῦ,
1007 342 1119 409 καὶ
1165 341 1370 422 αὐτὸς
1414 343 1725 433 δεύτερος
1770 347 2121 434 σοφιστής,
2178 352 2527 436 σοφιστεύ-

213 466 358 527 σας
407 452 474 517 ἐν
516 445 860 535 Ἀθήναις,
916 446 1055 518 εἶτα
1103 451 1176 517 έν
1213 445 1463 539 Ῥώμῃ,
1522 452 1628 519 ἐπὶ
1675 453 1992 541 Σεβήρου
2036 460 2160 523 τοῦ
2204 460 2527 540 βασιλέως

207 556 340 622 καὶ
417 558 535 636 ἕως
608 562 961 625 Φιλίππου.
1073 562 1318 645 ἔγραψε
1390 560 1689 645 μελέτας,
1764 559 2111 640 ἐπιστολὰς
2188 563 2525 649 ἐρωτικάς,

211 662 496 741 εἰκόνας
541 661 692 749 ἤτοι
730 661 1082 750 ἐκφράσεις
1118 664 1192 731 ἐν
1229 668 1517 749 βιβλίοις
1556 662 1647 751 δ’,
1694 668 2028 753 διαλέξεις,
2065 665 2259 754 αἶγας
2294 665 2335 755 ἢ
2373 672 2524 754 περὶ

209 768 478 855 αὐλοῦ,
519 767 973 838 Ἀπολλωνίου
1016 774 1169 857 βίον
1223 774 1347 839 τοῦ
1402 771 1712 851 Τυανέως
1768 772 1838 840 ἐν
1886 778 2175 859 βιβλίοις
2219 774 2312 861 η’,
2370 772 2577 861 dyo-⁵

209 876 394 963 ράν,
449 874 774 965 ἡρωικόν,
835 881 1028 963 βίους
1074 880 1415 964 σοφιστῶν
1465 879 1538 945 ἐν
1584 883 1871 965 βιβλίοις
1918 879 2007 965 δ’,
2063 880 2523 1000 ἐπιγράμματα

207 982 340 1049 καὶ
391 981 560 1051 αλλα
603 981 775 1051 τινά.
864 981 1040 1069 πλὴν
1083 986 1346 1069 πρῶτος
1392 980 1647 1069 ὀφείλει
1694 992 1979 1052 κεῖσθαι.

406 1091 856 1158 DCCOXLVI.
945 1089 1491 1177 Φιλόστρατος
1556 1087 1593 1157 ὁ
1648 1093 1937 1176 πρῶτος,
1996 1091 2319 1181 Λήμνιος,
2374 1093 2524 1175 υίὸς

207 1196 491 1282 Βήρου,
547 1194 759 1283 πατὴρ
823 1194 898 1264 δὲ
952 1198 1072 1264 τοῦ
1122 1197 1441 1280 δευτέρου
1491 1196 1986 1285 Φιλοστράτου,
2048 1199 2367 1287 σοφιστὴς
2411 1204 2521 1270 καὶ
2594 1252 2602 1261 -

205 1302 448 1389 αὐτός,
478 1302 922 1389 σοφιστεύσας
951 1304 1025 1369 ἐν
1046 1300 1384 1389 Ἀθήναις,
1413 1300 1706 1388 γεγονὼς
1734 1304 1839 1371 ἐπὶ
1868 1306 2205 1393 Νέρωνος.
2272 1313 2518 1397 ἔγραψε
2548 1329 2599 1368 1⁰

209 1410 474 1496 λόγους
537 1407 1036 1497 πανηγυρικοὺς
1099 1415 1448 1489 πλείστους
1511 1411 1623 1477 καὶ
1687 1408 1932 1497 λόγους
1989 1410 2523 1495 Ἐλευσινιακοὺς

205 1518 316 1603 δ’,
359 1518 652 1605 μελέτας,
693 1516 1057 1603 ζητούμενα
1096 1514 1273 1604 παρὰ
1300 1529 1440 1596 τοῖς
1468 1516 1768 1604 ῥήτορσι,
1808 1520 2163 1606 ῥητορικὰς
2192 1518 2521 1609 ἀφορμάς,

205 1626 375 1714 περὶ
421 1629 544 1693 τοῦ
572 1621 903 1710 ὀνόματος
941 1622 1108 1712 (ἔστι
1165 1621 1239 1695 δὲ
1285 1621 1453 1709 πρὸς
1496 1620 1619 1689 τὸν
1668 1622 1995 1711 σοφιστὴν
2039 1624 2521 1718 Ἀντίπατρον),

201 1732 373 1820 περὶ
412 1718 784 1821 τραγῳδίας
819 1733 1046 1816 βιβλία
1094 1726 1183 1813 γ’,
1229 1726 1709 1817 Ιγυμναστικόν
1758 1729 1927 1821 (ἔστι
1974 1730 2050 1798 δὲ
2086 1736 2235 1820 περὶ
2271 1738 2406 1802 τῶν
2446 1737 2519 1802 ἐν
2558 1717 2567 1727 ’

194 1836 538 1928 Ὀλυμπίᾳ
593 1834 1206 1924 ἐπιτελουμένων)Ι,
1261 1835 1797 1921 λιθογνωμικόν,
1852 1839 2164 1924 Πρωτέα,
2219 1838 2419 1908 Κύνα
2476 1838 2600 1928 ἢιι

201 1944 588 2032 σοφιστήν,
636 1942 1009 2035 ΙΝέρωναΙ,
1057 1941 1345 2029 Θεατήν,
1393 1947 1767 2033 τραγῳδίας
1813 1944 1951 2031 μγ’,
2014 1951 2366 2037 κωμῳδίας
2424 1947 2519 2015 ιδ’

199 2054 326 2121 καὶ
379 2055 570 2141 ἕτερα
621 2059 892 2119 πλεῖστα
939 2050 1049 2117 καὶ
1096 2048 1306 2134 λόγου
1352 2048 1519 2131 ἄξια.

399 2160 893 2227 DOGOXLVII.
971 2154 1521 2244 Φιλόστρατος
1570 2160 1979 2244 Νερβιανοῦ,
2023 2156 2520 2246 ἀδελφόπαιδος

215 2266 694 2354 Φιλοστράτου
737 2268 857 2332 τοῦ
904 2266 1245 2351 δευτέρου,
1293 2262 1618 2351 Λήμνιος,
1664 2265 1774 2331 καὶ
1812 2262 2014 2345 αὐτὸς
2050 2264 2372 2353 σοφιστὴς
2406 2268 2518 2335 καὶ

203 2371 586 2453 παιδεύσας
633 2373 706 2441 ἐν
746 2370 1084 2457 Ἀθήναις,
1132 2369 1525 2457 τελευτήσας
1572 2370 1646 2437 δὲ
1690 2370 1801 2437 καὶ
1847 2371 2077 2455 ταφεὶς
2123 2374 2196 2440 ἐν
2239 2371 2510 2463 Λήμνῳ,
2540 2403 2595 2443 20

201 2480 551 2566 ἆκουστής
593 2505 664 2547 τε
699 2478 809 2547 καὶ
845 2475 1144 2565 γαμβρὸς
1180 2475 1475 2563 γεγονὼς
1510 2479 1634 2545 τοῦ
1672 2479 1991 2565 δευτέρου
2035 2477 2513 2566 Φιλοστράτου.

205 2596 512 2677 ἔγραψεν
557 2583 850 2671 εἰκόνας,
903 2581 1474 2670 Παναθηναϊκόν,
1541 2583 1873 2671 Τρωικόν,
1921 2584 2353 2673 παράφρασιν
2398 2588 2517 2670 τῆς

207 2694 500 2782 Ομήρου
535 2689 838 2775 ἀσπίδος,
885 2689 1156 2776 μελέτας
1201 2690 1274 2756 ε’.
1319 2689 1496 2769 τινὲς
1545 2688 1619 2757 δὲ
1655 2690 1766 2757 καὶ
1802 2688 1960 2771 τοὺς
1995 2695 2132 2760 τῶν
2171 2694 2513 2779 σοφιστῶν

203 2808 410 2887 βίους
457 2795 556 2869 ἐπ’
609 2796 819 2865 αὐτὸν
863 2793 1345 2883 ἀναφέρουσιν.

397 2906 918 2975 DOGOXLVIII.
1026 2901 1469 2990 Φιλόχορος
1527 2900 1807 2969 Κύκνου
1857 2901 2217 2991 Ἀθηναῖος
2278 2905 2512 2991 μάντις
2540 2935 2593 2975 25

207 3058 272 3106 B.
307 3050 463 3105 Eud.
611 3046 706 3101 καὶ
744 3047 852 3100 del.
881 3045 1215 3114 Bernhardy
1357 3049 1391 3097 4
1429 3038 1606 3113 αὐλῆς
1640 3044 1811 3099 Daub
1953 3042 2011 3116 β’
2043 3061 2181 3101 corr.
2215 3046 2514 3113 Meursius,

206 3131 316 3186 sed
355 3128 621 3198 quattuor
647 3127 708 3180 in
733 3126 908 3180 libros
935 3124 1197 3179 librarios
1225 3141 1364 3193 opus
1393 3122 1709 3179 distinxisse
1736 3124 1881 3179 vidit
1900 3124 2105 3181 Jacobs
2232 3133 2263 3181 6
2293 3121 2510 3196 ἡρωικά

213 3214 526 3276 Kusterue,
563 3207 657 3262 sed
695 3205 764 3261 ef.
804 3206 1019 3275 Kayser
1055 3223 1107 3274 p.
1138 3202 1320 3257 XXXI

369 3287 730 3345 DCCGXLVI
767 3288 916 3342 Eud.
955 3287 991 3340 l.
1031 3302 1076 3339 ο.
1153 3283 1232 3340 Cf.
1272 3302 1322 3339 v.
1363 3279 1625 3352 Φρόντων
1748 3292 1779 3341 9
1823 3283 2198 3357 Φιλοστράτου
2236 3285 2423 3356 Βήρου
2459 3294 2505 3341 V

213 3379 282 3427 10
329 3362 598 3436 σοφιστὴς
629 3361 924 3436 Ἀθήνησιν
971 3367 1036 3419 ut
1071 3382 1260 3433 supra,
1298 3363 1449 3419 Eud.
1598 3360 1692 3419 ἐπὶ
1730 3364 1999 3435 Νέρωνος
2035 3368 2503 3435 quemadmodum

207 3447 658 3519 intellegendum
687 3445 878 3501 docuit,
905 3444 1111 3511 Rohde,
1149 3445 1287 3500 Mus.
1310 3444 1484 3499 Rhen
1506 3444 1965 3515 XXXIIIp.175;
1999 3442 2261 3515 Ἀθήναις
2290 3444 2500 3515 ἔγραψε

210 3530 419 3602 λόγους
449 3549 580 3583 παν.
609 3532 698 3582 πλ.
731 3556 796 3566 --
829 3522 1128 3594 σοφιστήν,
1167 3522 1435 3593 Νέρωνα·
1476 3524 1593 3579 ἔστι
1630 3523 1692 3579 δὲ
1730 3526 1860 3594 περὶ
1898 3520 2103 3596 ὀρυχῆς
2139 3524 2241 3579 τοῦ
2274 3520 2501 3595 Ἰσθμοῦ
2551 3585 2556 3589 ,

212 3613 517 3683 γεγονυίας
555 3604 648 3663 ἐπὶ
688 3605 981 3674 Νέρωνος,
1021 3602 1090 3657 de
1129 3619 1240 3671 quo
1280 3601 1394 3657 ἔστι
1434 3600 1762 3674 -Ἰσθμοῦ
1811 3622 1919 3660 om.
1959 3608 2017 3659 et
2062 3607 2359 3673 γεγονυίας
2406 3600 2502 3659 ἐπὶ

212 3688 487 3759 Νέρωνος
521 3686 779 3741 relietum
817 3684 1174 3751 malequeab
1205 3682 1330 3736 aliis
1360 3689 1672 3742 correctum
1700 3685 1873 3740 fuisse
1910 3686 1968 3739 in
1998 3681 2245 3755 γεγονὼς
2280 3680 2497 3739 ἐπὶΝέ-

212 3789 394 3840 ρωνος
431 3767 567 3821 olim
605 3766 747 3820 coni.
777 3764 1015 3835 Kayser,
1051 3762 1226 3833 praef.
1264 3762 1525 3820 Philostr.
1676 3772 1740 3819 13
1776 3765 1907 3835 περὶ
1943 3786 1987 3819 τ.
2028 3782 2155 3834 σοφ.
2195 3765 2346 3821 Eud.

217 3858 286 3905 14
327 3850 479 3915 Quae
508 3847 709 3902 seclusi
735 3846 853 3900 filio
883 3846 1039 3901 dedit
1063 3845 1282 3916 Kwyser
1383 3852 1448 3900 16
1480 3844 1725 3915 Νέρωνα
1751 3841 1971 3922 θεατὴν
2001 3844 2273 3899 Καείενιιε
2345 3861 2419 3915 μς
2430 3840 2501 3898 'V

359 3925 750 3983 DCCCXLVII
788 3927 939 3982 Eud.
977 3944 1032 3994 p.
1066 3931 1168 3979 716
1316 3931 1379 3980 18
1418 3921 1773 3995 ἀδελφόπαις
1808 3926 1955 3980 male
1993 3940 2131 3979 corr
2174 3926 2457 3979 Mewrsius

217 4017 284 4065 19
303 4009 405 4065 τοῦ
424 4005 553 4063 υἱοῦ
577 4010 692 4062 Φιλ.
715 4007 896 4062 Euda
881 4048 898 4075 ,
927 4008 996 4063 de
1017 4007 1294 4062 erroribus
1314 4005 1456 4060 dixit
1471 4004 1685 4075 Kayser
1756 4011 1825 4060 20
1846 4004 1942 4059 καὶ
1961 4001 2341 4073 τελευτήσας’
2314 4001 2498 4074 ετάφη

214 4091 364 4145 Eud.
441 4126 445 4130 -
496 4093 563 4142 22
610 4086 756 4141 hane
803 4084 1168 4157 παράφρασιν
1215 4086 1492 4141 decimum
1538 4084 1853 4155 Imaginum
1902 4086 2073 4155 eaput
2118 4101 2233 4139 esse
2281 4084 2501 4139 monuit

215 4170 435 4241 Kayser
533 4173 602 4222 23
633 4163 684 4221 ε’
718 4184 826 4223 om.
847 4167 996 4223 Eud.
1025 4184 1260 4237 pergens
1288 4162 1431 4222 κατὰ
1461 4164 1527 4220 δέ
1558 4185 1711 4227 τινας
1740 4182 1854 4233 seq.
1939 4171 2007 4219 23
2038 4160 2096 4227 ἐς
2124 4160 2301 4219 αὐτὸν
2328 4165 2499 4221 Daub

357 4247 775 4305 DGCGXLVIII
821 4249 1090 4305 Traofiant
1133 4246 1393 4315 Siebelis,
1451 4245 1594 4301 Phil.
1644 4246 1705 4299 fr.
1759 4264 1814 4314 p.
1860 4252 1887 4299 1
1928 4264 2071 4315 seq.;
2119 4247 2323 4300 Mfiller
2367 4248 2392 4300 I
2442 4266 2497 4317 p.

215 4327 518 4395 LXXXIV3
559 4326 746 4397 Daub,
785 4328 942 4383 Sssud.
981 4346 1033 4397 p.
1065 4332 1134 4380 24
1163 4344 1276 4395 seq.
1393 4334 1462 4381 25
1501 4324 1697 4396 μάντις
1733 4326 1831 4379 καὶ
1867 4322 1968 4393 ἱερ.
2008 4326 2213 4383 vitiosa
2243 4327 2499 4385 videnssur
