<?xml version="1.0" encoding="UTF-8"?>
<!DOCTYPE html PUBLIC "-//W3C//DTD XHTML 1.0 Transitional//EN"
    "http://www.w3.org/TR/xhtml1/DTD/xhtml1-transitional.dtd">
<html xmlns="http://www.w3.org/1999/xhtml" xml:lang="en" lang="en">
 <head>
  <title>
</title>
<meta http-equiv="Content-Type" content="text/html;charset=utf-8" />
  <meta name='ocr-system' content='tesseract 3.04.00' />
  <meta name='ocr-capabilities' content='ocr_page ocr_carea ocr_par ocr_line ocrx_word'/>
</head>
<body>
  <div class='ocr_page' id='page_1' title='image "./hesychiimilesii04flacgoog_0227.png"; bbox 0 0 3025 4892; ppageno 0'>
   <div class='ocr_carea' id='block_1_1' title="bbox 1120 184 2479 247">
    <p class='ocr_par' dir='ltr' id='par_1_1' title="bbox 1120 184 2479 247">
     <span class='ocr_line' id='line_1_1' title="bbox 1120 184 2479 247; baseline 0.007 -10"><span class='ocrx_word' id='word_1_1' title='bbox 1120 184 1547 239; x_wconf 79' lang='lat' dir='ltr'><strong>HESYCHIUS.</strong></span> <span class='ocrx_word' id='word_1_2' title='bbox 2353 184 2479 247; x_wconf 82' lang='lat'><strong><em>129</em></strong></span> 
     </span>
    </p>
   </div>
   <div class='ocr_carea' id='block_1_2' title="bbox 161 340 2478 653">
    <p class='ocr_par' dir='ltr' id='par_1_2' title="bbox 161 340 2478 653">
     <span class='ocr_line' id='line_1_2' title="bbox 169 340 2477 433; baseline 0 -23"><span class='ocrx_word' id='word_1_3' title='bbox 169 340 281 426; x_wconf 82' lang='grc' dir='ltr'><strong><em>[ὃς</em></strong></span> <span class='ocrx_word' id='word_1_4' title='bbox 333 343 634 433; x_wconf 77' lang='grc' dir='ltr'><strong><em>Πρόκλῳ</em></strong></span> <span class='ocrx_word' id='word_1_5' title='bbox 683 340 766 411; x_wconf 86' lang='grc' dir='ltr'><strong><em>οὐ</em></strong></span> <span class='ocrx_word' id='word_1_6' title='bbox 813 342 1030 431; x_wconf 89' lang='grc' dir='ltr'><strong><em>μόνον</em></strong></span> <span class='ocrx_word' id='word_1_7' title='bbox 1077 348 1212 411; x_wconf 76' lang='grc' dir='ltr'><strong><em>τῶν</em></strong></span> <span class='ocrx_word' id='word_1_8' title='bbox 1257 345 1500 411; x_wconf 83' lang='grc' dir='ltr'><strong><em>ἑαυτοῦ</em></strong></span> <span class='ocrx_word' id='word_1_9' title='bbox 1539 342 1760 429; x_wconf 90' lang='grc' dir='ltr'><strong><em>λόγων</em></strong></span> <span class='ocrx_word' id='word_1_10' title='bbox 1799 343 2265 430; x_wconf 72' lang='grc' dir='ltr'><strong><em>ἐκοινώνησεν,</em></strong></span> <span class='ocrx_word' id='word_1_11' title='bbox 2311 342 2477 411; x_wconf 77' lang='grc' dir='ltr'><strong><em>ἀλλὰ</em></strong></span> 
     </span>
     <span class='ocr_line' id='line_1_3' title="bbox 162 446 2478 537; baseline 0 -21"><span class='ocrx_word' id='word_1_12' title='bbox 162 451 282 516; x_wconf 80' lang='grc' dir='ltr'><strong><em>καὶ</em></strong></span> <span class='ocrx_word' id='word_1_13' title='bbox 337 446 890 537; x_wconf 78' lang='grc' dir='ltr'><strong><em>σύνοικονέχειν</em></strong></span> <span class='ocrx_word' id='word_1_14' title='bbox 942 447 1130 537; x_wconf 79' lang='grc' dir='ltr'><strong><em>ἠξίου</em></strong></span> <span class='ocrx_word' id='word_1_15' title='bbox 1179 450 1288 517; x_wconf 86' lang='grc' dir='ltr'><strong><em>καὶ</em></strong></span> <span class='ocrx_word' id='word_1_16' title='bbox 1337 452 1859 519; x_wconf 76' lang='grc' dir='ltr'><strong><em>συνδιαιτᾶσθαι</em></strong></span> <span class='ocrx_word' id='word_1_17' title='bbox 1906 448 2173 535; x_wconf 83' lang='grc' dir='ltr'><strong><em>γυναικὶ</em></strong></span> <span class='ocrx_word' id='word_1_18' title='bbox 2221 449 2329 515; x_wconf 87' lang='grc' dir='ltr'><strong><em>καὶ</em></strong></span> <span class='ocrx_word' id='word_1_19' title='bbox 2380 450 2478 516; x_wconf 83' lang='grc' dir='ltr'><strong><em>τέ-</em></strong></span> 
     </span>
     <span class='ocr_line' id='line_1_4' title="bbox 161 550 2478 653; baseline -0 -30"><span class='ocrx_word' id='word_1_20' title='bbox 161 584 368 637; x_wconf 87' lang='grc' dir='ltr'><strong><em>κνοις</em></strong></span> <span class='ocrx_word' id='word_1_21' title='bbox 437 556 961 644; x_wconf 81' lang='grc' dir='ltr'><strong><em>παρεσκεύασεν,</em></strong></span> <span class='ocrx_word' id='word_1_22' title='bbox 1029 550 1137 624; x_wconf 86' lang='grc' dir='ltr'><strong><em>οἶα</em></strong></span> <span class='ocrx_word' id='word_1_23' title='bbox 1201 560 1408 653; x_wconf 79' lang='grc' dir='ltr'><strong><em>παῖδα</em></strong></span> <span class='ocrx_word' id='word_1_24' title='bbox 1471 554 1756 643; x_wconf 82' lang='grc' dir='ltr'><strong><em>γνήσιον</em></strong></span> <span class='ocrx_word' id='word_1_25' title='bbox 1816 556 1925 622; x_wconf 82' lang='grc' dir='ltr'><strong><em>καὶ</em></strong></span> <span class='ocrx_word' id='word_1_26' title='bbox 1992 558 2233 623; x_wconf 83' lang='grc' dir='ltr'><strong><em>τοῦτον</em></strong></span> <span class='ocrx_word' id='word_1_27' title='bbox 2288 555 2478 642; x_wconf 86' lang='grc' dir='ltr'><strong><em>γενό-</em></strong></span> 
     </span>
    </p>
   </div>
   <div class='ocr_carea' id='block_1_3' title="bbox 48 658 2477 757">
    <p class='ocr_par' dir='ltr' id='par_1_3' title="bbox 48 658 2477 757">
     <span class='ocr_line' id='line_1_5' title="bbox 48 658 2477 757; baseline -0 -27"><span class='ocrx_word' id='word_1_28' title='bbox 48 748 52 757; x_wconf 26' lang='grc'><strong><em>,</em></strong></span> <span class='ocrx_word' id='word_1_29' title='bbox 160 690 415 749; x_wconf 84' lang='grc' dir='ltr'><strong><em>μενον.</em></strong></span> <span class='ocrx_word' id='word_1_30' title='bbox 483 664 832 751; x_wconf 77' lang='grc' dir='ltr'><strong><em>γνώριμον</em></strong></span> <span class='ocrx_word' id='word_1_31' title='bbox 871 663 945 731; x_wconf 78' lang='grc' dir='ltr'><strong><em>δὲ</em></strong></span> <span class='ocrx_word' id='word_1_32' title='bbox 993 660 1202 731; x_wconf 84' lang='grc' dir='ltr'><strong><em>αὐτὸν</em></strong></span> <span class='ocrx_word' id='word_1_33' title='bbox 1250 665 1458 731; x_wconf 79' lang='grc' dir='ltr'><strong><em>ἐποίει</em></strong></span> <span class='ocrx_word' id='word_1_34' title='bbox 1505 664 1802 743; x_wconf 72' lang='grc' dir='ltr'><strong><em>καὶ·τοῖς</em></strong></span> <span class='ocrx_word' id='word_1_35' title='bbox 1845 660 1962 741; x_wconf 75' lang='grc' dir='ltr'><strong><em>τὰς</em></strong></span> <span class='ocrx_word' id='word_1_36' title='bbox 2007 658 2204 747; x_wconf 80' lang='grc' dir='ltr'><strong><em>ἡνίας</em></strong></span> <span class='ocrx_word' id='word_1_37' title='bbox 2250 666 2477 748; x_wconf 79' lang='grc' dir='ltr'><strong><em>ε”χουσι</em></strong></span> 
     </span>
    </p>
   </div>
   <div class='ocr_carea' id='block_1_4' title="bbox 161 764 2563 2353">
    <p class='ocr_par' dir='ltr' id='par_1_4' title="bbox 162 764 2532 856">
     <span class='ocr_line' id='line_1_6' title="bbox 162 764 2532 856; baseline -0.002 -21"><span class='ocrx_word' id='word_1_38' title='bbox 162 764 286 855; x_wconf 79' lang='grc' dir='ltr'><strong><em>τῆς</em></strong></span> <span class='ocrx_word' id='word_1_39' title='bbox 337 772 741 856; x_wconf 58' lang='grc' dir='ltr'><strong><em>Αἰγύπτου]</em></strong></span> <span class='ocrx_word' id='word_1_40' title='bbox 2507 792 2532 830; x_wconf 74' lang='grc'><strong>5</strong></span> 
     </span>
    </p>

    <p class='ocr_par' dir='ltr' id='par_1_5' title="bbox 161 873 2563 2353">
     <span class='ocr_line' id='line_1_7' title="bbox 361 873 2478 962; baseline -0.001 -18"><span class='ocrx_word' id='word_1_41' title='bbox 361 876 944 944; x_wconf 81' lang='lat' dir='ltr'><strong>COCOLXXXIII.</strong></span> <span class='ocrx_word' id='word_1_42' title='bbox 1028 875 1364 962; x_wconf 88' lang='grc' dir='ltr'><strong><em>Λιβάνι</em></strong></span> <span class='ocrx_word' id='word_1_43' title='bbox 1391 902 1481 955; x_wconf 91' lang='grc' dir='ltr'><strong><em>ος</em></strong></span> <span class='ocrx_word' id='word_1_44' title='bbox 1533 873 1904 962; x_wconf 71' lang='grc' dir='ltr'><strong><em>Ἀντιοχεύς</em></strong></span> <span class='ocrx_word' id='word_1_45' title='bbox 1967 874 2318 961; x_wconf 85' lang='grc' dir='ltr'><strong><em>σοφιστής,</em></strong></span> <span class='ocrx_word' id='word_1_46' title='bbox 2375 875 2478 941; x_wconf 77' lang='grc' dir='ltr'><strong><em>ἐπὶ</em></strong></span> 
     </span>
     <span class='ocr_line' id='line_1_8' title="bbox 163 981 2479 1070; baseline 0 -21"><span class='ocrx_word' id='word_1_47' title='bbox 163 986 308 1050; x_wconf 73' lang='grc' dir='ltr'><strong><em>τῶν</em></strong></span> <span class='ocrx_word' id='word_1_48' title='bbox 371 981 753 1051; x_wconf 85' lang='grc' dir='ltr'><strong><em>Ἰουλιανοῦ</em></strong></span> <span class='ocrx_word' id='word_1_49' title='bbox 799 987 923 1051; x_wconf 82' lang='grc' dir='ltr'><strong><em>τοῦ</em></strong></span> <span class='ocrx_word' id='word_1_50' title='bbox 977 984 1302 1069; x_wconf 84' lang='grc' dir='ltr'><strong><em>βασιλέως</em></strong></span> <span class='ocrx_word' id='word_1_51' title='bbox 1358 982 1659 1069; x_wconf 81' lang='grc' dir='ltr'><strong><em>χρόνων,</em></strong></span> <span class='ocrx_word' id='word_1_52' title='bbox 1713 983 1825 1050; x_wconf 86' lang='grc' dir='ltr'><strong><em>καὶ</em></strong></span> <span class='ocrx_word' id='word_1_53' title='bbox 1871 984 2061 1070; x_wconf 80' lang='grc' dir='ltr'><strong><em>μέχρι</em></strong></span> <span class='ocrx_word' id='word_1_54' title='bbox 2108 985 2479 1050; x_wconf 79' lang='grc' dir='ltr'><strong><em>Θεοδοσίου</em></strong></span> 
     </span>
     <span class='ocr_line' id='line_1_9' title="bbox 161 1087 2477 1178; baseline -0.001 -20"><span class='ocrx_word' id='word_1_55' title='bbox 161 1094 292 1157; x_wconf 82' lang='grc' dir='ltr'><strong><em>τοῦ</em></strong></span> <span class='ocrx_word' id='word_1_56' title='bbox 371 1089 790 1178; x_wconf 77' lang='grc' dir='ltr'><strong><em>πρεσβύτου,</em></strong></span> <span class='ocrx_word' id='word_1_57' title='bbox 869 1096 1260 1177; x_wconf 91' lang='grc' dir='ltr'><strong><em>Φασγανίου</em></strong></span> <span class='ocrx_word' id='word_1_58' title='bbox 1333 1088 1611 1176; x_wconf 90' lang='grc' dir='ltr'><strong><em>πατρός,</em></strong></span> <span class='ocrx_word' id='word_1_59' title='bbox 1685 1088 1991 1178; x_wconf 84' lang='grc' dir='ltr'><strong><em>μαθητὴς</em></strong></span> <span class='ocrx_word' id='word_1_60' title='bbox 2066 1087 2477 1175; x_wconf 81' lang='grc' dir='ltr'><strong><em>Διοφάντου.</em></strong></span> 
     </span>
     <span class='ocr_line' id='line_1_10' title="bbox 167 1190 2479 1285; baseline -0 -22"><span class='ocrx_word' id='word_1_61' title='bbox 167 1202 482 1285; x_wconf 78' lang='grc' dir='ltr'><strong><em>ἔγραψεν</em></strong></span> <span class='ocrx_word' id='word_1_62' title='bbox 528 1196 784 1283; x_wconf 72' lang='grc' dir='ltr'><strong><em>ἄπειρα,</em></strong></span> <span class='ocrx_word' id='word_1_63' title='bbox 838 1198 911 1265; x_wconf 80' lang='grc' dir='ltr'><strong><em>ἐν</em></strong></span> <span class='ocrx_word' id='word_1_64' title='bbox 960 1190 1060 1275; x_wconf 88' lang='grc' dir='ltr'><strong><em>οἷς</em></strong></span> <span class='ocrx_word' id='word_1_65' title='bbox 1097 1197 1427 1284; x_wconf 76' lang='grc' dir='ltr'><strong><em>ἐγκώμιον</em></strong></span> <span class='ocrx_word' id='word_1_66' title='bbox 1474 1200 1571 1277; x_wconf 83' lang='grc' dir='ltr'><strong><em>εἰς</em></strong></span> <span class='ocrx_word' id='word_1_67' title='bbox 1606 1195 2089 1265; x_wconf 86' lang='grc' dir='ltr'><strong><em>Κωνστάντιον</em></strong></span> <span class='ocrx_word' id='word_1_68' title='bbox 2133 1194 2255 1263; x_wconf 85' lang='grc' dir='ltr'><strong><em>τὸν</em></strong></span> <span class='ocrx_word' id='word_1_69' title='bbox 2293 1200 2479 1281; x_wconf 85' lang='grc' dir='ltr'><strong><em>βασι-</em></strong></span> 
     </span>
     <span class='ocr_line' id='line_1_11' title="bbox 171 1298 2562 1392; baseline -0.001 -22"><span class='ocrx_word' id='word_1_70' title='bbox 171 1305 334 1389; x_wconf 87' lang='grc' dir='ltr'><strong><em>λεά,</em></strong></span> <span class='ocrx_word' id='word_1_71' title='bbox 390 1306 622 1392; x_wconf 79' lang='grc' dir='ltr'><strong><em>ἕτερον</em></strong></span> <span class='ocrx_word' id='word_1_72' title='bbox 669 1308 764 1383; x_wconf 81' lang='grc' dir='ltr'><strong><em>εἰς</em></strong></span> <span class='ocrx_word' id='word_1_73' title='bbox 793 1301 1193 1384; x_wconf 77' lang='grc' dir='ltr'><strong><em>Ἰουλιανόν,</em></strong></span> <span class='ocrx_word' id='word_1_74' title='bbox 1239 1304 1509 1389; x_wconf 81' lang='grc' dir='ltr'><strong><em>μελέτας</em></strong></span> <span class='ocrx_word' id='word_1_75' title='bbox 1556 1298 2063 1391; x_wconf 28' lang='grc' dir='ltr'><strong><em>ῥητορικὰς-καὶ</em></strong></span> <span class='ocrx_word' id='word_1_76' title='bbox 2117 1301 2480 1382; x_wconf 80' lang='grc' dir='ltr'><strong><em>ἐπιστολάς.</em></strong></span> <span class='ocrx_word' id='word_1_77' title='bbox 2512 1325 2562 1365; x_wconf 83' lang='grc' dir='ltr'><strong><em>ιο</em></strong></span> 
     </span>
     <span class='ocr_line' id='line_1_12' title="bbox 171 1402 2478 1499; baseline 0 -23"><span class='ocrx_word' id='word_1_78' title='bbox 171 1402 419 1492; x_wconf 82' lang='grc' dir='ltr'><strong><em>[οὗτος</em></strong></span> <span class='ocrx_word' id='word_1_79' title='bbox 471 1412 581 1479; x_wconf 80' lang='grc' dir='ltr'><strong><em>καὶ</em></strong></span> <span class='ocrx_word' id='word_1_80' title='bbox 638 1412 744 1480; x_wconf 80' lang='grc' dir='ltr'><strong><em>ἐπὶ</em></strong></span> <span class='ocrx_word' id='word_1_81' title='bbox 797 1414 934 1479; x_wconf 79' lang='grc' dir='ltr'><strong><em>των</em></strong></span> <span class='ocrx_word' id='word_1_82' title='bbox 989 1411 1254 1499; x_wconf 84' lang='grc' dir='ltr'><strong><em>χρόνων</em></strong></span> <span class='ocrx_word' id='word_1_83' title='bbox 1311 1403 1397 1497; x_wconf 86' lang='grc' dir='ltr'><strong><em>ἦν</em></strong></span> <span class='ocrx_word' id='word_1_84' title='bbox 1443 1417 1806 1478; x_wconf 89' lang='grc' dir='ltr'><strong><em>Βασιλείου</em></strong></span> <span class='ocrx_word' id='word_1_85' title='bbox 1861 1413 1985 1478; x_wconf 82' lang='grc' dir='ltr'><strong><em>τοῦ</em></strong></span> <span class='ocrx_word' id='word_1_86' title='bbox 2030 1408 2326 1497; x_wconf 89' lang='grc' dir='ltr'><strong><em>μεγάλου</em></strong></span> <span class='ocrx_word' id='word_1_87' title='bbox 2368 1410 2478 1477; x_wconf 88' lang='grc' dir='ltr'><strong><em>καὶ</em></strong></span> 
     </span>
     <span class='ocr_line' id='line_1_13' title="bbox 172 1513 2479 1604; baseline 0 -22"><span class='ocrx_word' id='word_1_88' title='bbox 172 1523 572 1604; x_wconf 87' lang='grc' dir='ltr'><strong><em>Γρηγορίου</em></strong></span> <span class='ocrx_word' id='word_1_89' title='bbox 635 1521 758 1586; x_wconf 85' lang='grc' dir='ltr'><strong><em>τοῦ</em></strong></span> <span class='ocrx_word' id='word_1_90' title='bbox 823 1516 1177 1604; x_wconf 78' lang='grc' dir='ltr'><strong><em>θεολόγον.</em></strong></span> <span class='ocrx_word' id='word_1_91' title='bbox 1281 1514 1353 1583; x_wconf 73' lang='lat'><strong><em>‘6</em></strong></span> <span class='ocrx_word' id='word_1_92' title='bbox 1425 1516 1498 1585; x_wconf 74' lang='grc' dir='ltr'><strong><em>δὲ</em></strong></span> <span class='ocrx_word' id='word_1_93' title='bbox 1560 1515 1931 1595; x_wconf 90' lang='grc' dir='ltr'><strong><em>Ἰουλιανὸς</em></strong></span> <span class='ocrx_word' id='word_1_94' title='bbox 1984 1513 2020 1584; x_wconf 85' lang='grc' dir='ltr'>ὁ</span> <span class='ocrx_word' id='word_1_95' title='bbox 2077 1516 2479 1604; x_wconf 79' lang='grc' dir='ltr'><strong><em>παραβάτης,</em></strong></span> 
     </span>
     <span class='ocr_line' id='line_1_14' title="bbox 169 1620 2478 1712; baseline 0 -23"><span class='ocrx_word' id='word_1_96' title='bbox 169 1630 421 1712; x_wconf 87' lang='grc' dir='ltr'><strong><em>καίπερ</em></strong></span> <span class='ocrx_word' id='word_1_97' title='bbox 495 1623 842 1704; x_wconf 84' lang='grc' dir='ltr'><strong><em>τοσούτοις</em></strong></span> <span class='ocrx_word' id='word_1_98' title='bbox 914 1622 1319 1711; x_wconf 78' lang='grc' dir='ltr'><strong><em>ἐμβεβηκώς,</em></strong></span> <span class='ocrx_word' id='word_1_99' title='bbox 1393 1627 1511 1709; x_wconf 85' lang='grc' dir='ltr'><strong><em>τῆς</em></strong></span> <span class='ocrx_word' id='word_1_100' title='bbox 1577 1649 1647 1691; x_wconf 90' lang='grc' dir='ltr'><strong><em>τε</em></strong></span> <span class='ocrx_word' id='word_1_101' title='bbox 1712 1623 1859 1709; x_wconf 80' lang='grc' dir='ltr'><strong><em>περὶ</em></strong></span> <span class='ocrx_word' id='word_1_102' title='bbox 1927 1621 2170 1709; x_wconf 92' lang='grc' dir='ltr'><strong><em>λόγους</em></strong></span> <span class='ocrx_word' id='word_1_103' title='bbox 2241 1620 2478 1709; x_wconf 78' lang='grc' dir='ltr'><strong><em>ἥπτετο</em></strong></span> 
     </span>
     <span class='ocr_line' id='line_1_15' title="bbox 171 1718 2484 1821; baseline 0 -24"><span class='ocrx_word' id='word_1_104' title='bbox 171 1736 571 1819; x_wconf 86' lang='grc' dir='ltr'><strong><em>φιλοτιμίας</em></strong></span> <span class='ocrx_word' id='word_1_105' title='bbox 633 1730 746 1798; x_wconf 83' lang='grc' dir='ltr'><strong><em>καὶ</em></strong></span> <span class='ocrx_word' id='word_1_106' title='bbox 807 1727 930 1799; x_wconf 86' lang='grc' dir='ltr'><strong><em>τὸν</em></strong></span> <span class='ocrx_word' id='word_1_107' title='bbox 993 1734 1110 1817; x_wconf 87' lang='grc' dir='ltr'><strong><em>τῆς</em></strong></span> <span class='ocrx_word' id='word_1_108' title='bbox 1156 1726 1555 1817; x_wconf 82' lang='grc' dir='ltr'><strong><em>Ἀντιοχείας</em></strong></span> <span class='ocrx_word' id='word_1_109' title='bbox 1619 1727 1980 1817; x_wconf 82' lang='grc' dir='ltr'><strong><em>σοφιστήν,</em></strong></span> <span class='ocrx_word' id='word_1_110' title='bbox 2044 1718 2097 1821; x_wconf 74' lang='grc' dir='ltr'><em>ᾧ</em></span> <span class='ocrx_word' id='word_1_111' title='bbox 2160 1731 2484 1815; x_wconf 86' lang='grc' dir='ltr'><strong><em>Λιβάνιος</em></strong></span> 
     </span>
     <span class='ocr_line' id='line_1_16' title="bbox 175 1834 2563 1925; baseline -0 -20"><span class='ocrx_word' id='word_1_112' title='bbox 175 1835 429 1925; x_wconf 81' lang='grc' dir='ltr'><strong><em>ὄνομα,</em></strong></span> <span class='ocrx_word' id='word_1_113' title='bbox 478 1836 937 1925; x_wconf 79' lang='grc' dir='ltr'><strong><em>διαφερόντως</em></strong></span> <span class='ocrx_word' id='word_1_114' title='bbox 982 1836 1392 1924; x_wconf 80' lang='grc' dir='ltr'><strong><em>ἐθαύμασεν,</em></strong></span> <span class='ocrx_word' id='word_1_115' title='bbox 1438 1836 1519 1903; x_wconf 79' lang='grc' dir='ltr'><strong><em>τὰ</em></strong></span> <span class='ocrx_word' id='word_1_116' title='bbox 1567 1834 1691 1923; x_wconf 72' lang='grc' dir='ltr'><strong><em>μὲν</em></strong></span> <span class='ocrx_word' id='word_1_117' title='bbox 1729 1844 1889 1915; x_wconf 82' lang='grc' dir='ltr'><strong><em>ἴσως</em></strong></span> <span class='ocrx_word' id='word_1_118' title='bbox 1926 1836 2242 1921; x_wconf 77' lang='grc' dir='ltr'><strong><em>ἐπαινῶν,</em></strong></span> <span class='ocrx_word' id='word_1_119' title='bbox 2286 1835 2367 1903; x_wconf 83' lang='grc' dir='ltr'><strong><em>τὰ</em></strong></span> <span class='ocrx_word' id='word_1_120' title='bbox 2407 1836 2482 1904; x_wconf 76' lang='grc' dir='ltr'><strong><em>δὲ</em></strong></span> <span class='ocrx_word' id='word_1_121' title='bbox 2512 1858 2563 1897; x_wconf 87' lang='lat'><strong><em>1⁵</em></strong></span> 
     </span>
     <span class='ocr_line' id='line_1_17' title="bbox 176 1939 2483 2032; baseline 0.001 -23"><span class='ocrx_word' id='word_1_122' title='bbox 176 1940 364 2023; x_wconf 80' lang='grc' dir='ltr'><strong><em>ὅπως</em></strong></span> <span class='ocrx_word' id='word_1_123' title='bbox 432 1950 676 2031; x_wconf 88' lang='grc' dir='ltr'><strong><em>λυποίη</em></strong></span> <span class='ocrx_word' id='word_1_124' title='bbox 745 1942 868 2013; x_wconf 87' lang='grc' dir='ltr'><strong><em>τὸν</em></strong></span> <span class='ocrx_word' id='word_1_125' title='bbox 922 1946 1133 2032; x_wconf 89' lang='grc' dir='ltr'><strong><em>με’γαν</em></strong></span> <span class='ocrx_word' id='word_1_126' title='bbox 1191 1939 1524 2029; x_wconf 86' lang='grc' dir='ltr'><strong><em>σοφιστὴν</em></strong></span> <span class='ocrx_word' id='word_1_127' title='bbox 1581 1942 2069 2030; x_wconf 78' lang='grc' dir='ltr'><strong><em>Προαιρέσιον,</em></strong></span> <span class='ocrx_word' id='word_1_128' title='bbox 2140 1946 2483 2030; x_wconf 75' lang='grc' dir='ltr'><strong><em>προτιμῶν</em></strong></span> 
     </span>
     <span class='ocr_line' id='line_1_18' title="bbox 172 2046 2480 2141; baseline 0 -25"><span class='ocrx_word' id='word_1_129' title='bbox 172 2052 436 2139; x_wconf 79' lang='grc' dir='ltr'><strong><em>ἕτερον.</em></strong></span> <span class='ocrx_word' id='word_1_130' title='bbox 512 2050 811 2131; x_wconf 89' lang='grc' dir='ltr'><strong><em>’Λκάκιος</em></strong></span> <span class='ocrx_word' id='word_1_131' title='bbox 857 2054 1028 2138; x_wconf 83' lang='grc' dir='ltr'><strong><em>γοῦν</em></strong></span> <span class='ocrx_word' id='word_1_132' title='bbox 1074 2077 1174 2131; x_wconf 90' lang='grc' dir='ltr'><strong><em>τις</em></strong></span> <span class='ocrx_word' id='word_1_133' title='bbox 1219 2046 1399 2141; x_wconf 73' lang='grc' dir='ltr'><strong><em>αὐτῷ</em></strong></span> <span class='ocrx_word' id='word_1_134' title='bbox 1445 2053 1581 2119; x_wconf 77' lang='grc' dir='ltr'><strong><em>τῶν</em></strong></span> <span class='ocrx_word' id='word_1_135' title='bbox 1628 2049 1781 2138; x_wconf 83' lang='grc' dir='ltr'><strong><em>περὶ</em></strong></span> <span class='ocrx_word' id='word_1_136' title='bbox 1825 2048 2186 2139; x_wconf 77' lang='grc' dir='ltr'><strong><em>ῥητορικὴν</em></strong></span> <span class='ocrx_word' id='word_1_137' title='bbox 2234 2053 2480 2117; x_wconf 78' lang='grc' dir='ltr'><strong><em>δεινῶν</em></strong></span> 
     </span>
     <span class='ocr_line' id='line_1_19' title="bbox 173 2153 2482 2247; baseline 0 -25"><span class='ocrx_word' id='word_1_138' title='bbox 173 2158 288 2224; x_wconf 84' lang='grc' dir='ltr'><strong><em>καὶ</em></strong></span> <span class='ocrx_word' id='word_1_139' title='bbox 338 2155 379 2226; x_wconf 85' lang='grc' dir='ltr'>ὁ</span> <span class='ocrx_word' id='word_1_140' title='bbox 429 2159 502 2227; x_wconf 81' lang='grc' dir='ltr'><strong><em>ἐκ</em></strong></span> <span class='ocrx_word' id='word_1_141' title='bbox 546 2164 846 2247; x_wconf 88' lang='grc' dir='ltr'><strong><em>Φρυγίας</em></strong></span> <span class='ocrx_word' id='word_1_142' title='bbox 891 2154 1304 2235; x_wconf 88' lang='grc' dir='ltr'><strong><em>Τουσκιανὸς</em></strong></span> <span class='ocrx_word' id='word_1_143' title='bbox 1348 2153 1451 2223; x_wconf 79' lang='grc' dir='ltr'><strong><em>ἀεὶ</em></strong></span> <span class='ocrx_word' id='word_1_144' title='bbox 1498 2154 1668 2245; x_wconf 85' lang='grc' dir='ltr'><strong><em>πρὸς</em></strong></span> <span class='ocrx_word' id='word_1_145' title='bbox 1702 2160 1909 2225; x_wconf 84' lang='grc' dir='ltr'><strong><em>ταῦτα</em></strong></span> <span class='ocrx_word' id='word_1_146' title='bbox 1961 2157 2326 2225; x_wconf 76' lang='grc' dir='ltr'><strong><em>ἐπεκάλουν</em></strong></span> <span class='ocrx_word' id='word_1_147' title='bbox 2373 2157 2482 2224; x_wconf 89' lang='grc' dir='ltr'><strong><em>καὶ</em></strong></span> 
     </span>
     <span class='ocr_line' id='line_1_20' title="bbox 185 2264 1180 2353; baseline 0.003 -25"><span class='ocrx_word' id='word_1_148' title='bbox 185 2265 644 2353; x_wconf 81' lang='grc' dir='ltr'><strong><em>διεμέμφοντο</em></strong></span> <span class='ocrx_word' id='word_1_149' title='bbox 692 2292 808 2344; x_wconf 89' lang='grc' dir='ltr'><strong><em>τας</em></strong></span> <span class='ocrx_word' id='word_1_150' title='bbox 852 2268 1103 2351; x_wconf 83' lang='grc' dir='ltr'><strong><em>κρίσεις</em></strong></span> <span class='ocrx_word' id='word_1_151' title='bbox 1111 2264 1180 2348; x_wconf 88' lang='grc'><strong><em>’.]</em></strong></span> 
     </span>
    </p>
   </div>
   <div class='ocr_carea' id='block_1_5' title="bbox 177 2375 2565 3107">
    <p class='ocr_par' dir='ltr' id='par_1_6' title="bbox 177 2375 2565 2895">
     <span class='ocr_line' id='line_1_21' title="bbox 361 2375 2565 2466; baseline -0.002 -16"><span class='ocrx_word' id='word_1_152' title='bbox 361 2381 940 2450; x_wconf 81' lang='lat' dir='ltr'><strong>CGOGLXXXIV.</strong></span> <span class='ocrx_word' id='word_1_153' title='bbox 998 2382 1241 2457; x_wconf 90' lang='grc' dir='ltr'><strong><em>Λίνος</em></strong></span> <span class='ocrx_word' id='word_1_154' title='bbox 1279 2378 1670 2465; x_wconf 87' lang='grc' dir='ltr'><strong><em>Χαλκιδεύς,</em></strong></span> <span class='ocrx_word' id='word_1_155' title='bbox 1710 2375 2127 2458; x_wconf 89' lang='grc' dir='ltr'><strong><em>’Λπόλλωνος</em></strong></span> <span class='ocrx_word' id='word_1_156' title='bbox 2170 2378 2280 2445; x_wconf 83' lang='grc' dir='ltr'><strong><em>καὶ</em></strong></span> <span class='ocrx_word' id='word_1_157' title='bbox 2327 2385 2482 2466; x_wconf 85' lang='grc' dir='ltr'><strong><em>Τερ-</em></strong></span> <span class='ocrx_word' id='word_1_158' title='bbox 2510 2400 2565 2440; x_wconf 77' lang='lat'><strong><em>2⁰</em></strong></span> 
     </span>
     <span class='ocr_line' id='line_1_22' title="bbox 177 2483 2482 2575; baseline -0.001 -22"><span class='ocrx_word' id='word_1_159' title='bbox 177 2485 502 2575; x_wconf 84' lang='grc' dir='ltr'><strong><em>ψιχόρης,</em></strong></span> <span class='ocrx_word' id='word_1_160' title='bbox 561 2491 632 2555; x_wconf 74' lang='grc' dir='ltr'><strong><em>οὗ</em></strong></span> <span class='ocrx_word' id='word_1_161' title='bbox 674 2486 748 2554; x_wconf 72' lang='grc' dir='ltr'><strong><em>δὲ</em></strong></span> <span class='ocrx_word' id='word_1_162' title='bbox 789 2484 1212 2573; x_wconf 81' lang='grc' dir='ltr'><strong><em>Ἀμφιμάρου</em></strong></span> <span class='ocrx_word' id='word_1_163' title='bbox 1257 2486 1367 2553; x_wconf 80' lang='grc' dir='ltr'><strong><em>καὶ</em></strong></span> <span class='ocrx_word' id='word_1_164' title='bbox 1418 2484 1790 2575; x_wconf 84' lang='grc' dir='ltr'><strong><em>Οὐρανίας,</em></strong></span> <span class='ocrx_word' id='word_1_165' title='bbox 1846 2489 1917 2553; x_wconf 81' lang='grc' dir='ltr'><strong><em>οἱ</em></strong></span> <span class='ocrx_word' id='word_1_166' title='bbox 1960 2485 2035 2553; x_wconf 76' lang='grc' dir='ltr'><strong><em>δὲ</em></strong></span> <span class='ocrx_word' id='word_1_167' title='bbox 2069 2483 2323 2573; x_wconf 91' lang='grc' dir='ltr'><strong><em>Ερμου</em></strong></span> <span class='ocrx_word' id='word_1_168' title='bbox 2370 2486 2482 2552; x_wconf 87' lang='grc' dir='ltr'><strong><em>καὶ</em></strong></span> 
     </span>
     <span class='ocr_line' id='line_1_23' title="bbox 179 2584 2481 2682; baseline 0 -23"><span class='ocrx_word' id='word_1_169' title='bbox 179 2591 546 2682; x_wconf 79' lang='grc' dir='ltr'><strong><em>Οὐρανίας.</em></strong></span> <span class='ocrx_word' id='word_1_170' title='bbox 631 2594 886 2679; x_wconf 84' lang='grc' dir='ltr'><strong><em>λέγεται</em></strong></span> <span class='ocrx_word' id='word_1_171' title='bbox 933 2591 1008 2660; x_wconf 74' lang='grc' dir='ltr'><strong><em>δὲ</em></strong></span> <span class='ocrx_word' id='word_1_172' title='bbox 1053 2595 1312 2681; x_wconf 75' lang='grc' dir='ltr'><strong><em>πρῶτος</em></strong></span> <span class='ocrx_word' id='word_1_173' title='bbox 1356 2584 1555 2671; x_wconf 84' lang='grc' dir='ltr'><strong><em>οὗτος</em></strong></span> <span class='ocrx_word' id='word_1_174' title='bbox 1600 2590 1730 2660; x_wconf 82' lang='grc' dir='ltr'><strong><em>άπὸ</em></strong></span> <span class='ocrx_word' id='word_1_175' title='bbox 1776 2598 2096 2679; x_wconf 82' lang='grc' dir='ltr'><strong><em>Φοινίκης</em></strong></span> <span class='ocrx_word' id='word_1_176' title='bbox 2132 2592 2481 2680; x_wconf 92' lang='grc' dir='ltr'><strong><em>γράμματα</em></strong></span> 
     </span>
     <span class='ocr_line' id='line_1_24' title="bbox 179 2696 2483 2788; baseline 0.001 -23"><span class='ocrx_word' id='word_1_177' title='bbox 179 2704 277 2779; x_wconf 83' lang='grc' dir='ltr'><strong><em>εἰς</em></strong></span> <span class='ocrx_word' id='word_1_178' title='bbox 295 2700 637 2788; x_wconf 65' lang='grc' dir='ltr'><strong><em>’Έλληνας</em></strong></span> <span class='ocrx_word' id='word_1_179' title='bbox 681 2698 981 2787; x_wconf 81' lang='grc' dir='ltr'><strong><em>άγαγεῖν,</em></strong></span> <span class='ocrx_word' id='word_1_180' title='bbox 1028 2701 1346 2786; x_wconf 84' lang='grc' dir='ltr'><strong><em>γενέσθαι</em></strong></span> <span class='ocrx_word' id='word_1_181' title='bbox 1385 2698 1460 2766; x_wconf 72' lang='grc' dir='ltr'><strong><em>δὲ</em></strong></span> <span class='ocrx_word' id='word_1_182' title='bbox 1495 2698 1609 2767; x_wconf 81' lang='grc' dir='ltr'><strong><em>καὶ</em></strong></span> <span class='ocrx_word' id='word_1_183' title='bbox 1636 2696 2042 2785; x_wconf 84' lang='grc' dir='ltr'><strong><em>Ἡρακλέους</em></strong></span> <span class='ocrx_word' id='word_1_184' title='bbox 2080 2697 2483 2779; x_wconf 89' lang='grc' dir='ltr'><strong><em>διδάσκαλος</em></strong></span> 
     </span>
     <span class='ocr_line' id='line_1_25' title="bbox 177 2805 2482 2895; baseline 0.001 -22"><span class='ocrx_word' id='word_1_185' title='bbox 177 2810 615 2895; x_wconf 76' lang='grc' dir='ltr'><strong><em>γραμμάτων,</em></strong></span> <span class='ocrx_word' id='word_1_186' title='bbox 649 2808 760 2874; x_wconf 82' lang='grc' dir='ltr'><strong><em>καὶ</em></strong></span> <span class='ocrx_word' id='word_1_187' title='bbox 797 2811 916 2893; x_wconf 83' lang='grc' dir='ltr'><strong><em>τῆς</em></strong></span> <span class='ocrx_word' id='word_1_188' title='bbox 951 2810 1226 2892; x_wconf 86' lang='grc' dir='ltr'><strong><em>λυρικῆς</em></strong></span> <span class='ocrx_word' id='word_1_189' title='bbox 1269 2805 1525 2892; x_wconf 85' lang='grc' dir='ltr'><strong><em>μούσης</em></strong></span> <span class='ocrx_word' id='word_1_190' title='bbox 1560 2810 1819 2892; x_wconf 77' lang='grc' dir='ltr'><strong><em>πρῶτος</em></strong></span> <span class='ocrx_word' id='word_1_191' title='bbox 1847 2808 2167 2893; x_wconf 80' lang='grc' dir='ltr'><strong><em>γενέσθαι</em></strong></span> <span class='ocrx_word' id='word_1_192' title='bbox 2197 2805 2482 2895; x_wconf 74' lang='grc' dir='ltr'><strong><em>ἡγεμών.</em></strong></span> 
     </span>
    </p>

    <p class='ocr_par' dir='ltr' id='par_1_7' title="bbox 363 2914 2558 3003">
     <span class='ocr_line' id='line_1_26' title="bbox 363 2914 2558 3003; baseline 0 -21"><span class='ocrx_word' id='word_1_193' title='bbox 363 2914 905 2982; x_wconf 82' lang='lat' dir='ltr'><strong>OOGCLXXXV.</strong></span> <span class='ocrx_word' id='word_1_194' title='bbox 980 2916 1222 2992; x_wconf 90' lang='grc' dir='ltr'><strong><em>Λίνος</em></strong></span> <span class='ocrx_word' id='word_1_195' title='bbox 1273 2914 1524 2998; x_wconf 82' lang='grc' dir='ltr'><strong><em>ἔτερος,</em></strong></span> <span class='ocrx_word' id='word_1_196' title='bbox 1571 2918 1893 2999; x_wconf 80' lang='grc' dir='ltr'><strong><em>Θηβαῖος,</em></strong></span> <span class='ocrx_word' id='word_1_197' title='bbox 1939 2915 2281 3003; x_wconf 78' lang='grc' dir='ltr'><strong><em>νεώτερος.</em></strong></span> <span class='ocrx_word' id='word_1_198' title='bbox 2506 2932 2558 2971; x_wconf 77' lang='lat'><strong><em>2⁵</em></strong></span> 
     </span>
    </p>

    <p class='ocr_par' dir='ltr' id='par_1_8' title="bbox 362 3015 2539 3107">
     <span class='ocr_line' id='line_1_27' title="bbox 362 3015 2539 3107; baseline -0.002 -17"><span class='ocrx_word' id='word_1_199' title='bbox 362 3020 940 3090; x_wconf 82' lang='lat' dir='ltr'><strong>CCCCLXXXVI.</strong></span> <span class='ocrx_word' id='word_1_200' title='bbox 999 3026 1393 3105; x_wconf 79' lang='grc' dir='ltr'><strong><em>Λογγῖνος</em></strong></span> <span class='ocrx_word' id='word_1_201' title='bbox 1421 3015 1457 3086; x_wconf 85' lang='grc' dir='ltr'><em>ὃ</em></span> <span class='ocrx_word' id='word_1_202' title='bbox 1488 3017 1812 3105; x_wconf 87' lang='grc' dir='ltr'><strong><em>Κάσσιος,</em></strong></span> <span class='ocrx_word' id='word_1_203' title='bbox 1855 3020 2255 3107; x_wconf 89' lang='grc' dir='ltr'><strong><em>φιλόσοφος,</em></strong></span> <span class='ocrx_word' id='word_1_204' title='bbox 2295 3018 2483 3086; x_wconf 87' lang='grc' dir='ltr'><strong><em>διδά-</em></strong></span> <span class='ocrx_word' id='word_1_205' title='bbox 2532 3096 2539 3102; x_wconf 22' lang='grc' dir='ltr'>ι</span> 
     </span>
    </p>
   </div>
   <div class='ocr_carea' id='block_1_6' title="bbox 187 3138 618 3148">
    <p class='ocr_par' dir='ltr' id='par_1_9' title="bbox 187 3138 618 3148">
     <span class='ocr_line' id='line_1_28' title="bbox 187 3138 618 3148; baseline 0 1744"><span class='ocrx_word' id='word_1_206' title='bbox 187 3138 618 3148; x_wconf 95' lang='lat' dir='ltr'><strong><em> </em></strong></span> 
     </span>
    </p>
   </div>
   <div class='ocr_carea' id='block_1_7' title="bbox 183 3204 2527 4313">
    <p class='ocr_par' dir='ltr' id='par_1_10' title="bbox 183 3204 2527 3916">
     <span class='ocr_line' id='line_1_29' title="bbox 328 3204 2478 3277; baseline -0.001 -13"><span class='ocrx_word' id='word_1_207' title='bbox 328 3206 791 3265; x_wconf 87' lang='lat' dir='ltr'>CCCCLXXXIII</span> <span class='ocrx_word' id='word_1_208' title='bbox 830 3206 980 3260; x_wconf 78' lang='lat' dir='ltr'><strong><em>Eud.</em></strong></span> <span class='ocrx_word' id='word_1_209' title='bbox 1017 3224 1073 3275; x_wconf 89' lang='lat' dir='ltr'><strong><em>p.</em></strong></span> <span class='ocrx_word' id='word_1_210' title='bbox 1103 3211 1224 3260; x_wconf 83' lang='lat'><strong>462.</strong></span> <span class='ocrx_word' id='word_1_211' title='bbox 1284 3205 1371 3264; x_wconf 85' lang='lat' dir='ltr'><strong><em>cf.</em></strong></span> <span class='ocrx_word' id='word_1_212' title='bbox 1401 3204 1586 3272; x_wconf 84' lang='lat' dir='ltr'>Daub,</span> <span class='ocrx_word' id='word_1_213' title='bbox 1628 3205 1785 3261; x_wconf 71' lang='lat' dir='ltr'><strong>Stud.</strong></span> <span class='ocrx_word' id='word_1_214' title='bbox 1822 3224 1877 3276; x_wconf 87' lang='lat' dir='ltr'><strong><em>p.</em></strong></span> <span class='ocrx_word' id='word_1_215' title='bbox 1916 3214 1984 3263; x_wconf 90' lang='grc'><strong><em>62</em></strong></span> <span class='ocrx_word' id='word_1_216' title='bbox 2131 3214 2163 3261; x_wconf 95' lang='grc'><strong>6</strong></span> <span class='ocrx_word' id='word_1_217' title='bbox 2210 3208 2290 3262; x_wconf 83' lang='lat' dir='ltr'><strong><em>sio</em></strong></span> <span class='ocrx_word' id='word_1_218' title='bbox 2334 3209 2478 3277; x_wconf 62' lang='grc' dir='ltr'><strong><em>ναῖς.</em></strong></span> 
     </span>
     <span class='ocr_line' id='line_1_30' title="bbox 187 3280 2480 3359; baseline 0.001 -21"><span class='ocrx_word' id='word_1_219' title='bbox 187 3286 343 3343; x_wconf 80' lang='lat' dir='ltr'><strong><em>Eud.</em></strong></span> <span class='ocrx_word' id='word_1_220' title='bbox 385 3285 657 3357; x_wconf 86' lang='grc' dir='ltr'><strong><em>σοφιστὴς</em></strong></span> <span class='ocrx_word' id='word_1_221' title='bbox 687 3280 990 3359; x_wconf 78' lang='grc' dir='ltr'><strong><em>Ἀντιοχεὺς</em></strong></span> <span class='ocrx_word' id='word_1_222' title='bbox 1018 3290 1134 3353; x_wconf 76' lang='lat' dir='ltr'><strong><em>AV,</em></strong></span> <span class='ocrx_word' id='word_1_223' title='bbox 1173 3285 1323 3355; x_wconf 88' lang='lat' dir='ltr'><strong>quod</strong></span> <span class='ocrx_word' id='word_1_224' title='bbox 1363 3304 1488 3340; x_wconf 89' lang='lat' dir='ltr'><strong><em>cum</em></strong></span> <span class='ocrx_word' id='word_1_225' title='bbox 1517 3288 1759 3343; x_wconf 71' lang='lat' dir='ltr'><strong><em>Kustero</em></strong></span> <span class='ocrx_word' id='word_1_226' title='bbox 1788 3289 2031 3343; x_wconf 75' lang='lat' dir='ltr'><strong>editores</strong></span> <span class='ocrx_word' id='word_1_227' title='bbox 2059 3288 2291 3342; x_wconf 83' lang='lat' dir='ltr'>ridicule</span> <span class='ocrx_word' id='word_1_228' title='bbox 2322 3304 2480 3357; x_wconf 81' lang='lat' dir='ltr'><strong>prae·</strong></span> 
     </span>
     <span class='ocr_line' id='line_1_31' title="bbox 183 3365 2446 3433; baseline 0.001 -16"><span class='ocrx_word' id='word_1_229' title='bbox 183 3365 470 3433; x_wconf 76' lang='lat' dir='ltr'><strong>ferebant3</strong></span> <span class='ocrx_word' id='word_1_230' title='bbox 513 3384 705 3421; x_wconf 87' lang='lat' dir='ltr'><strong>verum</strong></span> <span class='ocrx_word' id='word_1_231' title='bbox 739 3366 885 3420; x_wconf 77' lang='lat' dir='ltr'><strong>vidit</strong></span> <span class='ocrx_word' id='word_1_232' title='bbox 920 3366 1091 3418; x_wconf 81' lang='lat' dir='ltr'><strong>etiam</strong></span> <span class='ocrx_word' id='word_1_233' title='bbox 1119 3365 1289 3419; x_wconf 80' lang='lat' dir='ltr'><strong><em>Daub</em></strong></span> <span class='ocrx_word' id='word_1_234' title='bbox 1399 3366 1480 3428; x_wconf 84' lang='grc' dir='ltr'><strong><em>εἷς</em></strong></span> <span class='ocrx_word' id='word_1_235' title='bbox 1520 3368 1632 3421; x_wconf 78' lang='grc' dir='ltr'><strong><em>τῶν</em></strong></span> <span class='ocrx_word' id='word_1_236' title='bbox 1669 3368 1810 3423; x_wconf 84' lang='lat' dir='ltr'><strong>coni.</strong></span> <span class='ocrx_word' id='word_1_237' title='bbox 1842 3370 2012 3423; x_wconf 80' lang='lat' dir='ltr'><strong><em>Daub</em></strong></span> <span class='ocrx_word' id='word_1_238' title='bbox 2051 3366 2133 3431; x_wconf 81' lang='grc' dir='ltr'><strong><em>εἷς</em></strong></span> <span class='ocrx_word' id='word_1_239' title='bbox 2169 3386 2276 3423; x_wconf 93' lang='lat' dir='ltr'><strong><em>om.</em></strong></span> <span class='ocrx_word' id='word_1_240' title='bbox 2317 3366 2446 3421; x_wconf 86' lang='lat' dir='ltr'><strong>libri</strong></span> 
     </span>
     <span class='ocr_line' id='line_1_32' title="bbox 185 3440 2484 3520; baseline 0.001 -23"><span class='ocrx_word' id='word_1_241' title='bbox 185 3450 213 3497; x_wconf 76' lang='lat'><strong>7</strong></span> <span class='ocrx_word' id='word_1_242' title='bbox 259 3442 354 3501; x_wconf 77' lang='grc' dir='ltr'><strong><em>ἐπὶ</em></strong></span> <span class='ocrx_word' id='word_1_243' title='bbox 393 3448 508 3501; x_wconf 77' lang='grc' dir='ltr'><strong><em>τῶν</em></strong></span> <span class='ocrx_word' id='word_1_244' title='bbox 544 3447 688 3515; x_wconf 75' lang='lat' dir='ltr'><strong><em>vuly.</em></strong></span> <span class='ocrx_word' id='word_1_245' title='bbox 719 3446 870 3500; x_wconf 78' lang='lat' dir='ltr'><strong><em>Eud.</em></strong></span> <span class='ocrx_word' id='word_1_246' title='bbox 907 3446 1020 3498; x_wconf 80' lang='grc' dir='ltr'><strong><em>τῶν</em></strong></span> <span class='ocrx_word' id='word_1_247' title='bbox 1059 3440 1153 3498; x_wconf 77' lang='grc' dir='ltr'><strong><em>ἐπὶ</em></strong></span> <span class='ocrx_word' id='word_1_248' title='bbox 1181 3448 1333 3496; x_wconf 70' lang='lat' dir='ltr'><strong><em>AVB</em></strong></span> <span class='ocrx_word' id='word_1_249' title='bbox 1430 3448 1532 3500; x_wconf 81' lang='grc' dir='ltr'><strong><em>τοῦ</em></strong></span> <span class='ocrx_word' id='word_1_250' title='bbox 1572 3444 1905 3520; x_wconf 87' lang='grc' dir='ltr'><strong><em>παραβάτου</em></strong></span> <span class='ocrx_word' id='word_1_251' title='bbox 1943 3449 2087 3517; x_wconf 71' lang='lat' dir='ltr'><strong><em>vuly.</em></strong></span> <span class='ocrx_word' id='word_1_252' title='bbox 2126 3468 2174 3501; x_wconf 90' lang='grc' dir='ltr'><strong><em>τ.</em></strong></span> <span class='ocrx_word' id='word_1_253' title='bbox 2213 3445 2484 3517; x_wconf 82' lang='grc' dir='ltr'><strong><em>βασιλέως</em></strong></span> 
     </span>
     <span class='ocr_line' id='line_1_33' title="bbox 185 3526 2483 3597; baseline 0.001 -20"><span class='ocrx_word' id='word_1_254' title='bbox 185 3530 340 3581; x_wconf 72' lang='lat' dir='ltr'><strong><em>ARV</em></strong></span> <span class='ocrx_word' id='word_1_255' title='bbox 370 3529 522 3583; x_wconf 72' lang='lat' dir='ltr'><strong><em>Eud.</em></strong></span> <span class='ocrx_word' id='word_1_256' title='bbox 634 3526 1015 3595; x_wconf 79' lang='grc' dir='ltr'><strong><em>πρεσβυτέρου</em></strong></span> <span class='ocrx_word' id='word_1_257' title='bbox 1053 3526 1225 3594; x_wconf 65' lang='lat' dir='ltr'><strong><em>Eud„</em></strong></span> <span class='ocrx_word' id='word_1_258' title='bbox 1264 3526 1416 3594; x_wconf 90' lang='lat' dir='ltr'>quod</span> <span class='ocrx_word' id='word_1_259' title='bbox 1452 3527 1651 3581; x_wconf 77' lang='lat' dir='ltr'><strong>laudat</strong></span> <span class='ocrx_word' id='word_1_260' title='bbox 1686 3528 2044 3597; x_wconf 63' lang='grc' dir='ltr'><strong><em>Βετπὴανιῖῃς</em></strong></span> <span class='ocrx_word' id='word_1_261' title='bbox 2084 3527 2182 3581; x_wconf 83' lang='lat' dir='ltr'><strong><em>sed</em></strong></span> <span class='ocrx_word' id='word_1_262' title='bbox 2220 3526 2344 3581; x_wconf 82' lang='lat' dir='ltr'><strong>of.v.</strong></span> <span class='ocrx_word' id='word_1_263' title='bbox 2375 3529 2483 3579; x_wconf 90' lang='grc' dir='ltr'><strong><em>Νι-</em></strong></span> 
     </span>
     <span class='ocr_line' id='line_1_34' title="bbox 185 3601 2527 3679; baseline 0 -21"><span class='ocrx_word' id='word_1_264' title='bbox 185 3604 392 3672; x_wconf 83' lang='grc' dir='ltr'><strong><em>κόλαος</em></strong></span> <span class='ocrx_word' id='word_1_265' title='bbox 432 3604 616 3679; x_wconf 74' lang='grc' dir='ltr'><strong><em>ἆήτωρ</em></strong></span> <span class='ocrx_word' id='word_1_266' title='bbox 739 3612 771 3659; x_wconf 92' lang='grc'>8</span> <span class='ocrx_word' id='word_1_267' title='bbox 804 3608 974 3675; x_wconf 85' lang='grc' dir='ltr'><strong><em>Φασγ.</em></strong></span> <span class='ocrx_word' id='word_1_268' title='bbox 1007 3637 1073 3646; x_wconf 89' lang='grc'>-</span> <span class='ocrx_word' id='word_1_269' title='bbox 1103 3612 1272 3673; x_wconf 89' lang='grc' dir='ltr'><strong><em>Διοφ.</em></strong></span> <span class='ocrx_word' id='word_1_270' title='bbox 1305 3624 1412 3661; x_wconf 92' lang='lat' dir='ltr'><strong><em>om.</em></strong></span> <span class='ocrx_word' id='word_1_271' title='bbox 1444 3606 1597 3662; x_wconf 80' lang='lat' dir='ltr'><strong><em>Eud.</em></strong></span> <span class='ocrx_word' id='word_1_272' title='bbox 1720 3614 1751 3662; x_wconf 88' lang='lat'>9</span> <span class='ocrx_word' id='word_1_273' title='bbox 1792 3606 1873 3670; x_wconf 80' lang='grc' dir='ltr'><strong><em>εἰς</em></strong></span> <span class='ocrx_word' id='word_1_274' title='bbox 1908 3612 2120 3661; x_wconf 85' lang='grc' dir='ltr'><strong><em>Κωνστ.</em></strong></span> <span class='ocrx_word' id='word_1_275' title='bbox 2152 3627 2197 3662; x_wconf 89' lang='grc' dir='ltr'><strong><em>τ.</em></strong></span> <span class='ocrx_word' id='word_1_276' title='bbox 2232 3608 2281 3679; x_wconf 87' lang='grc' dir='ltr'><strong><em>β.</em></strong></span> <span class='ocrx_word' id='word_1_277' title='bbox 2313 3601 2482 3674; x_wconf 56' lang='lat' dir='ltr'><strong><em>{yuui-</em></strong></span> <span class='ocrx_word' id='word_1_278' title='bbox 2512 3624 2527 3635; x_wconf 55' lang='lat'>⁸</span> 
     </span>
     <span class='ocr_line' id='line_1_35' title="bbox 187 3681 2479 3758; baseline -0.001 -19"><span class='ocrx_word' id='word_1_279' title='bbox 187 3706 317 3754; x_wconf 83' lang='grc' dir='ltr'><strong><em>μιον</em></strong></span> <span class='ocrx_word' id='word_1_280' title='bbox 353 3689 502 3758; x_wconf 75' lang='lat' dir='ltr'><strong><em>vuly.</em></strong></span> <span class='ocrx_word' id='word_1_281' title='bbox 532 3686 682 3742; x_wconf 79' lang='lat' dir='ltr'><strong><em>Eud.</em></strong></span> <span class='ocrx_word' id='word_1_282' title='bbox 725 3681 1002 3755; x_wconf 73' lang='grc' dir='ltr'><strong><em>ἐγκώμιον</em></strong></span> <span class='ocrx_word' id='word_1_283' title='bbox 1033 3684 1113 3748; x_wconf 85' lang='grc' dir='ltr'><strong><em>εἰς</em></strong></span> <span class='ocrx_word' id='word_1_284' title='bbox 1142 3691 1208 3741; x_wconf 89' lang='lat' dir='ltr'><strong><em>K.</em></strong></span> <span class='ocrx_word' id='word_1_285' title='bbox 1238 3691 1282 3738; x_wconf 83' lang='grc' dir='ltr'><strong>Δ</strong></span> <span class='ocrx_word' id='word_1_286' title='bbox 1425 3691 1490 3740; x_wconf 92' lang='grc'><strong><em>10</em></strong></span> <span class='ocrx_word' id='word_1_287' title='bbox 1529 3686 1626 3740; x_wconf 82' lang='grc' dir='ltr'><strong><em>καὶ</em></strong></span> <span class='ocrx_word' id='word_1_288' title='bbox 1655 3687 1782 3742; x_wconf 84' lang='lat' dir='ltr'><strong>add.</strong></span> <span class='ocrx_word' id='word_1_289' title='bbox 1819 3691 1969 3739; x_wconf 77' lang='lat' dir='ltr'><strong><em>ABv</em></strong></span> <span class='ocrx_word' id='word_1_290' title='bbox 1998 3687 2150 3741; x_wconf 78' lang='lat' dir='ltr'><strong><em>Eud.</em></strong></span> <span class='ocrx_word' id='word_1_291' title='bbox 2188 3702 2297 3739; x_wconf 92' lang='lat' dir='ltr'><strong><em>om.</em></strong></span> <span class='ocrx_word' id='word_1_292' title='bbox 2334 3686 2479 3753; x_wconf 71' lang='lat' dir='ltr'><strong><em>vuly.</em></strong></span> 
     </span>
     <span class='ocr_line' id='line_1_36' title="bbox 193 3760 2481 3837; baseline 0 -20"><span class='ocrx_word' id='word_1_293' title='bbox 193 3771 254 3819; x_wconf 91' lang='lat'><strong><em>11</em></strong></span> <span class='ocrx_word' id='word_1_294' title='bbox 296 3760 466 3830; x_wconf 82' lang='grc' dir='ltr'><strong><em>οὗτος</em></strong></span> <span class='ocrx_word' id='word_1_295' title='bbox 495 3800 562 3809; x_wconf 83' lang='grc'>-</span> <span class='ocrx_word' id='word_1_296' title='bbox 601 3767 730 3821; x_wconf 59' lang='lat' dir='ltr'><strong><em>exii..</em></strong></span> <span class='ocrx_word' id='word_1_297' title='bbox 768 3784 874 3821; x_wconf 89' lang='lat' dir='ltr'><strong><em>om.</em></strong></span> <span class='ocrx_word' id='word_1_298' title='bbox 907 3766 1072 3834; x_wconf 65' lang='lat' dir='ltr'><strong><em>Eud„</em></strong></span> <span class='ocrx_word' id='word_1_299' title='bbox 1111 3765 1317 3835; x_wconf 89' lang='lat' dir='ltr'><strong><em>quippe</em></strong></span> <span class='ocrx_word' id='word_1_300' title='bbox 1357 3782 1500 3837; x_wconf 86' lang='lat' dir='ltr'><strong>quae</strong></span> <span class='ocrx_word' id='word_1_301' title='bbox 1541 3766 1879 3821; x_wconf 75' lang='lat' dir='ltr'><strong>accesserint</strong></span> <span class='ocrx_word' id='word_1_302' title='bbox 1914 3784 1983 3821; x_wconf 83' lang='lat' dir='ltr'><strong><em>ex</em></strong></span> <span class='ocrx_word' id='word_1_303' title='bbox 2017 3764 2227 3835; x_wconf 83' lang='lat' dir='ltr'><strong>Eunap.</strong></span> <span class='ocrx_word' id='word_1_304' title='bbox 2257 3765 2284 3817; x_wconf 94' lang='lat' dir='ltr'>I</span> <span class='ocrx_word' id='word_1_305' title='bbox 2313 3782 2364 3833; x_wconf 87' lang='lat' dir='ltr'><strong><em>p.</em></strong></span> <span class='ocrx_word' id='word_1_306' title='bbox 2394 3769 2481 3831; x_wconf 88' lang='grc'><strong><em>68,</em></strong></span> 
     </span>
     <span class='ocr_line' id='line_1_37' title="bbox 194 3841 2353 3916; baseline 0.001 -20"><span class='ocrx_word' id='word_1_307' title='bbox 194 3850 294 3899; x_wconf 81' lang='grc'><strong><em>339</em></strong></span> <span class='ocrx_word' id='word_1_308' title='bbox 333 3852 394 3903; x_wconf 73' lang='lat' dir='ltr'><strong><em>et</em></strong></span> <span class='ocrx_word' id='word_1_309' title='bbox 431 3854 535 3902; x_wconf 83' lang='lat'><strong><em>544</em></strong></span> <span class='ocrx_word' id='word_1_310' title='bbox 555 3864 668 3916; x_wconf 87' lang='lat' dir='ltr'><strong><em>seq.</em></strong></span> <span class='ocrx_word' id='word_1_311' title='bbox 733 3845 812 3899; x_wconf 84' lang='lat' dir='ltr'><strong><em>Cf.</em></strong></span> <span class='ocrx_word' id='word_1_312' title='bbox 855 3844 1006 3899; x_wconf 88' lang='lat' dir='ltr'><strong>Suid.</strong></span> <span class='ocrx_word' id='word_1_313' title='bbox 1047 3865 1087 3899; x_wconf 84' lang='lat' dir='ltr'><strong><em>s.</em></strong></span> <span class='ocrx_word' id='word_1_314' title='bbox 1125 3841 1371 3909; x_wconf 82' lang='grc' dir='ltr'><strong><em>Ἀκάκιος</em></strong></span> <span class='ocrx_word' id='word_1_315' title='bbox 1409 3847 1468 3901; x_wconf 75' lang='lat' dir='ltr'><strong><em>et</em></strong></span> <span class='ocrx_word' id='word_1_316' title='bbox 1503 3864 1648 3915; x_wconf 88' lang='lat' dir='ltr'><strong>quae</strong></span> <span class='ocrx_word' id='word_1_317' title='bbox 1687 3846 1802 3900; x_wconf 85' lang='lat' dir='ltr'><strong>dixi</strong></span> <span class='ocrx_word' id='word_1_318' title='bbox 1837 3846 1979 3900; x_wconf 85' lang='lat' dir='ltr'><strong><em>Mus.</em></strong></span> <span class='ocrx_word' id='word_1_319' title='bbox 2018 3847 2191 3900; x_wconf 87' lang='lat' dir='ltr'><strong>Rhen.</strong></span> <span class='ocrx_word' id='word_1_320' title='bbox 2229 3844 2266 3899; x_wconf 94' lang='grc'><strong><em>1.</em></strong></span> <span class='ocrx_word' id='word_1_321' title='bbox 2307 3862 2353 3898; x_wconf 87' lang='lat' dir='ltr'><strong><em>c.</em></strong></span> 
     </span>
    </p>

    <p class='ocr_par' dir='ltr' id='par_1_11' title="bbox 195 3920 2480 4153">
     <span class='ocr_line' id='line_1_38' title="bbox 335 3920 2480 3997; baseline -0.002 -15"><span class='ocrx_word' id='word_1_322' title='bbox 335 3926 794 3983; x_wconf 86' lang='lat' dir='ltr'>CCCCLXXXIV</span> <span class='ocrx_word' id='word_1_323' title='bbox 833 3943 940 3983; x_wconf 88' lang='lat' dir='ltr'><strong><em>om.</em></strong></span> <span class='ocrx_word' id='word_1_324' title='bbox 973 3926 1244 3981; x_wconf 66' lang='lat' dir='ltr'><strong><em>VVesterm.</em></strong></span> <span class='ocrx_word' id='word_1_325' title='bbox 1274 3928 1428 3982; x_wconf 75' lang='lat' dir='ltr'><strong><em>Eud.</em></strong></span> <span class='ocrx_word' id='word_1_326' title='bbox 1457 3946 1511 3997; x_wconf 90' lang='lat' dir='ltr'><strong><em>p.</em></strong></span> <span class='ocrx_word' id='word_1_327' title='bbox 1542 3934 1663 3981; x_wconf 86' lang='lat'><strong>464.</strong></span> <span class='ocrx_word' id='word_1_328' title='bbox 1713 3928 1793 3982; x_wconf 80' lang='lat' dir='ltr'><strong><em>Cf.</em></strong></span> <span class='ocrx_word' id='word_1_329' title='bbox 1835 3927 2032 3981; x_wconf 84' lang='lat' dir='ltr'><strong>Suidas</strong></span> <span class='ocrx_word' id='word_1_330' title='bbox 2071 3944 2111 3981; x_wconf 89' lang='lat' dir='ltr'><strong><em>s.</em></strong></span> <span class='ocrx_word' id='word_1_331' title='bbox 2150 3920 2480 3995; x_wconf 80' lang='grc' dir='ltr'><strong><em>ἐμβαλόντα.</em></strong></span> 
     </span>
     <span class='ocr_line' id='line_1_39' title="bbox 195 4001 2429 4077; baseline 0 -19"><span class='ocrx_word' id='word_1_332' title='bbox 195 4001 424 4062; x_wconf 72' lang='lat' dir='ltr'><strong>Tractat</strong></span> <span class='ocrx_word' id='word_1_333' title='bbox 449 4008 731 4073; x_wconf 82' lang='lat' dir='ltr'><strong>Weleker,</strong></span> <span class='ocrx_word' id='word_1_334' title='bbox 767 4007 854 4061; x_wconf 86' lang='lat' dir='ltr'><strong><em>Kl.</em></strong></span> <span class='ocrx_word' id='word_1_335' title='bbox 897 4006 1049 4060; x_wconf 82' lang='lat' dir='ltr'><strong>Schr.</strong></span> <span class='ocrx_word' id='word_1_336' title='bbox 1089 4006 1115 4057; x_wconf 94' lang='lat' dir='ltr'>I</span> <span class='ocrx_word' id='word_1_337' title='bbox 1151 4025 1206 4075; x_wconf 81' lang='lat' dir='ltr'><strong><em>p,</em></strong></span> <span class='ocrx_word' id='word_1_338' title='bbox 1237 4013 1304 4061; x_wconf 79' lang='lat'><strong><em>37</em></strong></span> <span class='ocrx_word' id='word_1_339' title='bbox 1335 4024 1447 4076; x_wconf 89' lang='lat' dir='ltr'><strong><em>seq.</em></strong></span> <span class='ocrx_word' id='word_1_340' title='bbox 1481 4010 1556 4077; x_wconf 90' lang='lat' dir='ltr'><strong><em>(p.</em></strong></span> <span class='ocrx_word' id='word_1_341' title='bbox 1587 4010 1693 4075; x_wconf 89' lang='grc'><strong><em>44).</em></strong></span> <span class='ocrx_word' id='word_1_342' title='bbox 1732 4006 1867 4062; x_wconf 77' lang='lat' dir='ltr'><strong>Vita</strong></span> <span class='ocrx_word' id='word_1_343' title='bbox 1905 4008 2166 4076; x_wconf 76' lang='lat' dir='ltr'><strong><em>suspecta</em></strong></span> <span class='ocrx_word' id='word_1_344' title='bbox 2202 4006 2429 4060; x_wconf 79' lang='lat' dir='ltr'><em>Daubio</em></span> 
     </span>
     <span class='ocr_line' id='line_1_40' title="bbox 199 4082 996 4153; baseline 0.004 -18"><span class='ocrx_word' id='word_1_345' title='bbox 199 4086 262 4135; x_wconf 80' lang='lat'><strong><em>22</em></strong></span> <span class='ocrx_word' id='word_1_346' title='bbox 301 4086 382 4141; x_wconf 84' lang='lat' dir='ltr'><strong><em>Cf.</em></strong></span> <span class='ocrx_word' id='word_1_347' title='bbox 421 4107 471 4144; x_wconf 84' lang='lat' dir='ltr'><strong><em>v,</em></strong></span> <span class='ocrx_word' id='word_1_348' title='bbox 502 4082 734 4153; x_wconf 80' lang='grc' dir='ltr'><strong><em>Κάδμος</em></strong></span> <span class='ocrx_word' id='word_1_349' title='bbox 770 4088 902 4141; x_wconf 87' lang='grc' dir='ltr'><strong><em>Μιλ.</em></strong></span> <span class='ocrx_word' id='word_1_350' title='bbox 986 4130 996 4138; x_wconf 95' lang='grc'><strong><em>.</em></strong></span> 
     </span>
    </p>

    <p class='ocr_par' dir='ltr' id='par_1_12' title="bbox 206 4164 2483 4313">
     <span class='ocr_line' id='line_1_41' title="bbox 334 4164 2483 4236; baseline -0.001 -15"><span class='ocrx_word' id='word_1_351' title='bbox 334 4164 761 4221; x_wconf 82' lang='lat' dir='ltr'>CCCCLXXXV</span> <span class='ocrx_word' id='word_1_352' title='bbox 797 4164 948 4218; x_wconf 83' lang='lat' dir='ltr'><strong><em>Eud.</em></strong></span> <span class='ocrx_word' id='word_1_353' title='bbox 989 4166 1026 4219; x_wconf 92' lang='lat'><strong><em>1.</em></strong></span> <span class='ocrx_word' id='word_1_354' title='bbox 1065 4182 1112 4220; x_wconf 84' lang='lat' dir='ltr'><strong><em>c.</em></strong></span> <span class='ocrx_word' id='word_1_355' title='bbox 1303 4172 1372 4221; x_wconf 85' lang='grc'><strong><em>25</em></strong></span> <span class='ocrx_word' id='word_1_356' title='bbox 1418 4164 1538 4221; x_wconf 77' lang='grc' dir='ltr'><strong><em>ἔστι</em></strong></span> <span class='ocrx_word' id='word_1_357' title='bbox 1586 4164 1649 4220; x_wconf 75' lang='grc' dir='ltr'><strong><em>δὲ</em></strong></span> <span class='ocrx_word' id='word_1_358' title='bbox 1693 4166 1791 4221; x_wconf 82' lang='grc' dir='ltr'><strong><em>καὶ</em></strong></span> <span class='ocrx_word' id='word_1_359' title='bbox 1830 4164 2017 4236; x_wconf 76' lang='grc' dir='ltr'><strong><em>ἕτερος</em></strong></span> <span class='ocrx_word' id='word_1_360' title='bbox 2053 4164 2205 4220; x_wconf 74' lang='lat' dir='ltr'><strong><em>Eud.</em></strong></span> <span class='ocrx_word' id='word_1_361' title='bbox 2243 4182 2483 4235; x_wconf 82' lang='lat' dir='ltr'><strong>pergens</strong></span> 
     </span>
     <span class='ocr_line' id='line_1_42' title="bbox 206 4241 739 4313; baseline 0.006 -18"><span class='ocrx_word' id='word_1_362' title='bbox 206 4241 466 4313; x_wconf 80' lang='grc' dir='ltr'><strong><em>νεώτερος</em></strong></span> <span class='ocrx_word' id='word_1_363' title='bbox 501 4242 739 4313; x_wconf 83' lang='grc' dir='ltr'><strong><em>ποιητής</em></strong></span> 
     </span>
    </p>
   </div>
   <div class='ocr_carea' id='block_1_8' title="bbox 301 4324 2493 4487">
    <p class='ocr_par' dir='ltr' id='par_1_13' title="bbox 301 4324 2493 4487">
     <span class='ocr_line' id='line_1_43' title="bbox 337 4324 2482 4398; baseline 0.001 -16"><span class='ocrx_word' id='word_1_364' title='bbox 337 4324 790 4382; x_wconf 81' lang='lat' dir='ltr'><strong>ccc0Lxxxv1</strong></span> <span class='ocrx_word' id='word_1_365' title='bbox 820 4324 970 4381; x_wconf 70' lang='lat' dir='ltr'><strong><em>Eud.</em></strong></span> <span class='ocrx_word' id='word_1_366' title='bbox 993 4344 1044 4395; x_wconf 83' lang='lat' dir='ltr'><strong><em>p.</em></strong></span> <span class='ocrx_word' id='word_1_367' title='bbox 1062 4331 1182 4381; x_wconf 81' lang='lat'><strong>466.</strong></span> <span class='ocrx_word' id='word_1_368' title='bbox 1225 4326 1689 4397; x_wconf 77' lang='lat' dir='ltr'><strong>cf.Daub,Stud.</strong></span> <span class='ocrx_word' id='word_1_369' title='bbox 1719 4334 1904 4398; x_wconf 89' lang='lat' dir='ltr'><strong>p.111.</strong></span> <span class='ocrx_word' id='word_1_370' title='bbox 1978 4324 2208 4383; x_wconf 48' lang='lat'><strong><em>2652052</em></strong></span> <span class='ocrx_word' id='word_1_371' title='bbox 2230 4333 2296 4384; x_wconf 82' lang='lat' dir='ltr'><strong><em>K.</em></strong></span> <span class='ocrx_word' id='word_1_372' title='bbox 2315 4329 2482 4385; x_wconf 64' lang='lat' dir='ltr'><strong><em>Daue,</em></strong></span> 
     </span>
     <span class='ocr_line' id='line_1_44' title="bbox 301 4424 2493 4487; baseline -0.001 -14"><span class='ocrx_word' id='word_1_373' title='bbox 301 4434 601 4487; x_wconf 67' lang='lat' dir='ltr'><strong><em>Ennomus,</em></strong></span> <span class='ocrx_word' id='word_1_374' title='bbox 629 4434 698 4475; x_wconf 75' lang='lat' dir='ltr'><strong><em>ed.</em></strong></span> <span class='ocrx_word' id='word_1_375' title='bbox 727 4435 885 4475; x_wconf 75' lang='lat' dir='ltr'><strong>mach.</strong></span> <span class='ocrx_word' id='word_1_376' title='bbox 2026 4424 2057 4471; x_wconf 85' lang='lat'>9</span> <span class='ocrx_word' id='word_1_377' title='bbox 2488 4451 2493 4456; x_wconf 79' lang='lat'><strong>·</strong></span> 
     </span>
    </p>
   </div>
  </div>
 </body>
</html>
