3025 4892
1042 261 1472 320 HEschmS.
2307 257 2391 323 75

116 421 234 512 κὴν
279 430 572 524 ἔκδοσιν,
610 431 672 494 εἰ
715 423 804 514 μὴ
849 423 980 514 ἄρα
1028 424 1259 512 ἐτέρου
1306 427 1462 494 ἐστί.
1556 420 1857 514 δράματα
1904 419 2114 493 αὐτοῦ
2160 423 2391 490 ταῦτα·

107 529 424 622 Ὀρέστης,
473 531 774 621 Μήδεια,
821 533 1191 619 Πολυξένη.
1289 551 1297 556 ’

280 641 809 708 OOLXXXVIII.
880 636 1326 727 Εὐριπίδης
1360 636 1785 726 Μνησάρχου
1819 633 1861 725 ἢ
1904 639 2393 725 Μνησαρχίδου

113 748 216 814 καὶ
261 749 609 832 Κλειτοῦς,
656 751 728 815 οἳ
767 746 1134 833 φεύγοντες
1177 749 1272 826 εἰς
1308 749 1643 814 Βοιωτίαν
1687 742 2096 834 μετῴκησαν,
2144 741 2282 813 εἶτα
2320 744 2393 812 έν

113 858 184 942 τῇ
210 851 481 942 Ἀττικῇ.
538 851 662 922 οὐκ
699 850 948 940 ἀληθὲς
985 852 1060 922 δὲ
1097 849 1188 933 ὥς
1221 849 1683 941 λαχανόπωλις
1716 843 1803 940 ἦν
1840 848 1881 939 ἡ
1910 850 2124 940 μήτηρ
2154 847 2393 918 αὐτοῦ·
2424 871 2450 915 ⁶

113 962 214 1028 καὶ
275 957 407 1048 γάρ
471 963 608 1030 τῶν
673 959 940 1048 σφόδρα
1005 959 1300 1047 εὐγενῶν
1361 957 1752 1048 ἐτύγχανεν,
1818 955 1908 1038 ὥς
1960 955 2396 1026 ἀποδείκνυσι

121 1066 499 1154 Φιλόχορος.
592 1068 696 1150 [ἐν
743 1065 818 1135 δὲ
863 1069 942 1156 τῇ
990 1065 1294 1154 διαβάσει
1331 1066 1584 1153 Ξέρξου
1631 1067 2063 1153 ἐκυοφορεῖτο
2110 1061 2239 1132 ὑπὸ
2280 1067 2398 1150 τῆς

117 1173 371 1263 μητρός,
417 1173 530 1243 καὶ
577 1173 812 1260 ἐτέχθη
860 1172 1018 1242 καθ’
1069 1170 1156 1262 ἣν
1202 1172 1459 1261 ἡμέραν
1479 1171 1798 1260 ’Έλληνες
1843 1173 2204 1260 ἐτρέψαντο
2240 1167 2399 1249 τοὺς

118 1283 388 1366 Πέρσας.
463 1281 698 1368 γέγονε
746 1280 820 1349 δὲ
866 1279 946 1348 τὰ
991 1284 1216 1368 πρῶτα
1263 1279 1631 1368 ζωγράφος,
1678 1277 1819 1348 εἶτα
1865 1276 2171 1368 μαθητὴς
2217 1285 2396 1360 Προ-

120 1392 304 1456 δίκου
347 1386 468 1475 μὲν
516 1387 591 1455 ἐν
637 1400 776 1468 τοῖς
823 1389 1219 1476 ῥητορικοῖς,
1268 1385 1675 1475 Σωκράτους
1720 1386 1795 1456 δὲ
1843 1388 1917 1455 ἐν
1952 1399 2093 1468 τοῖς
2128 1382 2395 1472 ἠθικοῖς
2426 1409 2477 1450 ιο

48 1537 51 1542 ·
107 1494 217 1561 ’καὶ
285 1490 706 1580 φιλοσόφοις.
807 1493 1124 1581 διήκουσε
1184 1495 1256 1562 δὲ
1309 1494 1421 1562 καὶ
1469 1491 1923 1581 Ἀναξαγόρου
1974 1496 2097 1562 τοῦ
2152 1497 2402 1573 Κλαζο-

120 1606 360 1686 μενίου.
427 1600 532 1691 ἐπὶ
568 1604 950 1693 τραγῳδίαν
999 1599 1073 1669 δὲ
1111 1599 1358 1686 ἐτράπη
1395 1599 1517 1670 τὸν
1546 1597 1995 1688 Ἀναξαγόραν
2034 1597 2203 1668 ι’δών
2239 1595 2402 1666 ὑπο-

121 1710 354 1776 στάντα
406 1704 774 1788 κινδύνους
831 1703 922 1775 δι’
972 1705 1138 1795 ἅπερ
1196 1710 1412 1794 είσῆξε
1468 1707 1783 1797 δόγματα.
1869 1704 2272 1794 σκυθρωπὸς
2327 1705 2402 1774 δὲ

119 1807 194 1901 ἦν
248 1812 322 1883 τὸ
379 1807 554 1902 ἦθος
607 1814 717 1882 καὶ
772 1811 1050 1903 ἀμειδὴς
1102 1815 1214 1882 καὶ
1269 1814 1545 1903 φεύγων
1598 1812 1717 1894 τὰς
1773 1820 2166 1898 συνουσίας,
2233 1811 2401 1881 ὅθεν

118 1922 219 1989 καὶ
273 1920 640 2008 μισογύνης
695 1919 1047 2008 ἐδοξάσθη.
1140 1926 1337 2009 ἔγημε
1395 1921 1470 1990 δὲ
1527 1918 1706 2009 ὅμως
1760 1920 2031 2009 πρώτην
2078 1920 2202 2009 μὲν
2248 1928 2483 1987 Xon-1⁵

121 2034 309 2115 ρίνην
370 2028 714 2116 θυγατέρα
777 2027 1254 2116 Μνησιλόχου,
1319 2030 1385 2110 ἐξ
1448 2019 1530 2116 ἧς
1594 2033 1741 2115 ἔσχε
1798 2033 2235 2116 Μνησίλοχον
2292 2029 2405 2095 καὶ

121 2139 603 2224 Μνησαρχίδην
655 2136 768 2204 καὶ
832 2132 1246 2225 Εὐριπίδην,
1303 2132 1741 2224 ἀπωσάμενος
1805 2135 1880 2204 δὲ
1941 2134 2193 2222 ταύτην
2257 2139 2405 2220 ἔσχε

113 2245 218 2311 «καὶ
264 2243 605 2331 δευτέραν,
649 2242 759 2312 καὶ
805 2241 1049 2330 ταύτης
1096 2239 1343 2330 ὁμοίως
1387 2240 1767 2321 ἀκολάστου
1802 2246 2163 2328 πειραθείς.
2237 2238 2401 2310 ἀπά·

123 2377 233 2436 ρας
288 2349 363 2419 δὲ
423 2346 537 2418 ἀπ’
573 2347 895 2436 ’Ἀθηνῶν
949 2342 1120 2436 ἦλθε
1174 2349 1341 2438 πρὸς
1380 2348 1736 2438 Ἀρχέλαον
1780 2348 1901 2417 τὸν
1945 2349 2223 2436 βασιλέα
2266 2352 2403 2416 τῶν
2503 2330 2519 2346 ⁸

122 2454 559 2541 Μακεδόνων,
605 2453 764 2542 παρ’
815 2447 869 2548 ᾦ
917 2459 1106 2544 διῆγε
1151 2461 1269 2544 τῆς
1311 2455 1520 2545 ἄκρας
1564 2455 1932 2526 ἀπολαύων
1973 2461 2181 2544 τιμῆς.
2274 2457 2403 2523 ἐτε-
2432 2481 2487 2522 το

122 2562 385 2650 λεύτησε
451 2562 528 2630 δὲ
589 2559 719 2631 ὑπὸ
791 2563 1151 2650 ἐπιβουλῆς
1199 2561 1586 2653 Ἀρριβαίου
1648 2567 1771 2632 τοῦ
1830 2563 2231 2642 Μακεδόνος
2292 2561 2404 2629 καὶ

122 2669 424 2755 Κρατεύα
489 2673 610 2738 τοῦ
664 2673 1031 2755 Θετταλοῦ,
1095 2673 1392 2756 ποιητῶν
1458 2669 1677 2740 ὄντων
1736 2671 1847 2739 καὶ
1902 2667 2407 2758 φθονησάντων.

123 2773 315 2868 αὐτῷ,
351 2775 732 2844 πεισάντων
767 2782 835 2852 ie
869 2773 991 2845 τὸν
1017 2779 1344 2863 βασιλέως
1371 2779 1635 2866 οἰκέτην
1663 2775 1961 2864 τοῦνομα
1991 2781 2405 2863 Λυσίμαχον,

124 2881 170 2947 ι’
213 2884 404 2970 μνῶν
449 2878 939 2972 ἀγορασθέντα,
985 2882 1143 2963 τοὺς
1177 2885 1500 2970 βασιλέως
1538 2881 1658 2965 οὓς
1694 2882 1892 2965 αὐτὸς
1930 2889 2161 2972 ἔτρεφε
2196 2882 2407 2963 κύνας

122 3046 301 3100 nosssro
337 3045 464 3100 loeo
495 3048 652 3100 Διον.
683 3044 739 3114 (i.
771 3059 818 3098 e.
848 3042 1096 3100 musicae
1123 3043 1392 3100 historiae
1421 3046 1637 3113 auctor)
1677 3044 1816 3118 (καὶ
1849 3039 2304 3116 Ἐρατοσθένης>
2343 3037 2406 3099 ἐν

125 3131 232 3187 τοῖς
265 3131 549 3195 χρονικοῖς
581 3123 851 3189 tent-avim
889 3123 1160 3180 librorum
1195 3123 1495 3180 lectionem
1534 3125 1834 3180 tenendam
1872 3140 1994 3179 esse
2029 3126 2169 3195 puto

260 3212 681 3268 CCLXXXVIII
726 3212 1038 3282 Descripsit.
1075 3213 1247 3266 etiam
1283 3213 1511 3270 Manuel
1547 3213 1961 3286 Moschopulus.
2018 3214 2102 3267 De
2144 3212 2251 3266 hae
2288 3211 2408 3266 vita

130 3289 405 3360 disputavi
441 3293 580 3348 Mus,
610 3292 786 3347 Rhen.
815 3291 1023 3346 XXXV
1049 3311 1104 3362 p.
1135 3299 1265 3361 210,
1303 3311 1414 3364 quo
1451 3293 1578 3350 loco
1613 3293 1788 3348 verba
1834 3289 1898 3348 ἐν
1935 3290 1999 3348 δὲ
2038 3293 2104 3364 τῇ
2145 3286 2408 3360 διαβάσει

127 3401 188 3410 -
224 3368 323 3426 τὸν
360 3368 595 3442 βασιλέα
633 3371 750 3442 (vel
785 3371 886 3426 τοῦ
919 3365 1294 3443 Ἀρεθουσίου)
1334 3374 1406 3428 ab
1434 3372 1718 3444 Hesychio
1746 3374 1933 3429 aliena
1960 3373 2109 3426 duxi.
2158 3371 2409 3426 Priorem

124 3453 494 3507 narrationem
528 3454 784 3522 praestat
821 3453 993 3506 etiam
1032 3453 1523 3526 Pseudo-Hesych.
1564 3471 1610 3508 o.
1640 3460 1710 3510 28
1747 3455 1918 3524 paulo
1955 3454 2176 3507 mutato
2216 3451 2410 3506 ordine

125 3533 412 3588 verborum
538 3539 570 3587 6
610 3532 870 3601 Siebelis‚
910 3533 1164 3589 Philoch.
1203 3533 1270 3588 fr.
1309 3554 1362 3607 p.
1403 3541 1490 3603 87,
1529 3535 1733 3589 ΜῆΠοι·
1770 3535 1796 3588 Ι
1832 3553 1887 3604 p.
1925 3540 2030 3588 412
2107 3527 2182 3595 ὡς
2221 3526 2409 3601 Φιλόχ.

125 3606 520 3667 ἀποδείκνυσιν
562 3613 773 3668 ΜοεοῘι.
920 3619 953 3669 8
993 3609 1203 3684 ἐτέχθη
1240 3613 1304 3670 δὲ
1339 3616 1484 3671 Mos.
1528 3611 1702 3684 ἐτέθη
1742 3618 1786 3667 V
1930 3621 1962 3668 9
2002 3609 2228 3682 ἐγένετο
2267 3611 2409 3666 Mos,

128 3698 186 3746 10
223 3691 329 3762 μὲν
369 3709 477 3748 om.
519 3692 660 3748 Mos.
811 3700 875 3747 13
915 3694 1182 3748 κίνδυνον
1222 3697 1366 3752 Mos,
1487 3691 1828 3764 σκυθρωπός
1864 3713 1922 3749 τε
1961 3696 2007 3743 V
2132 3697 2199 3746 14
2234 3684 2307 3760 ἦν
2344 3689 2407 3745 τὸ

124 3762 267 3841 ἦθος
306 3773 454 3827 Mos.
493 3767 558 3827 τὸ
595 3764 742 3841 ἦθος
779 3789 886 3828 om.
928 3778 1145 3827 BVEH
1291 3781 1357 3830 15
1395 3770 1687 3844 μισόγυνις
1713 3778 1863 3826 BVE
2006 3771 2228 3840 πρῶτον
2264 3771 2410 3840 vuly.

125 3849 344 3921 πρώτην
373 3855 577 3905 ABVE
691 3857 756 3907 18
793 3854 1127 3922 πειρασθεὶς
1163 3858 1209 3905 V
1319 3849 1671 3925 μεταναστὰς
1710 3851 1772 3908 δὲ
1812 3847 1917 3907 ἀπ’
1953 3854 2099 3908 Mos.
2214 3859 2277 3908 19
2312 3847 2412 3906 τὸν

132 3948 230 3986 om.
273 3932 418 3986 Mos.
458 3930 557 3986 ubi
595 3931 724 3986 add.
756 3932 1030 3989 Westerm.
1070 3935 1183 3989 τῶν
1223 3952 1330 3990 om.
1367 3941 1413 3987 V
1559 3940 1627 3988 20
1666 3934 1863 4002 διῆγεν
1900 3927 2081 4000 ἄκρας
2117 3933 2259 3987 Mos,

129 4017 189 4066 21
243 4010 302 4078 ἐξ
343 4007 490 4086 ἔπιβ.
537 4014 684 4068 Mos,
861 4008 1172 4086 Ἀρριβαίου
1211 4020 1359 4069 ABV
1409 4016 1554 4070 Mos,
1595 4015 1869 4069 Westerm.
1913 4007 2220 4081 Ἀρριδαίου
2266 4012 2410 4081 vuly.

130 4093 279 4161 (quia
309 4088 642 4162 Ἀρριδαῖος,
678 4093 826 4147 filius
863 4092 1136 4166 Philippi,
1176 4096 1416 4151 occurrit
1451 4095 1597 4149 Plut.
1638 4093 1792 4147 Alex.
1837 4093 1921 4159 10)
2050 4097 2119 4145 23
2157 4090 2253 4145 καὶ
2290 4110 2411 4144 πει-

131 4168 340 4227 σάντων
380 4173 526 4228 Mos,
567 4171 1044 4245 φθονευσάντων,
1082 4179 1148 4232 ub
1181 4176 1420 4245 videtur,
1448 4182 1519 4244 A3
1559 4177 1743 4230 totum
1770 4173 1956 4227 locum
1988 4187 2055 4226 ex
2083 4165 2128 4225 Α
2163 4169 2414 4226 restituit

132 4253 394 4310 Kasterus
429 4250 750 4308 πεισάντων
787 4273 844 4308 τε
884 4250 985 4308 τὸν
1027 4254 1297 4330 βασιλέως
1334 4253 1559 4324 οἰκέτην
1596 4249 1772 4314 κύνας
1810 4247 2120 4319 ἐπαφεῖναι
2156 4253 2302 4321 vuly.

133 4328 375 4403 τοῦνομα
414 4364 479 4374 -
519 4331 790 4404 βασιλέως
827 4332 979 4390 solus
1015 4334 1143 4390 add.
1185 4340 1256 4404 Δ,
1295 4330 1474 4407 ὄνομα
1516 4332 1791 4391 Westerm,
1914 4335 1985 4387 24
2024 4326 2201 4398 κύνας
2236 4331 2297 4386 in
2332 4332 2413 4389 la-

138 4428 270 4469 cuna
304 4417 411 4470 om.
439 4416 486 4468 V
2132 4427 2141 4438 ·
2262 4439 2267 4445 ·
