3025 4892
589 222 674 290 58
1507 227 1934 283 HESYCHIUS.

588 389 882 474 ἱστορίας
919 386 1189 469 τοπικὰς
1227 392 1300 458 ἐν
1341 395 1631 477 βιβλίοις
1670 389 2193 481 ς’,Ιοίκουμένης
2228 390 2649 479 περιήγησιν,
2706 395 2878 460 ἱστο-

588 497 736 580 ρίας
779 498 1206 584 παιδευτικῆς
1250 503 1478 584 βιβλία
1526 496 1633 589 ιἸ.

766 603 1109 672 CCXXIII.
1189 605 1703 686 Διονύσιος
1752 603 2276 694 Ἀλεξανδρείας,
2330 597 2412 675 οὗ
2468 599 2675 694 εὖρον
2723 604 2880 675 ὑπό-

586 735 814 795 μνημα
861 715 956 790 εἰς
999 710 1122 780 τὸν
1169 710 1646 800 ἐκκλησιαστὴν
1692 715 2141 801 Σολομῶντος
2185 718 2341 780 λίαν
2372 711 2745 801 .εὖφραδές.

535 832 560 872 5
768 819 1113 905 CCXXIV.
1206 829 1305 888 Δι
1323 827 1656 908 οσκορίδ
1666 848 1751 907 ης
1811 817 2246 908 Ἀναζαρβεὺς
2310 819 2568 905 ἰατρός,
2646 817 2683 888 ὃ
2754 822 2879 888 ἐπι-

583 925 878 1011 κληθεὶς·
918 930 1144 1007 Φακᾶς
1201 926 1312 994 διὰ
1368 924 1525 1007 τούς
1580 928 1685 995 ἐπὶ
1738 932 1855 1014 τῆς
1902 926 2120 1009 ὅψεως
2166 926 2440 1015 φακούς.
2536 930 2761 1013 συνῆν
2812 927 2881 993 δὲ

587 1030 983 1123 Κλεοπάτρᾳ
1009 1034 1134 1102 ·ἐπὶ
1166 1032 1551 1121 Ἀντωνίου,
1597 1035 1706 1103 καὶ
1743 1036 2106 1121 γέγραπται
2146 1032 2325 1128 αὐτῷ
2363 1040 2594 1121 βιβλία
2629 1033 2767 1121 κδ’,
2803 1033 2877 1102 τὰ

586 1134 801 1207 πάντα
850 1139 1110 1224 ἰατρικὰ
1156 1141 1534 1230 περιβόητα.

767 1246 1080 1317 OCXXV.
1154 1249 1641 1335 Διοσκόριος
1678 1255 1992 1332 Μυρατος
2036 1248 2511 1336 γραμματικός,
2560 1247 2879 1338 [ὕπαρχος

509 1367 559 1406 10
589 1350 842 1432 πόλεως
897 1354 1006 1422 καὶ
1061 1361 1518 1443 πραιτωρίων,
1580 1353 1615 1424 ὅ
1679 1354 1953 1436 διδάξας
2006 1353 2121 1434 τὰς
2164 1357 2546 1443 θυγατέρας
2592 1357 2878 1436 Λέοντος

582 1462 706 1526 τοῦ
751 1462 1074 1545 βασιλέως
1120 1463 1193 1530 ἐν
1239 1468 1632 1554 Βυζαντίῳ1.

764 1578 1110 1646 CCXXVI.
1204 1584 1422 1648 Δίων
1478 1576 1873 1666 Ἱππαρίνου
1934 1579 2437 1667 Συρακούσιος,
2502 1580 2877 1668 φιλόσοφος

583 1684 1038 1770 Πλατωνικός,
1085 1690 1206 1755 τοῦ
1243 1692 1556 1763 Σικελίας
1592 1687 1935 1773 τυράννου
1974 1693 2353 1756 Διονυσίου
2387 1691 2513 1756 τοῦ
2550 1690 2877 1772 προτέρου

581 1795 699 1879 τῆς
743 1795 1028 1879 γαμετῆς
1058 1791 1530 1880 Ἀριστομάχης
1575 1791 1889 1880 ἀδελφός,
1937 1790 2011 1874 ὃς
2043 1795 2152 1861 καὶ
2185 1793 2499 1882 ἐκράτησε
2538 1800 2657 1883 τῆς
2692 1804 2879 1862 Σικε-

501 1904 726 1992 15-λίας
771 1903 1193 1987 τυραννίδος,
1241 1899 1539 1986 ἐκβαλὼν
1584 1899 1705 1969 τὸν
1751 1905 1872 1969 τοῦ
1919 1901 2247 1985 προτέρου
2292 1907 2673 1972 Διονυσίου
2725 1902 2874 1970 υἱὸν

584 2005 990 2092 Διονύσιον,
1053 1999 1138 2076 οὗ
1190 2008 1395 2076 πάλιν
1449 2006 1744 2094 ἀδελφὸς
1790 2015 2077 2087 Νισαῖος
2133 2009 2393 2094 ἐξέβαλε
2443 2015 2684 2077 Δίωνα
2728 2014 2873 2078 τοῦ·

578 2141 720 2184 τον.
777 2101 1098 2200 ’ἔγραψεν
1147 2115 1494 2194 ἐπιστολὰς
1541 2114 1708 2198 πρὸς
1753 2112 2087 2183 Πλάτωνα
2132 2115 2241 2182 καὶ
2289 2113 2495 2196 ἄλλας
2541 2116 2747 2198 τινάς.

725 2319 752 2368 1
791 2311 1080 2383 γέγραφεν
1117 2309 1366 2380 ἱστορίαν
1405 2313 1557 2366 Eud.
1595 2307 1833 2372 τοπικὰς
1876 2313 2115 2382 suspect.
2150 2312 2545 2384 Bernhardyo,
2583 2314 2680 2383 qui
2715 2315 2871 2383 flagi-

578 2393 726 2450 tavit
770 2390 1140 2462 συμποτικὰς,
1178 2390 1414 2456 τοπικὰς
1449 2394 1642 2447 tuetur
1672 2393 1867 2458 Daub3
1905 2393 2057 2448 idem
2097 2395 2425 2464 opusculum
2464 2411 2585 2449 esse
2626 2412 2751 2449 cum
2790 2411 2869 2461 ec,

580 2474 728 2544 quod
767 2474 955 2543 Steph.
987 2474 1115 2541 Byz.
1155 2477 1227 2540 (v,
1271 2468 1851 2542 Ταρσὸς)“Διονύσιος
1895 2469 1926 2528 ὃ
1970 2474 2125 2541 Θρᾶξ
2175 2471 2237 2528 ἒν
2282 2474 2358 2546 τῷ
2402 2473 2533 2543 περὶ
2571 2471 2745 2544 Ῥόδῳ
2794 2474 2869 2528 di·
2982 2509 2984 2526 ἱ

578 2555 745 2623 xerit,
784 2555 978 2608 monet
1006 2553 1325 2608 Gutschmid
1364 2550 1603 2620 ἱστορίαι
1638 2555 2007 2608 παιδευτικαί
2026 2572 2140 2608 non
2167 2554 2415 2610 diversas
2446 2570 2571 2608 esse
2600 2571 2635 2607 a
2672 2551 2869 2613 κύκλος

581 2628 856 2699 ἱστορικός
895 2636 968 2702 (v.
1007 2653 1058 2688 n.
1098 2636 1224 2698 221)
1261 2633 1359 2702 qui
1397 2631 1585 2686 Samio
1624 2632 1862 2702 dandus,
1898 2633 2045 2690 vidit
2082 2636 2348 2700 Welcker,
2385 2633 2488 2704 Ep.
2530 2635 2685 2701 cycl.
2722 2654 2777 2704 p.
2811 2640 2870 2688 75
2980 2687 2982 2702 Σ

582 2720 607 2768 1
652 2714 840 2786 βιβλία
879 2711 936 2778 ἕξ
974 2716 1116 2783 ναῖς.
1148 2714 1297 2768 Eud.
1339 2712 1537 2780 scripsi
1574 2729 1701 2767 cum
1729 2720 1827 2768 AV
1938 2721 1969 2768 2
2010 2712 2226 2782 οἰκουμ.
2267 2733 2485 2781 περιηγ.
2527 2713 2602 2768 ad
2637 2714 2871 2768 Alexan-

581 2794 828 2860 drinum,
870 2792 1067 2848 Glauci
1104 2794 1306 2860 filium,
1346 2795 1598 2861 spectare
1636 2793 1782 2847 vidit
1813 2795 2037 2849 Μιῖῖῖετ.
2088 2794 2407 2848 Gutschmid
2444 2793 2584 2848 duos
2622 2797 2872 2848 auctores

578 2874 932 2942 perturbatos
970 2891 1087 2929 esse
1124 2876 1339 2940 monet,
1379 2891 1518 2942 quos
1558 2873 1636 2927 sic
1675 2873 2102 2944 distinguendos
2138 2874 2329 2943 putat:
2382 2866 2684 2934 Διονύσιος
2721 2877 2869 2926 Μου-
2978 2933 2980 2936 Α

579 2956 784 3009 σωνίου
827 2950 1080 3022 ΙῬόδιος
1124 2949 1159 3025 ἢ
1213 2958 1220 3021 Ι
1267 2951 1508 3022 Σάμιος,
1556 2949 1846 3021 ἱστορικός.
1898 2956 1907 3020 Ι
1958 2945 2030 3021 ἦν
2077 2951 2141 3008 δὲ
2190 2952 2288 3006 καὶ
2325 2949 2513 3019 ἱερεὺς
2550 2952 2651 3006 τοῦ
2692 2948 2868 3007 ἐκεῖσε

579 3030 734 3126 ἱεροῦ
770 3035 870 3088 τοῦ
911 3031 1115 3133 Ἡλίου.
1194 3030 1476 3102 ἱστορικὰς
1520 3030 1757 3096 τοπικὰς
1803 3031 1865 3089 ἔν
1913 3035 2145 3104 βιβλίοις
2184 3031 2259 3098 ἕξ.
2302 3035 2311 3101 Ι
2354 3031 2601 3101 ἱστορίας
2637 3035 2869 3087 παιδευ-

581 3116 1133 3250 τικηέἓιΧβὲΙῗΙιοω.
1165 3197 1439 3252 Wosterm.
1477 3194 1562 3250 De
1588 3197 1693 3250 hac
1721 3195 1989 3264 Hesychii
2021 3195 2142 3250 vita
2164 3193 2279 3248 dixi
2305 3193 2445 3248 Mus.
2471 3194 2647 3247 Rhen.
2671 3194 2870 3249 XXXV

578 3293 633 3343 p.
669 3279 785 3329 194.
828 3273 908 3332 Cf.
939 3275 1128 3342 Daub,
1160 3275 1316 3332 stud.
1347 3295 1401 3346 p.
1435 3282 1553 3330 130.
1610 3276 1693 3329 De
1723 3275 2137 3331 commentariis
2177 3275 2295 3329 eius
2333 3274 2649 3328 accuratius
2690 3275 2868 3344 dispu-

577 3355 723 3408 tavit
751 3354 1118 3424 Hieronymus
1148 3373 1192 3409 c.
1226 3362 1318 3411 69:
1359 3357 1466 3422 „ad
1500 3355 1801 3410 Basilidem
1833 3374 2053 3425 quoque
2081 3356 2293 3410 multae
2321 3353 2622 3424 epistulae,
2650 3354 2713 3408 in
2740 3372 2867 3424 qua·

577 3453 698 3488 rum
727 3452 840 3489 una
869 3451 929 3489 se
958 3434 1157 3489 asserit
1183 3437 1354 3490 etiam
1384 3436 1442 3489 in
1460 3433 1836 3490 Ecclesiasten
1868 3437 2116 3506 coepisse
2146 3436 2385 3491 scribere
2406 3435 2865 3489 commentari0s“
2974 3461 2976 3470 ·

579 3520 611 3568 3
650 3507 816 3576 οὗτος
842 3520 888 3568 Δ
928 3511 986 3580 ἐξ
1019 3509 1112 3569 ’AL
1152 3517 1294 3584 vuly.
1339 3513 1397 3580 ἐξ
1427 3533 1536 3570 om.
1565 3520 1664 3569 ΔΕ
1808 3521 1842 3568 4
1879 3516 2221 3584 Σολομῶντα
2249 3517 2392 3583 ναῖς).
2433 3514 2800 3582 Σολομῶντος
2825 3518 2865 3565 Δ

721 3593 991 3648 CCXXIV
1027 3595 1178 3650 Eud.
1216 3613 1269 3663 p.
1309 3601 1430 3650 224.
1510 3594 1589 3650 Cf.
1632 3595 1821 3663 Steph.
1860 3595 1990 3664 Byz.
2028 3614 2079 3648 v,
2114 3589 2418 3665 Ἀνάζαρβα
2568 3599 2599 3648 5
2648 3597 2865 3666 βοτανι-

577 3669 678 3736 κὸς
705 3674 833 3730 add.
863 3675 1033 3741 Eud„
1070 3691 1180 3742 quo
1211 3675 1278 3728 de
1309 3675 1699 3728 additamento
1729 3691 1838 3727 non
1866 3676 2019 3727 recte
2048 3673 2364 3744 disputavit
2385 3672 2558 3727 Daub
2668 3681 2701 3727 6
2732 3673 2863 3726 duos

580 3755 775 3815 Φακᾶς
805 3754 1035 3808 Suidam
1075 3754 1184 3819 (vel
1222 3754 1409 3823 potius
1441 3755 1806 3824 Hesychium)
1836 3752 2174 3808 confundere
2203 3754 2479 3808 Kusterus
2515 3753 2724 3822 aliique
2752 3769 2865 3806 mo-

575 3835 816 3888 nuerunt
853 3829 948 3886 διὰ
988 3829 1051 3887 τὸ
1094 3829 1188 3888 ἐπὶ
1223 3834 1322 3900 τῆς
1359 3827 1454 3899 ὂψ.
1496 3831 1648 3900 ἔχειν
1684 3829 1920 3895 πολλοὺς
1957 3854 2094 3902 φακ.
2134 3834 2285 3890 Eud.
2400 3840 2431 3888 6
2470 3831 2535 3887 δὲ
2575 3851 2684 3888 om.
2716 3833 2861 3887 Eud.

578 3919 608 3968 7
647 3913 747 3968 καὶ
773 3930 884 3981 seq.
917 3931 1025 3968 om.
1054 3917 1099 3965 V
1242 3910 1492 3982 γέγραφε
1533 3913 1683 3968 Eud.
2503 3927 2509 3934 ·

719 3992 913 4049 CCXV
957 4011 1064 4050 om.
1106 3993 1382 4050 Westerm.
1455 3995 1714 4049 Fortasse
1758 3996 1883 4049 tota
1932 3993 2118 4063 glossa
2167 3992 2537 4064 expungenda
2582 3994 2692 4060 est,
2746 4011 2863 4048 cum

577 4075 767 4128 manet
802 4091 870 4129 ex
905 4072 981 4143 gl.
1021 4069 1308 4142 Θυάτειρα
1346 4075 1468 4145 (ubi
1503 4075 1712 4130 lemma
1746 4073 2062 4144 θυγατέρες
2098 4073 2341 4135 Λέοντος
2379 4073 2649 4128 excidisse
2690 4075 2861 4144 suspi-

577 4172 696 4220 σοι-ς
745 4154 812 4208 cf.
853 4153 1023 4209 etiam
1062 4174 1112 4209 v.
1154 4152 1440 4218 Νικόλαος
1475 4152 1741 4225 Μύρων),
1788 4157 1938 4210 certe
1976 4154 2150 4209 verba
2193 4148 2445 4223 ὕπαρχος
2483 4185 2551 4192 -
2590 4153 2722 4208 exit.
2786 4152 2860 4208 Cf.

575 4233 718 4289 Mus,
757 4233 936 4288 Rhen.
976 4233 1183 4289 XXXV
1217 4254 1272 4304 p.
1311 4242 1416 4290 209
2049 4239 2053 4243 ’
2428 4251 2435 4258 ’

721 4311 989 4363 CCXXVI
1026 4312 1177 4366 Eud.
1217 4331 1269 4380 p.
1311 4321 1413 4368 237
1563 4322 1628 4369 13
1667 4316 1769 4370 τοῦ
1806 4316 2072 4377 Σικελίας
2110 4345 2177 4355 -
2216 4315 2418 4369 τοῦτον
2456 4330 2566 4368 om.
2606 4313 2761 4370 Eud.

584 4392 648 4440 16
687 4379 790 4440 οὖν
813 4393 859 4441 V
971 4395 1034 4444 17
1073 4385 1242 4451 ἄλλας
1279 4389 1438 4453 τινάς
1474 4408 1614 4451 corr.
1644 4394 2087 4453 Hemsterhusius
2122 4387 2324 4456 ἄλλους
2360 4389 2519 4458 τινάς
2548 4393 2707 4461 ῑίόῒί,
2744 4397 2863 4468 Ρθδῗ
