3025 4892
1145 180 1573 239 HESYOHIUS.
2369 185 2499 249 223

393 340 846 409 DOOOXXIII.
935 338 1387 427 Φερεκύδης
1427 339 1813 427 Ἀθηναῖος,
1860 340 2331 432 Ιπρεσβύτερος
2375 348 2500 413 τοῦ

229 451 501 532 Συρίου,
557 442 642 513 ὃν
695 444 893 533 λόγος
946 445 1027 514 τὰ
1076 443 1365 534 Ὀρφέως
1419 447 1878 539 συναγαγεῖνΙ.
1942 452 2231 536 ἔγραψεν
2287 447 2497 518 Αὐτό-

223 559 464 635 χθονας
513 551 681 640 (ἔστι
739 551 814 619 δὲ
867 552 1016 639 περὶ
1071 556 1189 638 τῆς
1241 550 1712 641 ἀρχαιολογίας
1757 557 1875 639 τῆς
1912 550 2228 643 Ἀττικῆς)
2278 556 2352 622 ἐν
2396 562 2495 641 βι-

219 663 420 741 βλίοις
464 657 535 726 ι’.
617 657 1065 748 Ιπαραινέσεις
1113 656 1204 725 δι’
1257 659 1452 728 ἐπῶν.
1534 658 1932 747 Πορφύριος
1978 660 2053 729 δὲ
2098 665 2222 729 τοῦ
2265 664 2497 751 προτέ-

219 789 338 850 ρου
383 761 629 832 οὐδένα
675 763 1128 853 πρεσβύτερον
1177 766 1452 853 δέχεται,
1500 761 1647 833 ἀλλ’
1690 766 1948 835 ἐκεῖνον
1987 768 2202 855 μόνον
2238 766 2491 855 ἡγεῖται
2520 789 2545 829 5

215 865 500 957 ἀρχηγὸν
548 871 997 963 συννοαφῆςΙ·

381 978 838 1047 DOOOXXIV.
936 976 1386 1067 Φερεκύδης
1449 980 1692 1068 Λέριος
1764 981 2125 1069 ἱστορικός,
2201 982 2497 1069 γεγονώς

206 1083 330 1171 πρὸ
387 1082 622 1170 ὀλίγου
671 1089 789 1172 τῆς
845 1084 944 1153 σε’
1002 1082 1431 1173 ὀλυμπιάδος.
1513 1087 1663 1175 περὶ
1720 1087 1975 1176 Λέρου,
2030 1088 2206 1179 Ιπερὶ
2260 1085 2495 1176 Ἰφιγε-

203 1197 414 1277 νείας,
460 1192 611 1280 περὶ
655 1195 793 1261 τῶν
841 1192 1194 1261 Διονύσου
1242 1192 1523 1283 ἑορτῶνΙ
1568 1193 1678 1260 καὶ
1724 1191 1911 1263 ἄλλα.

375 1298 810 1368 DCCOXXV.
871 1297 1308 1387 Φιλάγριος
1355 1298 1605 1379 Λύκιος
1649 1296 1781 1367 άπὸ
1822 1301 2128 1391 Μάκρης,
2177 1301 2266 1384 ὡς
2302 1302 2492 1393 εὕρη-
2522 1322 2577 1363 10

93 1448 100 1451 -
199 1431 306 1472 ται
371 1403 549 1493 παρὰ
608 1403 1021 1493 Εύγενάτορι
1089 1405 1207 1494 (ὡς
1271 1404 1347 1473 δὲ
1404 1403 1606 1485 αὐτὸς
1660 1407 1735 1474 ἐν
1786 1411 1865 1495 τῇ
1920 1408 2088 1497 πρὸς
2146 1410 2495 1498 Φιλήμονα

199 1512 348 1600 περὶ
415 1509 667 1599 ἥπατος
731 1513 1223 1600 ἐσκιρρωμέυου
1287 1514 1599 1601 ἐπιστολῇ
1665 1533 1875 1601 φησιν
1942 1512 2007 1598 [ὁ
2080 1515 2494 1605 Φιλάγριος],

196 1628 297 1706 εἴη
335 1616 426 1687 ἂν
464 1623 720 1706 μᾶλλον
759 1616 1207 1706 Ἠπειρώτης),
1256 1618 1503 1705 ἰατρός,
1551 1618 1858 1707 μαθητὴς
1894 1628 2317 1710 Ναυμαχίου,
2354 1638 2495 1704 τοῖς

194 1725 470 1813 χρόνοις
516 1725 677 1813 μετὰ
715 1724 1046 1811 Γαληνόν,
1083 1725 1440 1813 ’ίατρεύσας
1473 1723 1555 1793 τὰ
1593 1734 1867 1795 πλεῖστα
1903 1730 1977 1796 ἐν
2015 1735 2491 1819 Θεσσαλονίκῃ,

193 1831 529 1913 συντάξας
581 1838 808 1919 βιβλία
865 1829 1124 1921 ἰατρικὰ
1191 1830 1565 1918 μονόβιβλα
1619 1833 1742 1920 μὲν
1802 1833 1890 1920 ο’,
1938 1831 2501 1925 &wouvmwcuxou
2521 1854 2572 1895 1⁵

193 1945 290 2019 εἰς
325 1937 800 2028 Ἱπποκράτην,
846 1938 1275 2026 συντάγματα
1323 1938 1397 2006 δὲ
1445 1941 1636 2028 ἕτερα
1682 1938 1806 2009 οὐκ
1852 1937 2063 2028 ὀλίγα.

372 2046 835 2115 DOGGXXVI.
903 2046 1488 2141 ,Φιλέταιρος
1526 2043 1769 2133 [ὄνομα
1815 2046 2085 2133 κύριον]
2130 2047 2491 2137 Ἀθηναῖος

187 2152 512 2241 κωμικός,
559 2151 707 2233 υίὸς
747 2150 1272 2241 Ἀριστοφάνους
1314 2155 1437 2220 τοῦ
1484 2156 1805 2238 κωμικοῦ.
1899 2154 2203 2242 δράματα
2252 2158 2327 2223 δὲ
2372 2154 2489 2225 αύ-

336 2394 403 2442 21
453 2384 578 2457 ἤτοι
617 2417 679 2426 —-
721 2386 850 2441 exit.
892 2384 1233 2454 logographi
1275 2400 1392 2438 esse
1433 2384 1817 2453 Atheniensis,
1867 2404 2031 2453 quem
2072 2384 2273 2440 Suidas
2316 2386 2490 2441 etiam

188 2468 402 2538 Λέριον
438 2469 628 2536 vocat,
663 2468 858 2521 monet
896 2464 1217 2520 Gutschmid
1360 2470 1428 2517 22
1467 2464 1565 2518 καὶ
1602 2460 1745 2519 ἄλλα
1782 2463 1959 2519 πολλά
1998 2466 2124 2521 add.
2156 2465 2309 2519 Eud.

335 2546 654 2602 DOCCXIII
688 2546 842 2601 Eud.
880 2564 935 2614 p.
968 2550 1086 2599 713.
1164 2541 1241 2597 cf.
1275 2542 1434 2597 Sturz
1471 2561 1530 2613 p.
1558 2550 1589 2598 2
1620 2562 1753 2613 seq„
1792 2544 1997 2600 Miiller
2034 2546 2070 2599 l.
2112 2562 2157 2600 c.
2212 2543 2365 2609 Quae
2404 2562 2489 2600 sc·

187 2625 332 2681 clusi
370 2625 444 2679 ad
479 2626 718 2679 alterum
756 2626 943 2693 (quem
971 2621 1227 2676 nonnulli
1253 2621 1422 2677 fuisse
1449 2624 1671 2692 putant)
1699 2624 2083 2695 Pherecydem
2112 2624 2335 2691 Syrium
2369 2642 2489 2693 spe-

187 2708 377 2775 ctant,
415 2722 581 2774 quem
607 2704 823 2773 negant
850 2704 1018 2758 fuisse
1046 2700 1386 2770 Porphyrius
1413 2702 1505 2770 aL,
1539 2702 1759 2773 reliqua
1786 2705 1858 2759 ad
1885 2704 2280 2759 Atheniensem
2311 2704 2491 2761 iunio-

186 2804 340 2853 rem,
376 2786 446 2839 de
475 2785 606 2839 Ath.
644 2786 812 2839 rebus
849 2782 1020 2837 sacris
1051 2782 1406 2849 scriptorem,
1445 2782 1535 2836 cui
1569 2783 1867 2839 tribuenda
1903 2785 1969 2840 fr.
2012 2790 2038 2839 1
2056 2802 2091 2839 a
2128 2786 2187 2839 et
2223 2790 2301 2838 22.
2338 2786 2489 2854 apud.

191 2864 418 2919 Muller.
449 2864 528 2931 IV
554 2884 609 2934 p.
642 2870 744 2919 637
775 2866 833 2918 et
860 2864 928 2919 fr.
960 2868 1056 2916 101
1089 2878 1177 2929 ap.
1207 2859 1424 2914 Miiller.
1457 2863 1480 2915 I
1507 2880 1561 2931 p.
1586 2868 1668 2916 95.
1744 2870 1776 2917 3
1806 2862 2103 2919 Librorum
2132 2882 2393 2919 numerus
2420 2883 2488 2919 ex

187 2943 530 3015 logographi
557 2943 793 2999 fortasse
826 2943 969 2997 libro
1001 2942 1341 3009 desumptus.
1398 2941 1552 2996 Haec
1579 2943 1720 2996 mihi
1750 2946 2135 3014 suppeditavit
2166 2946 2488 3001 Gutschmid
2586 2938 2589 2941 ⁴

194 3032 224 3078 1
265 3021 580 3093 πρεσβύτης
608 3029 654 3076 V
797 3029 831 3077 4
868 3018 1198 3091 Πορφύριος
1235 3051 1300 3059 --
1340 3019 1472 3075 exit.
1513 3037 1620 3075 om.
1659 3021 1811 3081 Eud.

336 3109 704 3165 DCCCXXIV
742 3109 892 3165 Eud.
923 3128 976 3179 p.
1002 3115 1120 3163 713.
1152 3108 1277 3163 Non
1308 3108 1559 3165 diversus
1588 3110 1677 3163 est
1702 3126 1738 3163 a
1763 3111 2113 3182 logographo
2142 3111 2484 3168 Atheniensi.

198 3190 280 3246 cf.
310 3190 473 3260 Diog.
503 3189 544 3257 I,
577 3196 704 3257 119,
732 3188 936 3258 Maass,
966 3190 1152 3259 Biogr.
1181 3206 1235 3257 p.
1257 3195 1344 3243 40.
1381 3190 1650 3245 Tractant
1678 3190 1901 3247 Clinton
1927 3210 1981 3261 p.
2005 3198 2107 3247 383
2129 3192 2244 3261 Kr.‚
2272 3191 2487 3261 Rohde,

189 3271 330 3327 Mus,
368 3272 544 3325 Rhen.
574 3268 810 3323 XXXIII
837 3289 891 3340 p.
919 3276 1023 3324 210
1046 3287 1159 3338 seq.
1305 3276 1337 3325 8
1365 3270 1402 3324 i.
1431 3287 1477 3326 e.
1522 3266 1615 3325 ἐπὶ
1650 3273 1763 3325 τῶν
1792 3273 2114 3342 Περσικῶνε
2166 3273 2233 3327 cf.
2252 3266 2484 3338 ‘'Ianum-3

197 3350 408 3419 ἔγραψε
466 3350 594 3405 add.
640 3351 786 3420 ναῖς.
831 3366 834 3369 ’
994 3356 1027 3403 9
1078 3365 1222 3418 quae
1277 3349 1434 3404 uncis
1491 3351 1692 3405 seclusi
1747 3351 2077 3406 Atheniensi
2129 3352 2334 3407 iuniori
2388 3352 2488 3406 dat

201 3432 518 3487 Gutschmid
1225 3467 1238 3476 κ

334 3512 674 3567 DOCOXXV
712 3512 863 3567 Eud.
892 3530 947 3580 p.
980 3517 1080 3565 719
1193 3516 1259 3564 10
1297 3505 1505 3571 Λύκιος
1535 3534 1600 3549 —·-
1630 3510 1839 3579 μᾶλλον
1869 3525 1977 3563 om.
2008 3510 2159 3564 Eud.
2199 3510 2298 3565 sed
2334 3510 2484 3566 infra.

197 3592 319 3647 add.
359 3587 496 3661 Εὖγ.
536 3591 600 3647 δὲ
638 3598 775 3647 Λυκ.
815 3584 991 3645 αὐτόν
1029 3608 1203 3659 φησιν
1241 3585 1356 3645 άπὸ
1393 3585 1635 3657 Μάκρης
1788 3584 1903 3642 ἄπό
1942 3584 2188 3658 Μάκρης
2224 3605 2331 3645 om.
2361 3595 2481 3659 3133

200 3672 266 3726 de
301 3672 408 3725 hac
444 3670 628 3727 insula.
664 3671 732 3729 cf.
772 3670 966 3739 Steph.
997 3670 1126 3739 Byz.
1160 3688 1212 3726 v.
1241 3666 1483 3738 Μάκρα,
1522 3669 1703 3723 forma.
1739 3667 1927 3725 ionica
1951 3664 2198 3738 Μάκρης
2227 3669 2485 3738 Eugena-

196 3754 318 3805 tora
352 3768 514 3805 usum
551 3769 668 3807 esse
700 3750 994 3820 suspiceris
1105 3756 1169 3804 11
1207 3769 1348 3805 unus
1383 3749 1643 3805 meminit
1674 3750 2047 3820 Eugenatoris
2087 3749 2239 3805 Suid.
2278 3768 2329 3804 v.
2370 3745 2483 3803 Εὖ-

199 3826 496 3901 γενάτορος
541 3831 812 3900 σοφιστοῦ
859 3849 1010 3892 τινος
1055 3830 1205 3899 quod
1251 3848 1319 3885 ex
1351 3833 1548 3886 nostra
1590 3832 1779 3901 glossa
1826 3832 2009 3885 ortum
2045 3830 2269 3900 putavit
2305 3830 2483 3885 Bern-

199 3912 382 3981 hardy.
434 3910 580 3975 Quid
605 3910 703 3965 ille
733 3910 1030 3980 scripserit,
1063 3909 1354 3969 nescimus.
1395 3912 1476 3969 cf.
1505 3912 1725 3967 Unters.
1752 3929 1807 3980 p.
1839 3916 1907 3965 58
2020 3916 2084 3963 12
2124 3906 2155 3964 ὁ
2188 3906 2483 3980 Φιλάγριος

200 3990 434 4059 expunxi
479 3993 674 4060 utpote
723 4008 758 4045 a
801 3991 1010 4045 lectore
1055 3992 1364 4062 adscripta3
1412 3992 1482 4046 cf.
1522 4011 1573 4048 v.
1615 3996 1785 4061 Φρυυ.
1823 4011 1997 4061 τραγ.,
2040 3995 2172 4061 Τυρ.
2210 3986 2483 4059 νεώτερος

204 4078 263 4125 13
301 4067 620 4140 Ναυμάχου
646 4076 692 4123 V
805 4076 868 4124 15
905 4069 1170 4137 συνέταξε
1202 4069 1266 4125 δὲ
1296 4072 1447 4127 Eud.
1559 4068 1874 4145 μόναβιβλα
1901 4075 1947 4122 V
2060 4079 2125 4127 16
2164 4072 2482 4142 transposui

200 4146 553 4220 συντάγματα
587 4183 652 4191 ——
683 4146 871 4221 ὀλίγα,
919 4169 1062 4219 quae
1099 4154 1229 4207 ante
1267 4147 1436 4222 ὑπομ.
1474 4168 1767 4221 perperam
1807 4150 1938 4205 libri
1976 4152 2242 4207 exhibent

336 4239 703 4295 DCCCXXVI
739 4241 892 4296 Eud.
929 4260 983 4311 p.
1017 4248 1136 4296 722.
1196 4242 1426 4295 Tractat
1461 4240 1721 4295 Meineke
1748 4241 1774 4293 I
1811 4259 1866 4309 p.
1897 4246 2001 4294 349
2031 4260 2142 4310 seq.
2256 4246 2321 4295 18
2356 4237 2483 4306 υἱὸς

199 4352 262 4363 --
297 4322 578 4391 κωμικοῦ,
615 4338 743 4375 mox
782 4320 844 4375 δὲ
885 4322 944 4375 et
979 4322 1126 4376 infra
1163 4314 1242 4374 ὦν
1283 4317 1397 4375 ἐστι
1434 4320 1534 4375 καὶ
1563 4352 1629 4361 --
1666 4320 1797 4377 exit.
1837 4338 1943 4376 om.
1973 4327 2042 4392 A,
2082 4322 2273 4392 priora
2308 4324 2481 4378 verba

2188 4782 2199 4839 ·’,
2234 4777 2675 4833 UNIVER
