3025 4892
518 227 695 283 LXIV
1375 226 1943 284 PROLEGOMENA.

523 413 818 456 manasse
858 391 914 453 ei
947 390 1346 473 videbantur,
1383 391 1422 454 i.
1453 413 1504 454 e.
1544 412 1621 454 ex
1651 388 2033 473 Sophronio,
2070 389 2236 472 quod
2270 390 2527 474 saepius
2558 391 2626 453 in
2664 390 2827 454 vitis

519 519 596 561 ex
642 497 1020 581 Damascio,
1067 496 1357 579 Laertio,
1405 495 1802 562 Philostrato
1861 495 1941 560 al.
1993 494 2332 579 descriptis
2381 517 2527 559 eum
2585 494 2825 560 fecisse

519 627 713 688 supra
777 603 980 668 docui.
1091 601 1286 668 Cuius
1363 603 1705 668 articulum
1774 603 1933 667 adeo
2014 602 2434 688 neglegenter
2508 603 2823 687 compila-

517 711 628 794 vit,
676 715 749 775 ut
794 710 994 776 verba
1050 713 1366 794 extrema,
1413 731 1577 794 quae
1626 708 1795 792 apud
1843 707 2823 792 Hieronymum-Sophronium

514 821 771 881 tantum
829 817 933 880 ad·
976 838 1174 900 opera
1237 817 1307 881 in
1351 815 1626 899 Moysen
1666 819 1983 899 spectant
2030 812 2229 897 (εἰσὶν
2289 803 2447 896 οὖν,
2514 809 2601 890 ὥς
2656 835 2826 898 προ-

517 926 788 1006 είπομεν
847 923 1140 1004 [ubinam
1195 919 1426 986 Suidas
1483 921 1697 988 dixit?
1758 943 1909 984 nam
1968 922 2193 1004 βιβλία
2260 916 2499 1004 ἄπειρα
2546 923 2822 984 -tantum

518 1029 794 1109 dixerat]
851 1034 1186 1113 περιφανῆ
1231 1025 1340 1092 καὶ
1395 1021 1743 1112 ἀνάριθμα
1782 1023 2209 1111 συντάγματα
2248 1057 2331 1080 --=
2376 1032 2591 1092 extant
2630 1027 2827 1092 huius

510 1135 839 1217 praeclara
884 1141 942 1199 et
992 1135 1454 1203 innumerabila
1498 1155 1683 1216 opera
1727 1136 1800 1198 in
1842 1135 2109 1229 Quinque
2154 1135 2339 1200 libros
2383 1135 2598 1218 Moysi
2610 1133 2659 1218 1)
2668 1184 2686 1218 ,
2734 1135 2821 1198 ad

519 1263 740 1306 omnes
809 1242 1150 1306 rettulerit.
1243 1241 1426 1305 Unde
1493 1241 1689 1305 aliam
1747 1241 1949 1305 vitam
2005 1264 2044 1305 a
2100 1239 2300 1306 Suida
2355 1240 2822 1305 additamentis

518 1353 773 1412 auctam
821 1370 962 1412 esse
1011 1349 1374 1432 suspiceris,
1420 1369 1627 1432 neque
1677 1347 1993 1412 absonum
2030 1347 2244 1430 fuerit,
2290 1347 2347 1411 si
2390 1347 2498 1412 hic
2527 1368 2816 1432 quoque,

518 1455 1060 1539 quemadmodum
1107 1455 1175 1518 in
1222 1455 1527 1518 trecentis
1577 1453 1753 1535 aliis,
1798 1453 2000 1518 vitam
2049 1452 2532 1537 Hesychianam
2580 1450 2822 1518 Suidae

515 1567 774 1645 praesto
813 1561 1012 1626 fuisse
1057 1560 1487 1645 opinabimur.
1570 1559 1966 1643 Hesychium
2014 1564 2233 1624 autem
2278 1582 2409 1625 non
2454 1581 2649 1624 unam
2698 1557 2818 1623 So-

514 1667 774 1752 phronii
834 1669 1037 1734 vitam
1097 1667 1511 1751 descripsisse
1576 1667 1688 1732 sed
1744 1689 1821 1730 ex
1885 1688 2065 1731 more
2122 1666 2321 1732 solito
2378 1666 2539 1730 duos
2594 1665 2820 1730 fontes

516 1776 709 1840 simul
747 1775 1138 1856 adhibuisse,
1174 1774 1351 1838 hisce
1388 1774 1789 1858 argumentis
1818 1776 2090 1838 constat.
2151 1772 2491 1837 Primum
2528 1769 2817 1857 Sophro-

514 1883 659 1946 nius
707 1879 803 1967 (et
828 1878 1123 1967 Hieron.)
1161 1881 1473 1945 librorum
1511 1880 1811 1946 tabulam
1841 1901 1880 1942 a
1917 1879 2401 1943 commentariis
2438 1878 2505 1942 in
2542 1877 2819 1960 Moysen

513 1987 812 2066 incohat,
857 1989 925 2052 in
962 2009 1122 2072 quos
1162 1985 1579 2070 Hesychiana
1624 1985 1763 2051 vita
1800 1984 2051 2050 desinit.
2127 1984 2417 2049 Deinde
2466 1984 2614 2047 libri
2660 1981 2819 2068 περὶ

515 2093 864 2171 Μωυσέως
891 2096 1048 2176 βίου
1077 2097 1144 2158 et
1173 2095 1265 2170 εἰς
1291 2087 1370 2156 τὰ
1390 2094 1713 2176 χερουβίμ
1744 2091 1914 2175 apud
1938 2087 2377 2174 Sophronium
2398 2087 2493 2176 (et
2512 2087 2813 2176 Hieron.)

515 2200 780 2265 omnino
830 2200 1297 2283 desiderantur,
1349 2219 1467 2263 nec
1503 2198 1830 2262 fluxerunt
1876 2219 1952 2261 ex
1990 2196 2227 2262 Euseb.
2257 2195 2428 2261 Hist.
2459 2198 2606 2261 eccl.
2634 2221 2695 2281 p.
2726 2197 2817 2262 62

515 2329 644 2392 seq.
685 2306 976 2393 Schweg.
1052 2305 1397 2370 Tertium
1449 2304 1647 2369 verba
1694 2308 1983 2369 extrema
2031 2302 2379 2388 Sophronii
2426 2296 2467 2386 ἢ
2518 2299 2815 2367 Πλάτων

513 2416 853 2498 φιλωνίζει
909 2407 951 2497 ἢ
1003 2416 1232 2479 Φίλων
1289 2399 1679 2490 πλατωνίζει
1735 2433 1837 2475 ex=
1868 2431 2045 2475 more
2102 2432 2220 2475 suo
2276 2410 2342 2473 in
2399 2410 2588 2473 initio
2636 2409 2814 2476 vitae

511 2520 879 2606 Hesychius
927 2521 1164 2604 posuit.
1257 2519 1633 2596 Quartum
1680 2518 1891 2602 prima
1937 2517 2109 2582 vitae
2157 2516 2610 2600 Hesychianae
2656 2538 2813 2600 pars

511 2623 978 2713 φιλοσοφήσας
1025 2623 1100 2691 δὲ
1137 2663 1210 2673 -—
1245 2622 1739 2691 Πλάτωνι,ῃοῑι
1789 2629 1968 2690 extat
2014 2624 2185 2708 apud
2233 2622 2667 2707 Sophronium
2713 2621 2815 2706 (et

487 2733 734 2818 ‘Hier.).
828 2731 892 2796 N
895 2755 964 2798 ec
1020 2755 1174 2796 vero
1237 2735 1306 2795 in
1361 2730 1627 2815 reliquis
1675 2730 1846 2796 vitae
1900 2730 2197 2815 partibus
2254 2752 2399 2796 cum
2461 2728 2815 2814 Sophronii

511 2843 694 2904 textu
738 2860 1006 2922 prorsus
1049 2838 1396 2922 conspirat.
1409 2833 1463 2922 2)
1540 2836 1859 2902 Adhibuit
1904 2837 2107 2922 igitur
2142 2823 2511 2921 Hesychius
2553 2841 2816 2920 praeter

511 2944 860 3030 Sophronii
897 2944 1171 3010 indicem
1201 2944 1402 3008 etiam
1439 2943 1736 3026 alterum,
1772 2945 1849 3008 de
1890 2966 2017 3028 quo
2058 2943 2231 3008 infra
2266 2965 2475 3028 pauca
2510 2945 2816 3011 monebo·

655 3159 706 3223 1)
744 3155 870 3210 Nisi
904 3155 965 3209 in
1002 3154 1329 3224 Hieronymi
1365 3154 1488 3209 vita
1526 3155 1606 3210 sic
1642 3154 1829 3224 potius
1866 3155 2377 3224 interpungendum
2416 3155 2523 3209 esta
2580 3153 2809 3210 Extant

509 3235 674 3290 huius
703 3237 1002 3304 praeclara
1037 3241 1086 3290 et
1123 3235 1555 3289 innumerabilia
1593 3251 1783 3304 opera:
1822 3235 1884 3288 in
1920 3233 2159 3303 qwinque
2196 3235 2363 3288 libros
2400 3234 2591 3302 Moysi
2628 3250 2744 3302 seq.

653 3318 706 3383 2)
746 3313 899 3369 Suid.
939 3315 1067 3382 περὶ
1106 3309 1224 3382 εὕρ.
1255 3309 1314 3366 α’
1352 3313 1521 3383 Soph.
1560 3313 1689 3381 περὶ
1728 3309 1843 3381 εὖρ.
1886 3313 1977 3384 (cf.
2016 3317 2231 3384 supra),
2272 3313 2425 3367 Suid.
2458 3333 2541 3375 τις
2578 3309 2813 3382 εὔχεται

511 3393 680 3464 Soph.
721 3389 1014 3464 εὐχόμεθα
1049 3393 1146 3448 καὶ
1176 3388 1767 3463 άπομαρτυρούμεθα,
1806 3394 1956 3448 Suid.
1986 3394 2119 3461 περὶ
2147 3393 2260 3447 τῶν
2288 3393 2458 3461 τριῶν
2486 3389 2809 3463 δυνάμεων,

511 3473 680 3542 Soph.
709 3474 840 3544 περὶ
867 3496 946 3544 τρ.
977 3476 1119 3543 dmm,
1150 3473 1302 3528 Suid.
1333 3472 1462 3540 περὶ
1493 3469 1931 3543 ἔναλλαγεισῶν,
1964 3472 2136 3542 Soph.
2166 3471 2295 3540 περὶ
2336 3467 2515 3527 ἐναλλ.
2546 3473 2808 3542 γραφῶν,

510 3553 662 3609 Suid.
711 3555 838 3624 βίου
893 3550 1235 3624 φιλοσόφου,
1289 3553 1456 3622 Soph.
1511 3555 1635 3626 βίου
1692 3553 2097 3621 φιλοσοφικοῦ,
2154 3551 2306 3606 Suid.
2361 3550 2491 3619 περὶ
2546 3545 2806 3620 ὀνείρων,

511 3633 682 3703 Soph.
721 3635 852 3702 περὶ
888 3635 988 3689 τοῦ
1025 3631 1157 3696 τοὺς
1203 3627 1458 3702 ὀνείρους
1504 3629 1658 3699 παρὰ
1705 3633 1852 3687 θεοῦ
1902 3633 2256 3702 πέμπεσθαι,
2305 3631 2459 3686 Suid.
2497 3631 2627 3701 περὶ
2669 3627 2804 3689 ’Iov-

509 3715 688 3767 δαίων
717 3709 800 3780 α’,
829 3715 998 3784 Soph.
1029 3713 1159 3781 περὶ
1183 3710 1473 3766 Ἰουδαίων
1503 3712 1595 3781 (cf.
1615 3715 1818 3781 supra),
1850 3711 2001 3768 Suid.
2022 3709 2323 3781 περιέχειν,
2354 3711 2525 3780 Soph.
2549 3703 2638 3764 ὅτι
2668 3708 2803 3778 ἔχει,

510 3793 666 3851 Suid.
701 3793 816 3848 τῶν
853 3793 1212 3864 χριστιανῶν,
1250 3792 1418 3863 Soph.
1459 3793 1570 3847 τῶν
1606 3787 1895 3862 ἡμετέρων
1932 3794 2098 3862 (quae
2127 3792 2367 3847 mutatio
2406 3807 2539 3845 sane
2566 3790 2804 3860 insignis

508 3875 642 3944 est),
687 3873 762 3928 ad
806 3873 956 3942 quod
1003 3872 1346 3943 Sophronius
1395 3873 1521 3928 add.
1569 3871 1699 3940 περὶ
1744 3863 1812 3925 οὗ
1860 3867 2184 3940 ἔμπροσθεν
2230 3871 2491 3940 εἴπομεν,
2548 3867 2802 3924 τουτέστι

506 3954 619 4007 τῶν
656 3948 984 4007 ἀποστόλων
1022 3955 1116 4022 (sc.
1149 3969 1195 4008 c.
1224 3957 1257 4005 8
1296 3946 1439 4007 ὅθεν
1477 3951 1576 4006 καὶ
1604 3951 1787 4005 Φίλων
1826 3945 1857 4004 ὁ
1896 3951 2011 4004 τῶν
2043 3946 2334 4005 Ἰουδαίων
2365 3946 2805 4019 ἐλλογιμώτατος

507 4029 656 4102 ὁρῶν
695 4028 757 4086 ἐν
792 4027 1176 4104 Ἀλεξανδρείᾳ
1213 4027 1439 4101 πρώτην
1477 4027 1777 4101 ἐκκλησίαν
1808 4029 1889 4086 ἔτι
1912 4026 2329 4096 Ἰουδαίζουσαν
2358 4025 2565 4084 ὡσανεὶ
2594 4027 2677 4090 εἰς
2705 4026 2801 4083 ἔπ-

507 4132 670 4167 αινον
716 4112 815 4166 τοὶ
865 4110 1079 4167 οἰκείου
1127 4111 1336 4174 ἔθνους
1372 4113 1565 4182 βίβλον
1603 4112 1733 4182 περὶ
1768 4113 1867 4181 τῆς
1903 4107 2116 4165 τούτων
2162 4110 2493 4180 συναγωγῆς
2529 4108 2800 4179 συνεγρά·

506 4194 708 4262 ψατο),
753 4191 902 4245 Suid.
941 4191 1069 4261 περὶ
1099 4194 1225 4262 βίον
1251 4190 1635 4261 θεωρητικοῦ,
1672 4193 1802 4262 περὶ
1830 4189 2058 4259 ἱκετῶν,
2099 4191 2267 4261 Soph.
2308 4189 2435 4257 περὶ
2466 4191 2594 4263 βίου
2619 4193 2800 4259 θεωρ.

509 4267 709 4325 ῖκετῶν
739 4272 959 4338 (Euseb.
995 4290 1048 4341 p.
1079 4279 1148 4327 63
1179 4272 1431 4343 Schweg.
1460 4276 1634 4342 θεωρ.
1675 4267 1709 4342 ἢ
1748 4271 1998 4340 ἱκετῶν),
2034 4269 2236 4338 quibus
2273 4269 2442 4340 Soph.
2466 4269 2635 4323 addit
2670 4289 2805 4325 του-

509 4347 719 4419 τέστιν,
757 4345 846 4404 ὅτι
883 4348 950 4427 τᾷ
994 4348 1306 4422 ἐπουράνια
1344 4347 1663 4418 ἀτενίζουσι
1699 4351 1797 4406 καὶ
1833 4347 1927 4407 ἀεὶ
1964 4344 2229 4419 εὔχονται
2266 4350 2342 4422 τῷ
2379 4350 2539 4421 θεοῖς
