3025 4892
567 206 700 270 204
1497 203 1925 259 HESYCHIUS.

569 369 692 449 [εἰς
734 364 815 434 τὰ
861 364 1207 453 Πρόκλου]
1263 365 1412 452 περὶ
1459 368 1597 432 τῶν
1649 362 1806 452 παρ’
1854 360 2117 457 Ὁμήρῳ
2172 368 2388 449 θεῶν,
2454 370 2840 452 συμφωνίαν

559 470 874 560 Ὀρφέως,
923 471 1346 559 Πυθαγόρου
1379 472 1492 540 καὶ
1531 470 1898 551 Πλάτωνος
1932 472 2084 559 περὶ
2120 469 2199 540 τὰ
2237 470 2461 557 λόγια,
2504 476 2717 558 βιβλία
2749 471 2841 561 ιἸ

563 579 676 646 καὶ
722 577 881 647 ἄλλα
926 578 1075 647 τινὰ
1126 578 1491 664 ἐξηγητικά.

741 703 1080 771 DGOLVI.
1153 701 1587 790 Σωκράτης
1632 708 2129 791 Σωφρονίσκου
2184 701 2510 783 λιθοξόου
2564 704 2670 769 καὶ
2724 728 2843 788 μη-

459 892 470 909 .
512 836 539 877 5
564 807 719 895 τρὸς
768 810 1182 896 Φαιναρέτης
1227 813 1458 896 μαίας,
1512 808 1842 896 πρότερον
1889 809 2253 895 γενόμενος
2296 807 2640 894 λιθοξόος,
2682 806 2845 877 ὥστε

562 922 681 984 καί
749 936 958 1002 φασιν
1023 912 1236 984 αὐτοῦ
1301 922 1500 1005 ἔργον
1569 913 1742 984 εἶναι
1805 915 1921 996 τὰς
1979 914 2347 1002 Ἀθήνησιν
2413 916 2848 1002 ἐνδεδυμένας

565 1021 884 1109 Χάριτας,
939 1021 1079 1090 εἷτα
1119 1020 1585 1110 φιλοσοφήσας
1631 1022 1745 1091 διὰ
1792 1021 1867 1091 τὸ
1916 1020 2198 1091 ἀκοῦσαι
2241 1019 2688 1106 Ἀναξαγόρου
2726 1026 2847 1089 τοῦ

566 1134 1052 1215 Κλαζομενίου,
1117 1128 1256 1197 εἶτα
1314 1128 1682 1215 Δάμωνος,
1749 1126 1887 1196 εἶτα
1938 1125 2311 1216 Ἀρχελάου.
2405 1124 2847 1215 Ἀριστόξενος

567 1233 640 1301 δὲ
690 1231 1048 1322 Ἀρχελάου
1103 1236 1370 1321 πρῶτον
1427 1231 1639 1303 αὐτὸν
1698 1238 2051 1303 διακοῦσαι
2108 1235 2315 1320 λέγει,
2372 1235 2717 1320 γεγονέναι
2768 1234 2845 1301 δὲ

487 1368 538 1407 ιο
565 1338 776 1408 αὐτοῦ
819 1341 930 1408 καὶ
976 1340 1273 1427 παιδικά,
1321 1340 1787 1429 σφοδρότατόν
1832 1367 1901 1409 τε
1948 1341 2098 1427 περὶ
2132 1338 2214 1409 τά
2260 1338 2651 1429 ἀφροδίσια,
2696 1339 2842 1409 ἀλλ’

566 1445 969 1534 ἀδικήματος
1027 1453 1258 1535 χωρίς,
1321 1445 1409 1527 ὡς
1469 1447 1867 1536 Πορφύριος
1923 1450 1997 1516 ἐν
2050 1450 2129 1537 τῇ
2186 1447 2543 1540 φιλοσόφῳ
2600 1452 2850 1538 ἱστορίᾳ

566 1558 791 1640 φησίν.
884 1556 951 1633 ἐς
997 1553 1070 1622 δὲ
1117 1552 1372 1642 ἄνδρας
1417 1553 1640 1622 ἐλθῶν
1690 1554 2168 1645 ἐστρατεύσατο
2217 1563 2311 1635 εἰς
2355 1579 2425 1623 τε
2462 1552 2849 1642 Ἀμφίπολιν

565 1660 675 1727 καὶ.
731 1664 1108 1729 Ποτίδαιαν
1168 1663 1280 1729 καὶ
1336 1663 1440 1729 ἐπὶ
1500 1667 1752 1752 Δηλίῳ.
1850 1661 1961 1729 καὶ
2018 1675 2329 1749 γαμεταῖς
2385 1662 2460 1730 δὲ
2516 1662 2849 1755 συνῴκησε

567 1766 714 1851 δύο,
749 1770 1132 1857 Ξανθίππῃ,
1179 1764 1299 1854 ἀφ’
1351 1759 1431 1855 ἧς
1477 1774 1669 1855 ἔσχεν
1714 1767 1870 1837 υἱὸν
1915 1768 2381 1859 Λαμπροκλέα,
2426 1770 2538 1837 καὶ
2586 1770 2851 1857 δευτέρᾳ

487 1900 538 1939 15
569 1880 842 1959 Μυρτοῖ
890 1878 970 1963 τῇ
1012 1871 1420 1962 Ἀριστείδου
1473 1879 1595 1943 τοῦ
1652 1879 1919 1943 δικαίου
1972 1880 2296 1963 θυγατρί,
2356 1876 2423 1957 ἐξ
2474 1866 2553 1962 ἧς
2602 1877 2848 1961 ἐγένετο

567 1986 1054 2066 Σωφρονίσκος
1106 1981 1217 2048 καὶ
1274 1983 1703 2068 Μενέδημος,
1764 1978 1806 2068 ἢ
1865 1983 2270 2069 Μενέξενος,
2329 1979 2419 2062 ῶς
2472 2001 2603 2049 τισι
2660 1986 2850 2049 δοκεῖ.

573 2086 683 2153 καὶ
731 2087 835 2154 ἐπὶ
881 2086 1004 2175 μὲν
1052 2091 1188 2156 τῶν
1227 2093 1890 2175 Πελοποννησιακῶν
1928 2090 2229 2175 γέγονεν,
2276 2086 2364 2168 ὥς
2408 2088 2591 2180 τύπῳ
2627 2094 2851 2174 εἰπεῖν,

569 2190 933 2279 ὀλυμπιάδι
980 2192 1111 2279 πζ’,
1160 2198 1318 2282 ἐβίω
1366 2196 1441 2264 δὲ
1491 2202 1600 2282 ἔτη
1650 2195 1747 2265 ο’·
1795 2194 1934 2264 εἶτα
1979 2191 2239 2285 ἀλογίᾳ,
2286 2199 2543 2282 μᾶλλον
2588 2196 2663 2263 δὲ
2697 2192 2853 2263 ἀπο-

566 2306 722 2391 νοίᾳ
773 2304 910 2368 τῶν
957 2297 1337 2388 Ἀθηναίων
1390 2302 1698 2387 βιασθεὶς
1752 2316 1931 2369 πιεῖν
1988 2300 2271 2369 κώνειον
2326 2298 2699 2387 ἀπέθανεν,
2755 2306 2851 2387 ἔγ-

485 2428 540 2471 80
566 2434 832 2495 γραφον
891 2408 1095 2478 οὐδὲν
1149 2412 1563 2494 καταλιπών,
1627 2405 1668 2495 ἢ
1727 2406 1817 2489 ῶς
1859 2436 2035 2489 τινες
2089 2408 2448 2495 βούλονται
2496 2407 2712 2496 ὕμνον
2765 2414 2856 2487 είς

553 2509 941 2583 Ἀπόλλωνα
1012 2516 1124 2583 καὶ
1184 2514 1492 2603 ’Ἀρτεμιν
1556 2515 1667 2583 καὶ
1742 2519 1971 2603 μῦθον
2045 2514 2427 2583 Αἰσώπειον
2502 2513 2591 2583 δι’
2661 2518 2852 2584 ἐπῶν.

566 2620 985 2707 φιλοσόφους
1024 2621 1098 2689 δὲ
1136 2621 1487 2708 εἰργάσατο
1531 2621 1887 2706 Πλάτωνα,
1926 2618 2415 2709 ὅςκαταλιπῶν
2453 2620 2527 2689 τὸ
2571 2622 2855 2690 Λύκειον

565 2726 793 2815 (τόπος
858 2726 932 2795 δὲ
998 2718 1192 2807 οὗτος
1250 2726 1591 2817 Ἀθηνῶν)
1655 2727 1979 2816 μετήγαγε
2052 2728 2177 2815 τὴν
2252 2727 2499 2815 σχολὴν
2566 2730 2637 2795 ἐν
2702 2753 2857 2814 προ-

565 2839 834 2924 αστείςο,
889 2836 968 2923 τῇ
1014 2832 1410 2923 Ἀκαδημείᾳ
1463 2835 2129 2923 προσαγορευομένῃ,
2186 2835 2323 2925 (καὶ
2373 2838 2442 2903 οἱ
2484 2832 2600 2902 ἀπ’
2653 2833 2856 2903 αὐτοῦ

487 2962 539 3003 2⁵
564 2937 1033 3027 Ἀκαδημαϊκοὶ
1097 2940 1517 3028 [φιλόσοφοι]
1574 2942 2225 3033 προσηγορεύθησαν
2272 2942 2461 3031 μέχρι
2501 2939 2857 3029 Ἀριστοτὲὶ

566 3053 753 3125 λους·
831 3045 1030 3127 αὐτὸς
1095 3046 1224 3137 γὰρ
1291 3046 1621 3136 ἀκροατὴς
1682 3052 1805 3116 τοῦ
1870 3048 2236 3129 Πλάτωνος
2296 3049 2695 3137 γενόμενος,
2769 3054 2858 3127 εἰς

564 3155 782 3239 κῆπόν
836 3181 987 3222 τινα
1057 3154 1186 3243 πρὸ
1244 3159 1360 3243 τῆς
1412 3155 1669 3235 πόλεως
1720 3153 1836 3235 τὰς
1892 3154 2235 3245 διατριβὰς
2278 3156 2729 3244 ποιησάμενος
2792 3148 2856 3223 ἔκ

565 3262 686 3328 τοῦ
730 3258 873 3327 κατ’
917 3259 1123 3329 αὐτὸν
1168 3263 1533 3351 περιπάτου
1570 3261 2139 3351 Περιπατητικοὺς
2184 3262 2493 3349 ῶνόμασε
2538 3262 2695 3342 τοὺς
2743 3258 2848 3329 ἀπ’

568 3363 833 3455 αὐτοῦ)·
891 3368 1054 3452 [καὶ]
1103 3367 1529 3455 Ἀρίστιππον
1576 3376 2002 3456 Κυρηναῖον,
2060 3365 2135 3449 ὃς
2189 3374 2372 3438 ἰδίαν
2418 3372 2677 3455 αἵρεσιν
2734 3373 2858 3435 εἰσ-

469 3497 540 3535 .3o
569 3470 775 3558 ήγαγε
839 3473 948 3540 καὶ
1009 3473 1258 3564 σχολὴν
1318 3475 1771 3562 συνεστήσατο
1820 3473 1941 3565 τὴν
1988 3475 2428 3564 Κυρηναϊκήν
2473 3486 2856 3562 κληθεῖσαν·

711 3633 974 3689 DCCLVI
1011 3634 1093 3692 Cf.
1123 3635 1284 3704 Diog.
1316 3636 1391 3705 ΙΙ,
1425 3642 1489 3690 18
1520 3653 1633 3704 seq.
1680 3634 1959 3704 Hesychio
1989 3636 2225 3691 fortasse
2260 3636 2561 3692 tribuenda
2591 3652 2711 3691 esse
2740 3638 2857 3689 Σω-

568 3709 774 3783 κράτης
811 3746 877 3753 ——
912 3710 1201 3785 Ἀρχελάου
1241 3718 1299 3779 et
1335 3714 1431 3769 καὶ
1471 3710 1564 3769 ἐπὶ
1602 3712 1706 3785 μὲν
1739 3746 1802 3754 -—-
1833 3710 1915 3769 δι’
1949 3711 2103 3770 ἐπῶν
2132 3716 2249 3770 dixi
2277 3716 2417 3771 Mus.
2449 3716 2625 3771 Rhen.
2655 3714 2859 3769 XXXV

568 3813 620 3864 p.
657 3799 772 3849 198.
848 3795 1142 3867 Porphyrii
1189 3792 1439 3863 ἱστορίαν
1479 3790 1795 3863 φιλόσοφον
1834 3797 1905 3851 ab
1932 3797 2210 3866 Hesychio
2247 3795 2559 3851 adhibitam
2599 3812 2721 3849 esse
2768 3795 2859 3847 do-

568 3875 688 3930 cuifi
721 3874 912 3929 Rohde
1099 3882 1134 3929 4
1178 3872 1442 3941 λιθοξόος
1477 3881 1522 3927 V
1712 3870 1751 3930 8*
1777 3874 2058 3947 ’Δήμωνος
2094 3882 2140 3929 V
2332 3877 2544 3931 Malla·
2574 3876 2629 3928 H
2664 3893 2720 3943 p.
2760 3880 2860 3929 280

568 3955 655 4023 (fr.
686 3960 777 4025 25)
896 3963 928 4011 9
967 3950 1190 4026 πρῶτον
1227 3962 1273 4009 V
1416 3962 1482 4010 14
1518 3957 1700 4010 παῖδα
1740 3952 1862 4025 ἔσχε
1902 3963 1948 4010 V
2076 3964 2141 4012 16
2180 3952 2255 4019 ῶς
2290 3975 2400 4012 τισι
2437 3959 2609 4011 δοκεῖ
2635 3955 2696 4010 ef.
2732 3972 2861 4008 mox

569 4031 644 4098 ῶς
679 4033 837 4109 τύπῳ
877 4034 1060 4091 εἰπεῖν
1097 4052 1203 4091 om.
1241 4041 1287 4088 V
1469 4042 1535 4091 18
1582 4032 1677 4101 πζ’
1708 4066 1779 4075 ·-
1808 4032 1865 4089 ο’
1902 4035 2183 4106 flagitavit
2218 4036 2552 4105 Bernhardy
2599 4035 2863 4089 laudaizus

567 4115 816 4182 RohdeO,
853 4114 993 4169 Mus.
1033 4116 1211 4170 Rhen.
1250 4116 1485 4171 XXXIII
1525 4135 1578 4185 p.
1621 4122 1722 4172 190
1760 4112 1845 4183 οζ’
1886 4147 1952 4156 -
1992 4112 2057 4170 π’
2105 4116 2262 4182 libri,
2310 4115 2459 4184 quod
2504 4114 2861 4171 librariorum

568 4210 752 4249 errore
790 4197 974 4248 ortum
1013 4195 1264 4264 suspicor
1390 4202 1458 4250 20
1495 4190 1666 4250 ἄλλον
1702 4197 1832 4265 post
1870 4190 2044 4250 οὐδὲν
2082 4194 2241 4249 addit
2274 4195 2548 4249 Kasterus
2673 4201 2745 4249 21
2786 4196 2861 4249 Cf.

567 4273 858 4342 Menagius
893 4275 953 4328 in
988 4274 1149 4343 Diog.
1191 4275 1258 4343 ΙΙ,
1296 4282 1363 4330 42
1473 4280 1541 4329 22
1582 4292 1694 4343 seq.
1726 4306 1795 4329 2-
1833 4274 1962 4330 exit.
2003 4275 2312 4345 Porphyrio
2350 4274 2631 4345 descripta
2668 4274 2863 4331 viden-

567 4354 662 4405 tur
699 4368 818 4405 esse
963 4359 1032 4407 25
1070 4350 1375 4425 φιλόσοφοι
1412 4374 1518 4410 om.
1556 4360 1656 4409 AV
1793 4362 1860 4412 29
1900 4355 1999 4411 καὶ
2034 4355 2221 4411 delevi
