3025 4892
1075 223 1500 282 HESYCHIUS.
2338 231 2419 295 61

311 383 690 452 COXXXV.
767 391 895 451 Δω
912 383 1095 453 σιᾶδ
1105 411 1192 472 ης
1239 383 1483 474 [ὄνομα
1529 386 1795 476 κύριον]
1828 441 1843 456 .
1874 443 1888 458 .
1918 442 1933 457 .

310 491 715 558 CCXXXVI.
791 497 1214 573 Δωσίθεος
1261 491 1507 580 [ὄνομα
1553 494 1817 581 κύριον]
1852 550 1866 564 .
1898 549 1911 564 .
1942 549 1955 564 .

311 597 752 665 CCXXXVII.
843 603 1277 685 Εἰρηναῖος
1353 595 1389 667 ὁ
1455 599 1567 667 καὶ
1635 599 1947 684 Πάκατος
2008 604 2280 691 κληθεὶς
2342 609 2421 694 τῇ

134 700 468 790 Ῥωμαίων
507 708 850 798 διαλέκτῳ,
887 704 1191 793 μαθητὴς
1218 703 1639 794 Ἡλιοδώρου
1676 712 1798 776 τοῦ
1834 714 2169 798 μετρικοῦ,
2216 737 2421 800 γραμ-

141 809 402 896 ματικὸς
441 810 944 899 Ἀλεξανδρεύς·
1005 813 1154 901 περὶ
1201 816 1320 900 τῆς
1359 810 1741 900 Ἀθηναίων
1782 822 2223 904 προπομπίας,
2270 819 2419 902 περὶ
2448 839 2475 878 ⁵

139 921 249 1003 τῆς
278 915 761 1006 Ἀλεξανδρέων
792 919 1162 1006 διαλέκτου,
1205 917 1305 988 ὅτι
1345 922 1529 988 ἐστὶν
1571 923 1640 989 ἐκ
1674 925 1792 1008 τῆς
1827 920 2153 1010 Ἀτθίδος,
2190 931 2420 1013 βιβλία

144 1023 220 1109 ζ’,
233 1022 536 1095 Ἀττικῶν
567 1023 920 1113 ὀνομάτων
948 1031 1175 1113 βιβλία
1202 1026 1295 1113 γ’,
1320 1023 1612 1115 Ἀττικῆς
1640 1035 2005 1116 συνηθείας
2022 1036 2138 1118 τῆς
2157 1035 2230 1100 ἐν
2250 1035 2418 1114 λέξει

47 1173 49 1176 <
145 1133 249 1198 καὶ
290 1136 635 1224 προσῳδίᾳ
679 1131 844 1202 κατὰ
891 1147 1220 1221 στοιχεῖον
1268 1139 1494 1220 βιβλία
1540 1135 1635 1222 γ’,
1681 1137 1974 1217 κανόνας
2018 1139 2421 1227 ἑλληνισμοῦ

146 1243 398 1324 βιβλίον
444 1239 524 1326 α’,
569 1241 716 1327 περὶ
765 1238 1155 1328 ἇττικισμοῦ
1197 1247 1462 1328 βιβλίον
1511 1242 1595 1326 α’,
1639 1243 1750 1311 καὶ
1796 1241 1964 1311 ἄλλα
2009 1245 2241 1314 πολλά.

309 1348 778 1418 GCXXXVIII.
868 1346 948 1416 Ἐ
963 1375 1117 1416 κατ
1143 1362 1238 1416 αἴ
1253 1376 1342 1429 ος
1411 1346 1801 1438 Ἀβδηρίτης
1863 1350 2267 1439 φιλόσοφος,
2346 1350 2421 1434 ὃς
2450 1375 2501 1416 1⁰

145 1461 461 1549 ἐπεκλήθη
517 1457 627 1529 καὶ
691 1455 981 1544 κριτικὸς
1033 1455 1516 1543 γραμματικός,
1584 1451 1693 1525 οἷα
1739 1458 2201 1546 γραμματικὴν
2247 1465 2416 1548 ἔχων

145 1569 574 1656 παρασκευήν.
675 1569 908 1654 γέγονε
975 1563 1049 1631 δὲ
1111 1563 1216 1631 ἐπὶ
1275 1566 1413 1630 τῶν
1471 1563 1827 1652 διαδόχων.
1924 1572 2153 1653 βιβλία
2209 1566 2423 1636 αὐτοῦ

143 1681 360 1744 ταῦτα·
405 1678 555 1764 περὶ
601 1679 718 1762 τῆς
760 1670 1090 1758 ποιήσεως
1123 1668 1418 1757 Ὁμήρου
1461 1672 1571 1738 καὶ
1608 1669 1931 1742 Ἡσιόδου
1960 1727 2151 1744 .....

311 1784 713 1852 CCXXXIX.
791 1777 1194 1857 ‘Execratus
1242 1774 1717 1866 Ἡγησάνδρου
1762 1781 2128 1867 Μιλήσιος,
2184 1785 2420 1870 γέγονε

145 1889 298 1959 κατὰ
357 1890 513 1971 τοὺς
568 1893 870 1976 Δαρείου
932 1883 1223 1973 χρόνους
1283 1889 1404 1953 τοῦ
1460 1886 1620 1973 μετὰ
1679 1887 2057 1975 Καμβύσην
2112 1891 2411 1976 βασιλεύ-
2450 1911 2500 1950 1⁵

145 2017 390 2083 σαντος,
437 1995 547 2066 ὅτε
591 1995 703 2064 καὶ
742 1990 1113 2072 Διονύσιος
1159 1982 1246 2077 ἦν
1284 1987 1319 2058 ὁ
1360 1991 1719 2078 Μιλήσιος,
1767 1994 1871 2060 ἐπὶ
1921 1999 2037 2081 τῆς
2085 1996 2177 2078 ξε’
2218 1995 2419 2085 ὄλυμ-

277 2220 567 2276 CCXXXV
615 2219 823 2274 Suidae
859 2217 1048 2288 glossa
1082 2215 1226 2270 forte
1264 2214 1338 2270 ad
1372 2215 1601 2284 poetam
1647 2219 1867 2287 spectat
1904 2218 1994 2288 (cf.
2033 2219 2263 2276 Anthou.
2301 2221 2418 2276 Pal.

149 2299 242 2356 XV
295 2307 360 2355 25
399 2302 459 2356 et
494 2307 561 2355 26

245 2302 592 2437 ’CCXXXV)I
656 2382 796 2435 haec
851 2379 1040 2449 glossa
1103 2375 1248 2430 forte
1305 2376 1376 2430 ad
1440 2376 1901 2432 mathematicum
1970 2379 2261 2434 referenda
2315 2385 2419 2451 esb,

148 2463 289 2516 cuius
333 2463 672 2518 mentionem
719 2459 857 2516 fecit
899 2459 1136 2527 scriptor
1179 2456 1332 2512 vitae
1379 2455 1539 2510 Arati
1588 2475 1639 2527 p.
1680 2463 1775 2525 58,
1816 2464 1887 2512 24
1934 2458 2208 2516 Westerm.
2259 2465 2419 2532 (corr.

143 2542 408 2614 Meineke,
463 2543 558 2613 qui
595 2541 757 2597 Anal.
803 2558 857 2609 p.
899 2545 966 2592 10
1016 2539 1294 2609 Σωσίβιος
1348 2535 1412 2592 δε
1464 2532 1495 2591 ὁ
1549 2533 1899 2625 ’Entlvrfxoc
1951 2541 2043 2595 vel
2099 2536 2129 2595 ὃ
2178 2539 2420 2604 Λυτικὸς

144 2623 442 2679 coniecerat

273 2627 616 2759 CCXX)XVI[
645 2703 796 2756 Eud.
815 2720 869 2770 p.
891 2705 1012 2753 294.
1053 2697 1131 2753 cf.
1153 2716 1205 2753 ν.
1226 2694 1509 2761 Πάκατος.
1553 2697 1630 2753 cf.
1653 2697 1861 2769 Haupt,
1893 2699 1995 2771 Op.
2016 2703 2139 2772 le.
2161 2708 2418 2785 434seq.3

141 2783 346 2852 Rohde,
385 2783 477 2841 Gr.
515 2785 733 2838 Roman
769 2800 822 2850 p
864 2785 965 2834 327
1003 2781 1145 2843 nom
1190 2776 1378 2845 Daub,
1418 2777 1576 2833 stud.
1614 2797 1669 2849 p.
1706 2785 1822 2837 121.
1898 2782 2203 2852 Utramque
2241 2786 2414 2840 vitam

145 2864 408 2934 Hesychio
436 2863 593 2932 dedi,
634 2863 728 2932 qui
758 2860 898 2915 duos
927 2859 1220 2926 descripsit
1246 2859 1458 2913 indices
1487 2860 1561 2913 ad
1589 2860 1825 2915 eundem
1861 2865 2141 2918 auctorem
2174 2882 2267 2919 eos
2296 2885 2419 2937 spe-

145 2948 280 3000 ctare
312 2947 592 3016 ignorans.
639 2943 903 2996 Eiusdem
931 2940 1146 2994 Irenaei
1175 2940 1512 2993 mentionem
1544 2939 1800 2995 fecerunt
1830 2942 2102 3013 Socrates,
2131 2944 2262 3000 hist.
2283 2949 2416 3004 eccl.

142 3026 229 3097 ΙΙΙ,
250 3035 302 3097 7;
331 3026 502 3083 schol.
534 3025 606 3080 ad
637 3026 729 3079 Ar.
753 3023 916 3092 Vesp.
946 3025 1071 3088 895,
1100 3021 1229 3076 Eur.
1259 3019 1404 3074 Med.
1428 3025 1550 3089 222,
1580 3022 1764 3090 Apoll.
1786 3022 1966 3077 Rhod.
1996 3024 2251 3092 pluribus
2280 3027 2419 3082 locis

144 3113 170 3158 3
204 3128 280 3177 γρ.
312 3105 405 3164 Ἀλ.
445 3110 575 3177 post
611 3103 915 3173 Εἰρηναῖος
951 3102 1100 3157 Eud.
1140 3122 1345 3171 γραμμ.
1380 3097 1474 3155 m.
1516 3097 1767 3171 ὀνόματα
1809 3108 1854 3155 Δ
1993 3109 2027 3157 4
2068 3099 2273 3160 “Ηλιοδ.
2322 3127 2415 3177 με·

141 3189 316 3253 τρικοῦ
346 3185 736 3258 γραμματικοῦ
757 3185 908 3238 Eud.
985 3181 1198 3252 ἔγραψε
1231 3183 1358 3238 add.
1381 3183 1531 3236 Eud.
1629 3189 1658 3236 ‘7
1684 3178 1929 3251 Ἀττικὴν
1958 3182 2275 3254 συνήθειαν
2304 3207 2415 3243 ιιοιι

147 3267 406 3324 diversam
445 3284 564 3323 esse
593 3268 664 3321 ab
692 3265 769 3338 τῷ
798 3260 943 3319 κατὰ
975 3269 1248 3332 στοιχεῖον
1280 3258 1603 3332 Ἆττικιστῇ,
1640 3282 1807 3332 quem
1836 3265 1935 3319 alii
1963 3266 2212 3333 laudant,
2249 3273 2414 3336 puta-

144 3347 231 3402 bat
263 3350 592 3417 Bernhardy
631 3344 824 3414 (Meier
863 3362 950 3413 op.
990 3344 1065 3412 11,
1105 3349 1194 3414 42)
1235 3343 1363 3400 coll.
1401 3343 1585 3413 Etym.
1616 3345 1689 3400 M.
1719 3365 1770 3402 ν.
1800 3344 2053 3416 Κομψός.
2113 3347 2415 3416 Εἰρηναῖος

140 3422 166 3479 ὁ
198 3423 314 3484 ’Ata
354 3425 416 3483 ἐν
453 3428 530 3501 τῷ
570 3447 604 3480 κ
643 3431 896 3497 στοιχεῑῳ
935 3428 994 3479 eb
1027 3425 1238 3480 Socrat.
1275 3426 1402 3481 hist.
1443 3426 1579 3482 eccl.
1608 3424 1711 3493 ΙΙΙ,
1742 3433 1798 3494 '73
1838 3426 1928 3481 cui
1966 3428 2292 3484 adversatus
2330 3433 2416 3484 est

141 3507 344 3577 Rohde,
381 3509 450 3562 de
487 3507 700 3562 Polluc.
737 3507 874 3560 font.
913 3523 967 3574 p.
1009 3512 1074 3560 14
1112 3509 1226 3560 not.
1266 3513 1326 3576 2,
1367 3502 1694 3575 Ἀττικιστής
1740 3524 1776 3560 a
1819 3508 1963 3562 libro
2000 3509 2147 3562 infra.
2185 3509 2413 3563 laudato

140 3588 254 3656 περὶ
289 3585 614 3657 ἄττικισμοῦ
654 3602 768 3640 ιιοιι
804 3585 1082 3641 diversum
1119 3587 1291 3642 fuisse
1319 3589 1474 3641 ratus
1583 3592 1615 3640 9
1648 3588 1767 3659 βίος
1794 3604 1897 3655 pro
1925 3589 2103 3644 altero
2133 3593 2347 3663 βιβλίον
2367 3597 2412 3643 V

268 3666 638 3722 CCXXXVIII
675 3666 826 3720 Eud.
865 3685 920 3736 p.
960 3672 1078 3722 294.
1153 3666 1233 3721 Cf.
1273 3665 1475 3720 Mfiller
1513 3667 1564 3719 11
1601 3684 1654 3735 p.
1694 3672 1799 3720 384
1828 3685 1942 3736 seq.
2004 3666 2254 3724 Eundrm
2295 3687 2412 3726 esse

140 3751 290 3817 atque
325 3750 458 3804 Hec.
507 3747 706 3802 Teium
743 3747 893 3815 apud
938 3747 1190 3802 Strabon.
1235 3747 1365 3800 XIV
1412 3765 1464 3816 p.
1506 3751 1613 3801 644
1657 3748 1878 3802 monuit,
1927 3749 2199 3818 Meineke‚
2246 3749 2411 3806 Vind.

141 3826 303 3884 Strab.
341 3847 394 3899 p.
425 3837 546 3884 221.
587 3826 666 3881 Cf.
697 3826 921 3893 Rohde‚
961 3827 1050 3883 Gr.
1083 3827 1297 3881 Roman
1333 3843 1387 3894 p.
1427 3833 1531 3880 208
1570 3830 1682 3881 noia.
1722 3833 1756 3881 4
1868 3835 1930 3883 11
1971 3828 2231 3899 κρητικὸς
2258 3831 2410 3885 Eud.

141 3909 224 3962 καὶ
257 3931 390 3979 κριτ.
429 3912 632 3962 ABVE
671 3907 815 3976 vuly.
864 3903 1110 3974 κριτικὸς
1156 3906 1253 3960 καὶ
1300 3927 1380 3974 γρ.
1420 3907 1593 3961 tacite
1636 3907 1877 3963 mutavit
1912 3909 2211 3976 Kastervcs,
2262 3909 2410 3963 haud

139 3987 358 4044 feliciter
505 3994 569 4042 12
609 3984 845 4056 φέρεται
881 3981 1060 4040 αὐτοῦ
1099 3988 1283 4058 βιβλία
1323 3987 1473 4042 Eud.
1599 3993 1663 4043 13
1702 3988 1961 4042 lacunam
1999 3989 2244 4044 indicavi
2281 3989 2409 4045 coll.

145 4085 188 4121 v.
223 4070 570 4138 Μίμνερμοςς
608 4081 808 4135 nempe
845 4066 1009 4134 plura
1045 4067 1327 4136 scripsisse
1355 4069 1587 4122 constat

267 4147 579 4203 CCXXXIX
621 4148 772 4202 Eud.
819 4165 874 4216 p.
913 4152 1032 4202 284.
1108 4148 1187 4205 cf.
1235 4150 1438 4205 Mfiller
1483 4151 1508 4202 I
1554 4168 1605 4218 p.
1650 4156 1695 4203 1.
1769 4149 1959 4204 Vitam
2008 4167 2072 4204 ex
2118 4151 2415 4221 Porphyrii

142 4227 353 4284 historia.
387 4228 780 4300 philosophica
816 4227 1037 4283 fluxisse
1076 4228 1268 4283 docuit
1302 4229 1525 4297 Rohde,
1564 4230 1700 4283 Mus.
1737 4230 1913 4284 Rhen.
1954 4229 2188 4285 XXXIII
2222 4249 2275 4300 p.
2311 4237 2409 4286 171

144 4309 693 4438 1510}col}.)²8uid.vv.
726 4305 1050 4379 Φερεκύδης
1082 4304 1191 4363 ’Aa
1341 4317 1407 4365 16
1446 4303 1539 4366 ὅτε
1578 4341 1647 4350 -
1687 4302 2033 4381 ὀλυμπιάδος
2070 4326 2177 4366 οιιι.
2219 4313 2368 4369 Eud.

173 4399 210 4434 π
263 4411 326 4422 -·-
501 4400 610 4438 om.
1763 4398 1769 4407 ¹
