3025 4892
1161 197 1589 258 {1138chth
2436 197 2525 266 45
2637 270 2647 280 ,

221 361 341 430 καὶ
355 361 681 450 ’Ἄτταλον
719 360 842 449 μὲν
877 358 998 432 τὸν
1031 363 1310 449 βασιλέα
1347 361 1714 451 Περγάμου
1750 361 1863 432 διὰ
1898 367 2098 433 τοῦτο
2140 367 2317 450 ἔχειν
2345 359 2523 456 αὐτῷ

217 468 786 568 ἐπιβουλεύοντα,
841 474 934 550 είς
995 469 1070 538 δὲ
1121 467 1247 556 τὴν
1303 475 1585 538 Πυθίαν
1647 469 1937 540 ἐλθόντα
1989 468 2148 538 ποτὲ
2202 469 2527 539 σκώπτειν

222 581 326 656 είς
371 574 446 645 τὸ
486 590 836 663 μαντεῖον,
879 575 992 644 καὶ
1030 577 1432 664 ἐπιγελῶντα
1469 579 1770 666 ἐρέσθαι,
1814 581 1878 646 εἰ
1918 574 2039 646 τὸν
2086 579 2291 644 ἵππον
2338 571 2527 665 εὑρή-

224 703 352 751 σει.
453 687 844 771 ’χρησθῆναι
913 681 988 750 δὲ
1061 678 1242 775 αὐτῷ
1307 678 1621 770 εὑρήσειν
1691 685 1955 769 ταχέως.
2062 680 2203 750 εἶτα
2266 684 2526 750 ἐκεῖνον

224 793 686 877 διαθρυλῆσαι
730 792 961 874 τοῦτο,
1009 786 1112 858 ὅτι
1158 788 1326 876 μηδὲ
1371 781 1458 877 ἦν
1505 789 1685 883 αὐτῷ
1731 794 1949 876 ἵππος,
1995 788 2165 877 μηδὲ
2210 785 2525 858 ἀπώλετο.
2551 814 2578 856 5

223 894 758 986 ἀναχωρήσαντα
807 896 880 964 δὲ
919 889 1418 985 συλλαβόμενος
1434 895 1755 977 Ἀτταλος
1792 895 2052 978 ἐπέταξε
2087 922 2527 984 κατακρημνι-

226 1008 516 1091 σθῆναι·
553 1005 628 1072 ἐν
665 995 720 1096 ᾧ
759 1003 833 1072 δὲ
869 1001 1050 1095 τόπῳ
1085 1007 1286 1072 τοῦτο
1324 1005 1610 1091 ἐγένετο,
1648 1007 1941 1073 ἐκαλεῖτο
1962 1001 2193 1084 Ἵππος
2230 1001 2267 1071 ὁ
2304 1002 2527 1089 τόπος,

222 1111 342 1178 καὶ
401 1115 574 1196 ἔγνω
629 1109 796 1198 πρὸς
849 1113 938 1201 τῷ
995 1107 1270 1200 θανάτῳ
1327 1107 1416 1199 μὴ
1473 1110 1803 1190 ἐψεῦσθαι
1853 1107 1929 1178 τὸ
1974 1109 2227 1197 λόγιον.
2318 1108 2529 1192 οὕτως

227 1211 360 1286 οὖν
408 1220 766 1304 ἐνυβρίσας
809 1221 1026 1298 κακῶς
1071 1215 1416 1301 άπώλετο.]

413 1326 790 1394 CLXXVII.
865 1329 1313 1412 Δείναρχος
1349 1329 1725 1413 Κορίνθιος
1770 1326 2012 1414 ῥήτωρ,
2060 1321 2156 1406 εἷς
2195 1329 2331 1394 τῶν
2367 1324 2528 1413 μετὰ
2558 1349 2609 1390 ιο

231 1432 732 1518 Δημοσθένους
770 1432 1222 1519 ἐγκριθέντων
1269 1429 1446 1518 (υίὸς
1489 1436 1673 1512 τίνος
1719 1432 1899 1500 ἐστὶν
1954 1430 2080 1520 οὐχ
2137 1432 2531 1524 ἱστόρηται),

225 1538 495 1626 γράψας
557 1537 721 1606 κατὰ
785 1541 909 1627 μέν
971 1561 1160 1618 τινας
1221 1537 1468 1625 λόγους
1520 1539 1679 1618 τοὺς
1740 1537 1992 1620 πάντας
2046 1539 2173 1628 ρξ’,
2234 1539 2400 1608 κατὰ
2456 1542 2531 1610 δὲ

221 1644 306 1714 τὸ
337 1645 792 1733 ἀληθέστερον
820 1645 1074 1734 μόνους
1106 1646 1190 1728 ξ’,
1227 1646 1384 1726 τοὺς
1418 1644 1673 1726 πάντας
1707 1646 2115 1732 δικανικούς,
2164 1639 2263 1715 ὧν
2300 1651 2371 1716 οἱ
2405 1651 2531 1735 μέν

227 1758 364 1820 εἰσι
413 1753 747 1840 δημόσιοι,
799 1755 869 1821 οἱ
913 1752 986 1821 δὲ
1025 1756 1367 1821 ἰδιωτικοί.
1447 1751 1851 1840 [ἐτελεύτησε
1889 1753 1963 1822 δὲ
2000 1744 2196 1834 οὗτος
2232 1753 2529 1842 ἐπιμελη·

225 1857 352 1946 τὴς
379 1860 913 1947 Πελοποννήσου
949 1857 1276 1940 καταστὰς
1311 1856 1442 1928 ὑπὸ
1484 1858 1940 1948 Ἀντιπάτρου,
1985 1859 2145 1948 μετὰ
2191 1859 2267 1931 τὸ
2312 1870 2529 1931 τελευ-
2560 1882 2610 1923 1⁵

226 1970 432 2052 τῆσαι
472 1964 904 2054 Ἀντίπατρον
952 1967 1550 2054 Πολυσπέρχοντος
1596 1965 1775 2058 αὐτῷ
1824 1968 2469 2055 ἐπιβουλεύσαντος]

415 2075 824 2143 CLXXVIII.
889 2073 1388 2162 Δεινόλοχος
1425 2074 1895 2159 Συρακούσιος
1926 2072 1967 2162 ἢ
2000 2074 2531 2164 Ἀκραγαντῖνος,

229 2181 540 2268 κωμικός.
631 2173 720 2268 ἦν
775 2182 879 2249 ἐπὶ
931 2186 1050 2268 τῆς
1105 2181 1212 2268 ογ’
1263 2181 1705 2269 ὀλυμπιάδος,
1759 2182 1908 2263 υίὸς
1950 2181 2384 2272 Ἐπιχάρμου,
2431 2181 2531 2266 ,ὥς

231 2289 318 2357 δέ
355 2315 561 2374 τινες,
609 2289 928 2376 μαθητής.
1021 2289 1281 2370 ἐδίδαξε
1327 2287 1632 2376 δράματα
1679 2288 1765 2357 ιδ’
1816 2294 2078 2379 Δωρίδι
2126 2292 2462 2382 διαλέκτῳ.

414 2396 753 2463 CLXXIX.
821 2392 1324 2483 Δεξικράτης.
1381 2385 1581 2474 οὗτος
1610 2393 1968 2482 Ἀθηναῖος
2006 2396 2312 2484 κωμικός.
2370 2397 2530 2484 δρά-
2556 2418 2609 2458 ²⁰

229 2530 408 2591 ματα
438 2500 648 2572 αὐτοῦ
677 2506 850 2571 εἰσιν
869 2500 1018 2590 Ὑφ’
1054 2503 1310 2570 ἑαυτῶν
1337 2501 1786 2589 πλανώμενοι,
1820 2500 1909 2583 ὡς
1930 2499 2291 2592 Ἀθήναιός
2318 2523 2528 2592 φησιν

234 2613 314 2678 ἐν
358 2610 426 2698 γ’
477 2614 1080 2698 Δειπνοσοφιστῶν
1109 2663 1126 2680 .
1153 2665 1167 2678 .
1199 2663 1215 2680 .
1381 2695 1388 2702 .

414 2719 720 2787 CLXXX.
819 2719 1280 2798 Δέξιππος
1337 2721 1735 2803 [Δεξίππου]
1795 2716 1832 2786 ὁ
1883 2716 2219 2806 Ἐρέννιος
2276 2746 2523 2808 χρημα-

229 2830 440 2911 τίσας,
484 2822 842 2912 Ἀθηναῖος
887 2823 1130 2913 ῥήτωρ,
1177 2823 1474 2912 γεγονὼς
1521 2825 1627 2892 ἐπὶ
1672 2831 2093 2909 Βαλεριανοῦ
2138 2829 2247 2896 καὶ
2288 2826 2528 2916 Γαλιή-

377 3002 429 3051 4.
470 2993 592 3051 εἶτα
627 2995 687 3050 in
725 3000 771 3049 A
808 2995 924 3049 fere
959 2995 1208 3049 deletum

380 3075 676 3133 CLXXVII
713 3076 864 3130 Eud.
901 3094 956 3145 p.
997 3079 1100 3128 225
1249 3080 1314 3129 10
1353 3072 1434 3137 εἷς
1469 3073 1584 3128 τῶν
1623 3073 1820 3142 scripsi
1856 3091 1981 3130 cum
2019 3075 2170 3138 Eud.
2208 3077 2321 3131 τῶν
2350 3107 2415 3116 -
2449 3074 2530 3139 εἷς

231 3157 396 3212 Suid.
545 3162 607 3209 11
648 3153 775 3218 υἷὸς
803 3185 866 3194 —-—
908 3153 1039 3210 exit.
1079 3171 1186 3210 om.
1226 3154 1379 3210 Eud.
1415 3149 1542 3216 υἱὸς
1578 3185 1645 3194 -
1683 3151 1902 3216 πάντας
1946 3171 2056 3210 om.
2095 3157 2245 3212 Eud.
2290 3174 2529 3228 pergens

231 3236 520 3306 συνέθηκε
559 3231 760 3305 λόγους
796 3237 979 3290 δικαν.
1172 3240 1238 3288 14
1282 3231 1607 3303 ἐτελεύτησε
1648 3265 1715 3274 -
1755 3233 1885 3289 exit.
1926 3253 2033 3290 om.
2071 3237 2243 3305 Eud„
2279 3237 2352 3291 ad
2389 3237 2527 3294 alte-

231 3337 358 3373 rum
395 3316 736 3372 Dinarchum
778 3319 1032 3386 spectare
1069 3314 1354 3385 perspexit
1400 3315 1675 3371 Westerm.
1716 3317 1843 3371 coll.
1881 3315 2025 3370 Plut.
2064 3307 2243 3371 Phoc:
2272 3323 2339 3371 33

261 3399 270 3406 '
378 3398 704 3453 CLXXVIII
748 3397 900 3451 Eud.
947 3414 1001 3465 p.
1051 3401 1172 3463 227,
1229 3413 1370 3464 quae
1423 3413 1530 3452 om.
1584 3387 1655 3465 ἦν
1705 3427 1770 3436 -
1824 3394 2099 3468 μαθητής.
2185 3397 2265 3452 cf.
2310 3396 2527 3452 Aelian.

233 3480 382 3535 Hist.
404 3480 469 3533 A.
491 3477 583 3546 VI,
605 3483 669 3532 51
703 3472 1040 3544 Δεινόλοχος
1069 3471 1098 3529 ό
1127 3471 1547 3545 ἀνταγωνιστὴς
1574 3471 1919 3547 Ἐπιχάρμου
1950 3479 2008 3532 ef,
2027 3476 2253 3536 Clinton
2270 3497 2321 3548 p.
2346 3484 2413 3532 29
2433 3477 2527 3534 Kr.

383 3558 656 3614 CLXXIX
694 3557 775 3614 cf.
808 3556 1064 3611 Meineke
1093 3555 1118 3608 I
1145 3573 1199 3625 p.
1231 3562 1360 3622 4923
1393 3555 1462 3612 de
1498 3557 1621 3612 vita
1646 3556 1793 3611 dixit
1815 3556 2003 3627 Daub,
2040 3559 2111 3612 de
2140 3557 2291 3613 Suid.
2322 3577 2374 3628 p.
2407 3563 2529 3628 484,

237 3640 395 3694 Shad.
433 3657 488 3709 p.
529 3646 598 3694 36
616 3656 729 3708 seq.
889 3642 957 3691 20
994 3637 1184 3707 δρᾶμα
1223 3630 1400 3691 αὐτοῦ
1439 3632 1589 3692 ἐστιν
1628 3653 1764 3692 corr.
1803 3639 2078 3694 Kusterus
2112 3655 2221 3692 rec.
2254 3639 2528 3693 Westerm.

235 3721 570 3775 adversatus
617 3722 704 3774 est
743 3718 992 3772 Meineke
1026 3716 1064 3772 1.
1103 3734 1148 3771 c.
1189 3716 1314 3772 coll.
1354 3715 1504 3771 Suid.
1546 3737 1597 3773 v.
1639 3721 1959 3786 Φιλιστίων,
2004 3719 2223 3774 servavi
2258 3718 2528 3773 librorum

233 3801 565 3867 lectionem,
609 3816 734 3854 cum
769 3798 1042 3853 nonnulla
1076 3797 1392 3852 dramatum
1426 3798 1658 3852 nomina
1700 3817 1739 3852 s.
1778 3798 1871 3852 fin.
1912 3799 2179 3854 excidisse
2215 3797 2526 3866 videantur,

237 3883 582 3950 quapropter
618 3879 851 3934 lacunae
889 3877 1110 3948 signum
1147 3877 1332 3947 posui3
1371 3877 1440 3933 de
1479 3879 1678 3934 eodem
1715 3880 1783 3934 cf.
1822 3879 2023 3934 Athen.
2060 3878 2141 3932 111
2178 3896 2229 3947 p.
2274 3883 2377 3932 124

383 3958 629 4014 CLXXX
664 3959 816 4012 Eud.
853 3975 908 4026 p.
940 3963 1060 4013 225.
1108 3955 1188 4014 Cf.
1218 3957 1433 4027 Eunap.
1465 3957 1577 4013 vit.
1619 3958 1788 4029 Soph.
1828 3959 1853 4013 I
1888 3977 1943 4028 p.
1988 3965 2048 4012 11
2080 3958 2250 4014 Boiss.
2298 3959 2529 4016 Tractat

235 4040 492 4112 Niebuhr
534 4055 589 4107 p.
627 4036 834 4104 XXIV,
883 4036 1174 4102 Δεξίππου
1219 4037 1468 4106 glossam
1513 4038 1942 4109 grammaticam
1990 4055 2107 4094 esse
2152 4041 2337 4108 patet,
2384 4057 2527 4108 qnae

237 4120 565 4191 genetivum
590 4117 818 4185 indicet,
845 4133 972 4170 cum
999 4118 1162 4186 pater
1188 4118 1308 4172 eius
1325 4117 1679 4174 Ptolemaeus
1706 4118 1969 4172 laudetur
1994 4118 2134 4174 Insc.
2156 4119 2221 4173 A.
2244 4118 2321 4172 111
2348 4136 2401 4174 n.
2425 4125 2527 4175 716

239 4199 436 4272 (etiam
473 4199 552 4252 III
594 4216 648 4254 n.
689 4199 829 4266 713).
904 4195 985 4251 Cf.
1032 4216 1085 4252 v.
1121 4193 1356 4270 Ἴστρος,
1401 4195 1664 4268 Νύμφις,
1706 4193 1943 4267 Ἀραρώς
1990 4197 2051 4251 in
2088 4197 2227 4251 vett.
2264 4197 2387 4252 edd.
2435 4200 2529 4271 aL,

239 4281 448 4335 Miiller
474 4277 554 4332 111
571 4295 626 4347 p.
649 4284 752 4333 667
853 4281 922 4330 23
951 4282 1294 4349 χρηματίσας
1320 4298 1427 4335 om.
1458 4279 1611 4334 Eud.
1719 4282 1789 4330 24
1827 4273 2008 4347 ῤ’ήτωρ
2048 4276 2145 4331 καὶ
2172 4275 2530 4348 συνγραφεύς

235 4361 328 4417 tit.
368 4359 638 4428 Atttieus,
675 4360 1054 4429 Βαλλεριανοῦ
1088 4363 1247 4413 Bmt
1283 4365 1400 4416 Ala.
1440 4361 1593 4415 Eud.
1740 4357 2055 4428 Γαλλιηνοῦ
2093 4362 2139 4411 Δ
