<?xml version="1.0" encoding="UTF-8"?>
<!DOCTYPE html PUBLIC "-//W3C//DTD XHTML 1.0 Transitional//EN"
    "http://www.w3.org/TR/xhtml1/DTD/xhtml1-transitional.dtd">
<html xmlns="http://www.w3.org/1999/xhtml" xml:lang="en" lang="en">
 <head>
  <title>
</title>
<meta http-equiv="Content-Type" content="text/html;charset=utf-8" />
  <meta name='ocr-system' content='tesseract 3.04.00' />
  <meta name='ocr-capabilities' content='ocr_page ocr_carea ocr_par ocr_line ocrx_word'/>
</head>
<body>
  <div class='ocr_page' id='page_1' title='image "./hesychiimilesii04flacgoog_0184.png"; bbox 0 0 3025 4892; ppageno 0'>
   <div class='ocr_carea' id='block_1_1' title="bbox 531 158 1889 225">
    <p class='ocr_par' dir='ltr' id='par_1_1' title="bbox 531 158 1889 225">
     <span class='ocr_line' id='line_1_1' title="bbox 531 158 1889 225; baseline -0.009 0"><span class='ocrx_word' id='word_1_1' title='bbox 531 161 617 225; x_wconf 83' lang='lat'><em>86</em></span> <span class='ocrx_word' id='word_1_2' title='bbox 1460 158 1889 215; x_wconf 79' lang='lat' dir='ltr'><strong>HESYCHIUS.</strong></span> 
     </span>
    </p>
   </div>
   <div class='ocr_carea' id='block_1_2' title="bbox 465 310 2845 3295">
    <p class='ocr_par' dir='ltr' id='par_1_2' title="bbox 465 310 2845 3295">
     <span class='ocr_line' id='line_1_2' title="bbox 529 310 2837 407; baseline -0.003 -18"><span class='ocrx_word' id='word_1_3' title='bbox 529 318 741 407; x_wconf 80' lang='grc' dir='ltr'><em>αὐτὴν</em></span> <span class='ocrx_word' id='word_1_4' title='bbox 780 318 1126 401; x_wconf 80' lang='grc' dir='ltr'><strong><em>ἐδόξασαν.</em></strong></span> <span class='ocrx_word' id='word_1_5' title='bbox 1182 310 1268 405; x_wconf 85' lang='grc' dir='ltr'><em>ἦν</em></span> <span class='ocrx_word' id='word_1_6' title='bbox 1309 319 1383 387; x_wconf 73' lang='grc' dir='ltr'><em>δὲ</em></span> <span class='ocrx_word' id='word_1_7' title='bbox 1423 316 1753 398; x_wconf 86' lang='grc' dir='ltr'><em>ἐποποιός.</em></span> <span class='ocrx_word' id='word_1_8' title='bbox 1810 322 2099 404; x_wconf 81' lang='grc' dir='ltr'><em>ἔγραψεν</em></span> <span class='ocrx_word' id='word_1_9' title='bbox 2135 313 2505 403; x_wconf 86' lang='grc' dir='ltr'><em>Ἠλακάτην</em></span> <span class='ocrx_word' id='word_1_10' title='bbox 2545 316 2837 405; x_wconf 89' lang='grc' dir='ltr'><em>(ποίημα</em></span> 
     </span>
     <span class='ocr_line' id='line_1_3' title="bbox 532 424 2839 515; baseline -0.003 -20"><span class='ocrx_word' id='word_1_11' title='bbox 532 428 612 495; x_wconf 89' lang='grc' dir='ltr'><em>δέ</em></span> <span class='ocrx_word' id='word_1_12' title='bbox 661 430 841 495; x_wconf 84' lang='grc' dir='ltr'><em>ἐστιν</em></span> <span class='ocrx_word' id='word_1_13' title='bbox 894 431 1177 515; x_wconf 80' lang='grc' dir='ltr'><em>Αίολικῇ</em></span> <span class='ocrx_word' id='word_1_14' title='bbox 1235 426 1346 493; x_wconf 89' lang='grc' dir='ltr'><em>καὶ</em></span> <span class='ocrx_word' id='word_1_15' title='bbox 1395 429 1660 514; x_wconf 79' lang='grc' dir='ltr'><em>Δωρίδι</em></span> <span class='ocrx_word' id='word_1_16' title='bbox 1708 427 2059 515; x_wconf 78' lang='grc' dir='ltr'><em>διαλέκτῳ,</em></span> <span class='ocrx_word' id='word_1_17' title='bbox 2116 426 2292 492; x_wconf 79' lang='grc' dir='ltr'><em>ἐπῶν</em></span> <span class='ocrx_word' id='word_1_18' title='bbox 2347 424 2459 512; x_wconf 86' lang='grc' dir='ltr'><em>τ’).</em></span> <span class='ocrx_word' id='word_1_19' title='bbox 2563 424 2839 509; x_wconf 81' lang='grc' dir='ltr'><em>ἐποίησε</em></span> 
     </span>
     <span class='ocr_line' id='line_1_4' title="bbox 533 531 2841 623; baseline -0.003 -20"><span class='ocrx_word' id='word_1_20' title='bbox 533 534 606 603; x_wconf 75' lang='grc' dir='ltr'><em>δὲ</em></span> <span class='ocrx_word' id='word_1_21' title='bbox 665 535 776 602; x_wconf 89' lang='grc' dir='ltr'><em>καὶ</em></span> <span class='ocrx_word' id='word_1_22' title='bbox 825 531 1298 621; x_wconf 78' lang='grc' dir='ltr'><em>ἐπιγράμματα.</em></span> <span class='ocrx_word' id='word_1_23' title='bbox 1387 536 1659 623; x_wconf 75' lang='grc' dir='ltr'><strong><em>τελευτᾷ</em></strong></span> <span class='ocrx_word' id='word_1_24' title='bbox 1705 533 2048 619; x_wconf 79' lang='grc' dir='ltr'><em>παρθένος</em></span> <span class='ocrx_word' id='word_1_25' title='bbox 2094 531 2667 609; x_wconf 86' lang='grc' dir='ltr'><em>ἐννεακαιδεκέτις.</em></span> <span class='ocrx_word' id='word_1_26' title='bbox 2766 531 2841 595; x_wconf 82' lang='grc' dir='ltr'><em>οἰ</em></span> 
     </span>
     <span class='ocr_line' id='line_1_5' title="bbox 535 630 2831 728; baseline -0.003 -19"><span class='ocrx_word' id='word_1_27' title='bbox 535 642 607 709; x_wconf 75' lang='grc' dir='ltr'><em>δὲ</em></span> <span class='ocrx_word' id='word_1_28' title='bbox 656 646 870 728; x_wconf 83' lang='grc' dir='ltr'><em>στίχοι</em></span> <span class='ocrx_word' id='word_1_29' title='bbox 917 638 1124 726; x_wconf 82' lang='grc' dir='ltr'><em>αὐτῆς</em></span> <span class='ocrx_word' id='word_1_30' title='bbox 1171 642 1539 725; x_wconf 80' lang='grc' dir='ltr'><em>ἐκρίθησαν</em></span> <span class='ocrx_word' id='word_1_31' title='bbox 1588 648 1724 706; x_wconf 79' lang='grc' dir='ltr'><em>ἴσοι</em></span> <span class='ocrx_word' id='word_1_32' title='bbox 1758 635 2039 728; x_wconf 87' lang='grc' dir='ltr'><em>Ὁμήρῳ.</em></span> <span class='ocrx_word' id='word_1_33' title='bbox 2113 630 2200 724; x_wconf 86' lang='grc' dir='ltr'><em>ἦν</em></span> <span class='ocrx_word' id='word_1_34' title='bbox 2240 637 2314 705; x_wconf 73' lang='grc' dir='ltr'><em>δὲ</em></span> <span class='ocrx_word' id='word_1_35' title='bbox 2364 638 2590 725; x_wconf 83' lang='grc' dir='ltr'><em>ἑταίρα</em></span> <span class='ocrx_word' id='word_1_36' title='bbox 2637 643 2831 703; x_wconf 84' lang='grc' dir='ltr'><em>Σαπ-</em></span> 
     </span>
     <span class='ocr_line' id='line_1_6' title="bbox 485 742 1305 836; baseline 0.005 -26"><span class='ocrx_word' id='word_1_37' title='bbox 485 770 510 810; x_wconf 79' lang='lat'><strong>5</strong></span> <span class='ocrx_word' id='word_1_38' title='bbox 539 752 711 836; x_wconf 87' lang='grc' dir='ltr'><em>φοῦς</em></span> <span class='ocrx_word' id='word_1_39' title='bbox 755 749 866 814; x_wconf 85' lang='grc' dir='ltr'><em>καὶ</em></span> <span class='ocrx_word' id='word_1_40' title='bbox 913 742 1305 835; x_wconf 83' lang='grc' dir='ltr'><em>ὀμόχρονος.</em></span> 
     </span>
     <span class='ocr_line' id='line_1_7' title="bbox 716 864 2839 955; baseline -0.003 -14"><span class='ocrx_word' id='word_1_41' title='bbox 716 872 1080 941; x_wconf 82' lang='lat' dir='ltr'><strong>OOCXXV.</strong></span> <span class='ocrx_word' id='word_1_42' title='bbox 1126 866 1555 955; x_wconf 88' lang='grc' dir='ltr'><em>Ἡρόδοτος</em></span> <span class='ocrx_word' id='word_1_43' title='bbox 1583 868 1812 950; x_wconf 81' lang='grc' dir='ltr'><strong><em>Λύξου</em></strong></span> <span class='ocrx_word' id='word_1_44' title='bbox 1840 869 1949 935; x_wconf 83' lang='grc' dir='ltr'><em>καὶ</em></span> <span class='ocrx_word' id='word_1_45' title='bbox 1982 872 2259 955; x_wconf 86' lang='grc' dir='ltr'><em>Δρυοῦς</em></span> <span class='ocrx_word' id='word_1_46' title='bbox 2274 864 2839 954; x_wconf 76' lang='grc' dir='ltr'><em>Ἁλικαρνασσεὺς</em></span> 
     </span>
     <span class='ocr_line' id='line_1_8' title="bbox 534 971 2831 1064; baseline -0.002 -18"><span class='ocrx_word' id='word_1_47' title='bbox 534 982 670 1048; x_wconf 79' lang='grc' dir='ltr'><em>τῶν</em></span> <span class='ocrx_word' id='word_1_48' title='bbox 718 979 1087 1063; x_wconf 76' lang='grc' dir='ltr'><em>ἐπιφανῶν,</em></span> <span class='ocrx_word' id='word_1_49' title='bbox 1133 976 1244 1043; x_wconf 88' lang='grc' dir='ltr'><em>καὶ</em></span> <span class='ocrx_word' id='word_1_50' title='bbox 1291 973 1593 1062; x_wconf 82' lang='grc' dir='ltr'><em>ἀδελφὸν</em></span> <span class='ocrx_word' id='word_1_51' title='bbox 1642 972 1930 1062; x_wconf 75' lang='grc' dir='ltr'><em>ἐσχηκὼς</em></span> <span class='ocrx_word' id='word_1_52' title='bbox 1976 974 2351 1064; x_wconf 82' lang='grc' dir='ltr'><em>Θεόδωρον.</em></span> <span class='ocrx_word' id='word_1_53' title='bbox 2435 976 2705 1062; x_wconf 78' lang='grc' dir='ltr'><em>μετέστη</em></span> <span class='ocrx_word' id='word_1_54' title='bbox 2760 971 2831 1041; x_wconf 91' lang='grc' dir='ltr'><em>δ’</em></span> 
     </span>
     <span class='ocr_line' id='line_1_9' title="bbox 540 1080 2835 1174; baseline -0.003 -20"><span class='ocrx_word' id='word_1_55' title='bbox 540 1089 612 1155; x_wconf 85' lang='grc' dir='ltr'><em>ἐν</em></span> <span class='ocrx_word' id='word_1_56' title='bbox 651 1082 861 1174; x_wconf 89' lang='grc' dir='ltr'><em>Σάμῳ</em></span> <span class='ocrx_word' id='word_1_57' title='bbox 910 1080 1022 1151; x_wconf 77' lang='grc' dir='ltr'><em>διὰ</em></span> <span class='ocrx_word' id='word_1_58' title='bbox 1061 1081 1416 1170; x_wconf 80' lang='grc' dir='ltr'><em>Λύγδαμιν</em></span> <span class='ocrx_word' id='word_1_59' title='bbox 1455 1080 1576 1150; x_wconf 87' lang='grc' dir='ltr'><em>τὸν</em></span> <span class='ocrx_word' id='word_1_60' title='bbox 1614 1080 1746 1151; x_wconf 86' lang='grc' dir='ltr'><em>άπὸ</em></span> <span class='ocrx_word' id='word_1_61' title='bbox 1780 1080 2189 1169; x_wconf 85' lang='grc' dir='ltr'><em>Ἀρτεμισίας</em></span> <span class='ocrx_word' id='word_1_62' title='bbox 2224 1086 2452 1167; x_wconf 63' lang='grc' dir='ltr'><em>τρίτον</em></span> <span class='ocrx_word' id='word_1_63' title='bbox 2490 1081 2835 1170; x_wconf 87' lang='grc' dir='ltr'><em>τύραννον</em></span> 
     </span>
     <span class='ocr_line' id='line_1_10' title="bbox 540 1179 2838 1280; baseline -0.003 -20"><span class='ocrx_word' id='word_1_64' title='bbox 540 1190 909 1280; x_wconf 87' lang='grc' dir='ltr'><em>γενόμενον</em></span> <span class='ocrx_word' id='word_1_65' title='bbox 946 1187 1494 1277; x_wconf 76' lang='grc' dir='ltr'><em>Ἀλικαρνασσοῦ.</em></span> <span class='ocrx_word' id='word_1_66' title='bbox 1586 1192 1987 1275; x_wconf 90' lang='grc' dir='ltr'><em>Πισίνδηλις</em></span> <span class='ocrx_word' id='word_1_67' title='bbox 2041 1187 2168 1274; x_wconf 82' lang='grc' dir='ltr'><em>γὰρ</em></span> <span class='ocrx_word' id='word_1_68' title='bbox 2224 1179 2311 1275; x_wconf 85' lang='grc' dir='ltr'><em>ἦν</em></span> <span class='ocrx_word' id='word_1_69' title='bbox 2356 1186 2505 1268; x_wconf 82' lang='grc' dir='ltr'><em>υίὸς</em></span> <span class='ocrx_word' id='word_1_70' title='bbox 2548 1185 2838 1274; x_wconf 84' lang='grc' dir='ltr'><em>Ἀρτεμι-</em></span> 
     </span>
     <span class='ocr_line' id='line_1_11' title="bbox 465 1287 2840 1387; baseline -0.003 -20"><span class='ocrx_word' id='word_1_71' title='bbox 465 1322 514 1360; x_wconf 86' lang='lat'><em>10</em></span> <span class='ocrx_word' id='word_1_72' title='bbox 543 1303 712 1383; x_wconf 84' lang='grc' dir='ltr'><em>σίας,</em></span> <span class='ocrx_word' id='word_1_73' title='bbox 757 1302 882 1366; x_wconf 83' lang='grc' dir='ltr'><em>τοῦ</em></span> <span class='ocrx_word' id='word_1_74' title='bbox 929 1296 1003 1365; x_wconf 71' lang='grc' dir='ltr'><em>δὲ</em></span> <span class='ocrx_word' id='word_1_75' title='bbox 1039 1296 1529 1384; x_wconf 91' lang='grc' dir='ltr'><em>Πισινδήλιδος</em></span> <span class='ocrx_word' id='word_1_76' title='bbox 1566 1299 1929 1383; x_wconf 77' lang='grc' dir='ltr'><em>Λύγδαμις.</em></span> <span class='ocrx_word' id='word_1_77' title='bbox 2022 1298 2125 1380; x_wconf 57' lang='lat' dir='ltr'><em>§gv</em></span> <span class='ocrx_word' id='word_1_78' title='bbox 2174 1287 2301 1363; x_wconf 80' lang='grc' dir='ltr'><em>οὖν</em></span> <span class='ocrx_word' id='word_1_79' title='bbox 2347 1300 2427 1384; x_wconf 81' lang='grc' dir='ltr'><em>τῇ</em></span> <span class='ocrx_word' id='word_1_80' title='bbox 2466 1294 2675 1387; x_wconf 88' lang='grc' dir='ltr'><em>Σάμῳ</em></span> <span class='ocrx_word' id='word_1_81' title='bbox 2722 1295 2840 1362; x_wconf 82' lang='grc' dir='ltr'><em>καὶ</em></span> 
     </span>
     <span class='ocr_line' id='line_1_12' title="bbox 538 1402 2845 1495; baseline -0.002 -22"><span class='ocrx_word' id='word_1_82' title='bbox 538 1405 660 1492; x_wconf 84' lang='grc' dir='ltr'><em>τὴν</em></span> <span class='ocrx_word' id='word_1_83' title='bbox 701 1403 858 1472; x_wconf 86' lang='grc' dir='ltr'><em>ἰάδα</em></span> <span class='ocrx_word' id='word_1_84' title='bbox 893 1402 1160 1491; x_wconf 78' lang='grc' dir='ltr'><em>ἠσκήθη</em></span> <span class='ocrx_word' id='word_1_85' title='bbox 1205 1402 1577 1491; x_wconf 88' lang='grc' dir='ltr'><em>διάλεκτον,</em></span> <span class='ocrx_word' id='word_1_86' title='bbox 1616 1405 1726 1471; x_wconf 89' lang='grc' dir='ltr'><em>καὶ</em></span> <span class='ocrx_word' id='word_1_87' title='bbox 1766 1408 2057 1492; x_wconf 83' lang='grc' dir='ltr'><em>ἔγραψεν</em></span> <span class='ocrx_word' id='word_1_88' title='bbox 2094 1406 2397 1491; x_wconf 73' lang='grc' dir='ltr'><em>ἱστορίαν</em></span> <span class='ocrx_word' id='word_1_89' title='bbox 2437 1406 2511 1495; x_wconf 82' lang='grc' dir='ltr'><em>ἐν</em></span> <span class='ocrx_word' id='word_1_90' title='bbox 2550 1408 2845 1489; x_wconf 81' lang='grc' dir='ltr'><em>βιβλίοις</em></span> 
     </span>
     <span class='ocr_line' id='line_1_13' title="bbox 539 1509 2840 1599; baseline -0.002 -18"><span class='ocrx_word' id='word_1_91' title='bbox 539 1513 632 1598; x_wconf 88' lang='grc' dir='ltr'><em>θ’,</em></span> <span class='ocrx_word' id='word_1_92' title='bbox 687 1511 1055 1599; x_wconf 77' lang='grc' dir='ltr'><em>ἀρξάμενος</em></span> <span class='ocrx_word' id='word_1_93' title='bbox 1112 1509 1242 1579; x_wconf 85' lang='grc' dir='ltr'><em>άπὸ</em></span> <span class='ocrx_word' id='word_1_94' title='bbox 1302 1512 1543 1598; x_wconf 84' lang='grc' dir='ltr'><em>Κύρου</em></span> <span class='ocrx_word' id='word_1_95' title='bbox 1596 1515 1721 1580; x_wconf 82' lang='grc' dir='ltr'><em>τοῦ</em></span> <span class='ocrx_word' id='word_1_96' title='bbox 1766 1513 2039 1599; x_wconf 87' lang='grc' dir='ltr'><em>Πέρσου</em></span> <span class='ocrx_word' id='word_1_97' title='bbox 2092 1513 2203 1579; x_wconf 88' lang='grc' dir='ltr'><em>καὶ</em></span> <span class='ocrx_word' id='word_1_98' title='bbox 2248 1510 2661 1579; x_wconf 88' lang='grc' dir='ltr'><em>Κανδαύλου</em></span> <span class='ocrx_word' id='word_1_99' title='bbox 2712 1512 2840 1577; x_wconf 86' lang='grc' dir='ltr'><em>τοῦ</em></span> 
     </span>
     <span class='ocr_line' id='line_1_14' title="bbox 541 1614 2837 1707; baseline -0.002 -19"><span class='ocrx_word' id='word_1_100' title='bbox 541 1624 789 1688; x_wconf 81' lang='grc' dir='ltr'><em>Λυδῶν</em></span> <span class='ocrx_word' id='word_1_101' title='bbox 837 1619 1206 1704; x_wconf 73' lang='grc' dir='ltr'><em>βασιλέως]</em></span> <span class='ocrx_word' id='word_1_102' title='bbox 1301 1616 1526 1687; x_wconf 75' lang='grc' dir='ltr'><em>ἐλθὼν</em></span> <span class='ocrx_word' id='word_1_103' title='bbox 1574 1618 1647 1686; x_wconf 74' lang='grc' dir='ltr'><em>δὲ</em></span> <span class='ocrx_word' id='word_1_104' title='bbox 1696 1623 1789 1698; x_wconf 86' lang='grc' dir='ltr'><em>εἰς</em></span> <span class='ocrx_word' id='word_1_105' title='bbox 1827 1615 2353 1707; x_wconf 76' lang='grc' dir='ltr'><em>Ἀλικαρνασσὸν</em></span> <span class='ocrx_word' id='word_1_106' title='bbox 2403 1617 2515 1685; x_wconf 81' lang='grc' dir='ltr'><em>καὶ</em></span> <span class='ocrx_word' id='word_1_107' title='bbox 2562 1614 2681 1684; x_wconf 86' lang='grc' dir='ltr'><em>τὸν</em></span> <span class='ocrx_word' id='word_1_108' title='bbox 2724 1615 2837 1684; x_wconf 90' lang='grc' dir='ltr'><em>τύ-</em></span> 
     </span>
     <span class='ocr_line' id='line_1_15' title="bbox 544 1722 2841 1814; baseline -0.002 -19"><span class='ocrx_word' id='word_1_109' title='bbox 544 1753 802 1814; x_wconf 90' lang='grc' dir='ltr'><em>ραννον</em></span> <span class='ocrx_word' id='word_1_110' title='bbox 849 1725 1179 1812; x_wconf 81' lang='grc' dir='ltr'><em>ἐξελάσας,</em></span> <span class='ocrx_word' id='word_1_111' title='bbox 1229 1724 1452 1812; x_wconf 82' lang='grc' dir='ltr'><em>ἐπειδὴ</em></span> <span class='ocrx_word' id='word_1_112' title='bbox 1500 1722 1788 1813; x_wconf 81' lang='grc' dir='ltr'><em>ὕστερον</em></span> <span class='ocrx_word' id='word_1_113' title='bbox 1835 1722 2015 1791; x_wconf 78' lang='grc' dir='ltr'><em>εἶδεν</em></span> <span class='ocrx_word' id='word_1_114' title='bbox 2064 1722 2305 1792; x_wconf 79' lang='grc' dir='ltr'><em>ἑαυτὸν</em></span> <span class='ocrx_word' id='word_1_115' title='bbox 2352 1724 2841 1811; x_wconf 81' lang='grc' dir='ltr'><em>φθονούμενον</em></span> 
     </span>
     <span class='ocr_line' id='line_1_16' title="bbox 467 1828 2840 1920; baseline -0.001 -19"><span class='ocrx_word' id='word_1_116' title='bbox 467 1856 517 1894; x_wconf 84' lang='lat'><em>1⁵</em></span> <span class='ocrx_word' id='word_1_117' title='bbox 546 1831 676 1901; x_wconf 85' lang='grc' dir='ltr'><em>ὑπὸ</em></span> <span class='ocrx_word' id='word_1_118' title='bbox 736 1836 873 1901; x_wconf 75' lang='grc' dir='ltr'><em>τῶν</em></span> <span class='ocrx_word' id='word_1_119' title='bbox 922 1836 1245 1919; x_wconf 77' lang='grc' dir='ltr'><em>πολιτῶν,</em></span> <span class='ocrx_word' id='word_1_120' title='bbox 1303 1837 1398 1912; x_wconf 81' lang='grc' dir='ltr'><em>εἰς</em></span> <span class='ocrx_word' id='word_1_121' title='bbox 1442 1832 1516 1900; x_wconf 88' lang='grc' dir='ltr'><em>τὸ</em></span> <span class='ocrx_word' id='word_1_122' title='bbox 1565 1831 1863 1920; x_wconf 80' lang='grc' dir='ltr'><em>Θούριον</em></span> <span class='ocrx_word' id='word_1_123' title='bbox 1911 1830 2421 1920; x_wconf 80' lang='grc' dir='ltr'><em>άποικιζόμενον</em></span> <span class='ocrx_word' id='word_1_124' title='bbox 2467 1828 2599 1899; x_wconf 80' lang='grc' dir='ltr'><em>ὑπὸ</em></span> <span class='ocrx_word' id='word_1_125' title='bbox 2644 1829 2840 1919; x_wconf 87' lang='grc' dir='ltr'><em>Ἀθη-</em></span> 
     </span>
     <span class='ocr_line' id='line_1_17' title="bbox 544 1931 2842 2026; baseline -0 -20"><span class='ocrx_word' id='word_1_126' title='bbox 544 1944 756 2007; x_wconf 86' lang='grc' dir='ltr'><em>ναίων</em></span> <span class='ocrx_word' id='word_1_127' title='bbox 837 1937 1196 2026; x_wconf 79' lang='grc' dir='ltr'><em>ἐθελοντής</em></span> <span class='ocrx_word' id='word_1_128' title='bbox 1258 1931 1459 2026; x_wconf 79' lang='grc' dir='ltr'><em>ἦλθε,</em></span> <span class='ocrx_word' id='word_1_129' title='bbox 1534 1938 1727 2007; x_wconf 79' lang='grc' dir='ltr'><em>κάκεῖ</em></span> <span class='ocrx_word' id='word_1_130' title='bbox 1786 1938 2178 2026; x_wconf 84' lang='grc' dir='ltr'><em>τελευτήσας</em></span> <span class='ocrx_word' id='word_1_131' title='bbox 2242 1940 2347 2007; x_wconf 87' lang='grc' dir='ltr'><em>ἐπὶ</em></span> <span class='ocrx_word' id='word_1_132' title='bbox 2410 1943 2527 2025; x_wconf 84' lang='grc' dir='ltr'><em>τῆς</em></span> <span class='ocrx_word' id='word_1_133' title='bbox 2590 1936 2842 2024; x_wconf 78' lang='grc' dir='ltr'><em>ἀγορᾶς</em></span> 
     </span>
     <span class='ocr_line' id='line_1_18' title="bbox 543 2043 2841 2133; baseline -0.001 -20"><span class='ocrx_word' id='word_1_134' title='bbox 543 2048 886 2115; x_wconf 83' lang='grc' dir='ltr'><em>τέθαπται.</em></span> <span class='ocrx_word' id='word_1_135' title='bbox 993 2046 1172 2127; x_wconf 79' lang='grc' dir='ltr'><em>τινὲς</em></span> <span class='ocrx_word' id='word_1_136' title='bbox 1245 2046 1319 2114; x_wconf 78' lang='grc' dir='ltr'><em>δὲ</em></span> <span class='ocrx_word' id='word_1_137' title='bbox 1393 2047 1466 2113; x_wconf 86' lang='grc' dir='ltr'><em>ἐν</em></span> <span class='ocrx_word' id='word_1_138' title='bbox 1531 2048 1822 2126; x_wconf 90' lang='grc' dir='ltr'><em>Πέλλαις</em></span> <span class='ocrx_word' id='word_1_139' title='bbox 1892 2043 2100 2113; x_wconf 80' lang='grc' dir='ltr'><em>αὐτὸν</em></span> <span class='ocrx_word' id='word_1_140' title='bbox 2162 2050 2553 2133; x_wconf 85' lang='grc' dir='ltr'><em>τελευτῆσαί</em></span> <span class='ocrx_word' id='word_1_141' title='bbox 2614 2064 2841 2132; x_wconf 91' lang='grc' dir='ltr'><em>φασιν.</em></span> 
     </span>
     <span class='ocr_line' id='line_1_19' title="bbox 547 2149 2104 2243; baseline 0.001 -23"><span class='ocrx_word' id='word_1_142' title='bbox 547 2151 1033 2243; x_wconf 85' lang='grc' dir='ltr'><em>ἐπιγράφονται</em></span> <span class='ocrx_word' id='word_1_143' title='bbox 1082 2152 1155 2221; x_wconf 75' lang='grc' dir='ltr'><em>δὲ</em></span> <span class='ocrx_word' id='word_1_144' title='bbox 1204 2155 1274 2221; x_wconf 70' lang='grc' dir='ltr'><em>οἱ</em></span> <span class='ocrx_word' id='word_1_145' title='bbox 1316 2150 1505 2239; x_wconf 83' lang='grc' dir='ltr'><em>λόγοι</em></span> <span class='ocrx_word' id='word_1_146' title='bbox 1554 2149 1768 2221; x_wconf 81' lang='grc' dir='ltr'><em>αὐτοῦ</em></span> <span class='ocrx_word' id='word_1_147' title='bbox 1806 2155 2104 2221; x_wconf 83' lang='grc' dir='ltr'><em>Μοῦσαι.</em></span> 
     </span>
     <span class='ocr_line' id='line_1_20' title="bbox 726 2273 2841 2366; baseline -0.001 -20"><span class='ocrx_word' id='word_1_148' title='bbox 726 2277 1124 2346; x_wconf 82' lang='lat' dir='ltr'><strong>OCCXXVI.</strong></span> <span class='ocrx_word' id='word_1_149' title='bbox 1187 2274 1575 2364; x_wconf 58' lang='lat' dir='ltr'><em>‘Hpoqn&#39;koc</em></span> <span class='ocrx_word' id='word_1_150' title='bbox 1630 2273 1671 2363; x_wconf 80' lang='grc' dir='ltr'>ἡ</span> <span class='ocrx_word' id='word_1_151' title='bbox 1722 2276 1833 2344; x_wconf 86' lang='grc' dir='ltr'><em>καὶ</em></span> <span class='ocrx_word' id='word_1_152' title='bbox 1880 2282 2185 2362; x_wconf 87' lang='grc' dir='ltr'><em>Σίβυλλα</em></span> <span class='ocrx_word' id='word_1_153' title='bbox 2227 2274 2628 2366; x_wconf 90' lang='grc' dir='ltr'><em>Ἐρυθραία,</em></span> <span class='ocrx_word' id='word_1_154' title='bbox 2686 2285 2841 2344; x_wconf 82' lang='grc' dir='ltr'><em>Θεο-</em></span> 
     </span>
     <span class='ocr_line' id='line_1_21' title="bbox 466 2375 2842 2472; baseline -0.001 -20"><span class='ocrx_word' id='word_1_155' title='bbox 466 2408 519 2447; x_wconf 84' lang='lat'><em>20</em></span> <span class='ocrx_word' id='word_1_156' title='bbox 549 2386 774 2470; x_wconf 74' lang='grc' dir='ltr'><em>δώρου</em></span> <span class='ocrx_word' id='word_1_157' title='bbox 801 2384 1128 2472; x_wconf 91' lang='grc' dir='ltr'><em>θυγάτηρ.</em></span> <span class='ocrx_word' id='word_1_158' title='bbox 1186 2389 1430 2471; x_wconf 83' lang='grc' dir='ltr'><em>ἔγραψε</em></span> <span class='ocrx_word' id='word_1_159' title='bbox 1467 2388 1697 2470; x_wconf 92' lang='grc' dir='ltr'><em>βιβλία</em></span> <span class='ocrx_word' id='word_1_160' title='bbox 1735 2382 1827 2469; x_wconf 86' lang='grc' dir='ltr'><em>γ’,</em></span> <span class='ocrx_word' id='word_1_161' title='bbox 1865 2382 2147 2469; x_wconf 79' lang='grc' dir='ltr'><em>μαντικὰ</em></span> <span class='ocrx_word' id='word_1_162' title='bbox 2188 2386 2447 2463; x_wconf 79' lang='grc' dir='ltr'><em>ἐπικῶς,</em></span> <span class='ocrx_word' id='word_1_163' title='bbox 2486 2383 2597 2451; x_wconf 84' lang='grc' dir='ltr'><em>καὶ</em></span> <span class='ocrx_word' id='word_1_164' title='bbox 2630 2375 2842 2470; x_wconf 83' lang='grc' dir='ltr'><em>ἦλθεν</em></span> 
     </span>
     <span class='ocr_line' id='line_1_22' title="bbox 547 2487 2842 2587; baseline -0.001 -28"><span class='ocrx_word' id='word_1_165' title='bbox 547 2494 642 2570; x_wconf 81' lang='grc' dir='ltr'><em>εἰς</em></span> <span class='ocrx_word' id='word_1_166' title='bbox 675 2488 937 2579; x_wconf 77' lang='grc' dir='ltr'><em>Ῥώμην</em></span> <span class='ocrx_word' id='word_1_167' title='bbox 976 2493 1049 2559; x_wconf 86' lang='grc' dir='ltr'><em>ἐν</em></span> <span class='ocrx_word' id='word_1_168' title='bbox 1086 2502 1226 2571; x_wconf 77' lang='grc' dir='ltr'><em>τοῖς</em></span> <span class='ocrx_word' id='word_1_169' title='bbox 1262 2490 1533 2578; x_wconf 85' lang='grc' dir='ltr'><em>χρόνοις</em></span> <span class='ocrx_word' id='word_1_170' title='bbox 1569 2493 1705 2557; x_wconf 78' lang='grc' dir='ltr'><em>τῶν</em></span> <span class='ocrx_word' id='word_1_171' title='bbox 1743 2487 2038 2587; x_wconf 85' lang='grc' dir='ltr'><em>ὑπάτων,</em></span> <span class='ocrx_word' id='word_1_172' title='bbox 2091 2488 2284 2558; x_wconf 78' lang='grc' dir='ltr'><em>ἄλλοι</em></span> <span class='ocrx_word' id='word_1_173' title='bbox 2324 2491 2398 2558; x_wconf 77' lang='grc' dir='ltr'><em>δὲ</em></span> <span class='ocrx_word' id='word_1_174' title='bbox 2442 2496 2842 2579; x_wconf 90' lang='grc' dir='ltr'><em>Ταρκυνίου,</em></span> 
     </span>
     <span class='ocr_line' id='line_1_23' title="bbox 550 2593 2840 2686; baseline 0 -23"><span class='ocrx_word' id='word_1_175' title='bbox 550 2600 845 2686; x_wconf 85' lang='grc' dir='ltr'><em>δοκοῦσα</em></span> <span class='ocrx_word' id='word_1_176' title='bbox 891 2596 1560 2686; x_wconf 87' lang='grc' dir='ltr'><em>χρηματισθήσεσθαι</em></span> <span class='ocrx_word' id='word_1_177' title='bbox 1608 2594 1697 2663; x_wconf 89' lang='grc' dir='ltr'><em>δι’</em></span> <span class='ocrx_word' id='word_1_178' title='bbox 1743 2594 1985 2665; x_wconf 76' lang='grc' dir='ltr'><em>αὐτῶν.</em></span> <span class='ocrx_word' id='word_1_179' title='bbox 2078 2593 2167 2677; x_wconf 77' lang='grc' dir='ltr'><em>ὥς</em></span> <span class='ocrx_word' id='word_1_180' title='bbox 2227 2596 2301 2665; x_wconf 74' lang='grc' dir='ltr'><em>δὲ</em></span> <span class='ocrx_word' id='word_1_181' title='bbox 2345 2595 2840 2685; x_wconf 86' lang='grc' dir='ltr'><em>κατεφρονήθη,</em></span> 
     </span>
     <span class='ocr_line' id='line_1_24' title="bbox 548 2698 2842 2793; baseline -0 -23"><span class='ocrx_word' id='word_1_182' title='bbox 548 2702 666 2782; x_wconf 81' lang='grc' dir='ltr'><em>τὰς</em></span> <span class='ocrx_word' id='word_1_183' title='bbox 711 2702 782 2789; x_wconf 86' lang='grc' dir='ltr'><em>β’</em></span> <span class='ocrx_word' id='word_1_184' title='bbox 820 2705 1180 2772; x_wconf 87' lang='grc' dir='ltr'><em>κατέκαυσε</em></span> <span class='ocrx_word' id='word_1_185' title='bbox 1225 2707 1526 2791; x_wconf 89' lang='grc' dir='ltr'><em>βίβλους,</em></span> <span class='ocrx_word' id='word_1_186' title='bbox 1574 2698 1652 2781; x_wconf 76' lang='grc' dir='ltr'><em>ἃς</em></span> <span class='ocrx_word' id='word_1_187' title='bbox 1696 2703 1806 2770; x_wconf 88' lang='grc' dir='ltr'><em>καὶ</em></span> <span class='ocrx_word' id='word_1_188' title='bbox 1854 2708 2083 2790; x_wconf 80' lang='grc' dir='ltr'><em>ἔτυχεν</em></span> <span class='ocrx_word' id='word_1_189' title='bbox 2133 2706 2596 2793; x_wconf 80' lang='grc' dir='ltr'><em>ἐπιφερομένη.</em></span> <span class='ocrx_word' id='word_1_190' title='bbox 2666 2728 2842 2790; x_wconf 89' lang='grc' dir='ltr'><em>περι-</em></span> 
     </span>
     <span class='ocr_line' id='line_1_25' title="bbox 549 2806 2839 2899; baseline 0.001 -23"><span class='ocrx_word' id='word_1_191' title='bbox 549 2809 776 2895; x_wconf 76' lang='grc' dir='ltr'><em>εσώθη</em></span> <span class='ocrx_word' id='word_1_192' title='bbox 821 2809 894 2877; x_wconf 73' lang='grc' dir='ltr'><em>δὲ</em></span> <span class='ocrx_word' id='word_1_193' title='bbox 932 2808 972 2897; x_wconf 84' lang='grc' dir='ltr'><em>ἡ</em></span> <span class='ocrx_word' id='word_1_194' title='bbox 1012 2809 1208 2897; x_wconf 84' lang='grc' dir='ltr'><em>λοιπὴ</em></span> <span class='ocrx_word' id='word_1_195' title='bbox 1262 2814 1402 2896; x_wconf 86' lang='grc' dir='ltr'><em>μία,</em></span> <span class='ocrx_word' id='word_1_196' title='bbox 1439 2806 1585 2896; x_wconf 80' lang='grc' dir='ltr'><em>ἥτις</em></span> <span class='ocrx_word' id='word_1_197' title='bbox 1620 2808 1729 2875; x_wconf 74' lang='grc' dir='ltr'><em>καὶ</em></span> <span class='ocrx_word' id='word_1_198' title='bbox 1768 2806 1945 2897; x_wconf 79' lang='grc' dir='ltr'><em>παρὰ</em></span> <span class='ocrx_word' id='word_1_199' title='bbox 1982 2812 2120 2877; x_wconf 75' lang='grc' dir='ltr'><em>τῶν</em></span> <span class='ocrx_word' id='word_1_200' title='bbox 2149 2807 2495 2897; x_wconf 80' lang='grc' dir='ltr'><em>Ῥωμαίων</em></span> <span class='ocrx_word' id='word_1_201' title='bbox 2535 2809 2839 2899; x_wconf 81' lang='grc' dir='ltr'><em>ἐξωνήθη</em></span> 
     </span>
     <span class='ocr_line' id='line_1_26' title="bbox 472 2915 1229 3005; baseline 0.007 -26"><span class='ocrx_word' id='word_1_202' title='bbox 472 2942 524 2981; x_wconf 78' lang='lat'><em>25</em></span> <span class='ocrx_word' id='word_1_203' title='bbox 553 2920 808 2985; x_wconf 86' lang='grc' dir='ltr'><em>πολλοῦ</em></span> <span class='ocrx_word' id='word_1_204' title='bbox 851 2915 1229 3005; x_wconf 87' lang='grc' dir='ltr'><em>τιμήματος.</em></span> 
     </span>
     <span class='ocr_line' id='line_1_27' title="bbox 553 3057 2839 3130; baseline -0.001 -16"><span class='ocrx_word' id='word_1_205' title='bbox 553 3080 603 3115; x_wconf 87' lang='lat' dir='ltr'><em>v.</em></span> <span class='ocrx_word' id='word_1_206' title='bbox 631 3061 816 3128; x_wconf 75' lang='grc' dir='ltr'><em>Τῆνος</em></span> <span class='ocrx_word' id='word_1_207' title='bbox 843 3060 1019 3114; x_wconf 65' lang='lat' dir='ltr'><strong>restib.</strong></span> <span class='ocrx_word' id='word_1_208' title='bbox 1055 3060 1236 3129; x_wconf 87' lang='grc' dir='ltr'><em>Τηνία</em></span> <span class='ocrx_word' id='word_1_209' title='bbox 1265 3057 1410 3113; x_wconf 69' lang='grc' dir='ltr'><em>νίᾶὶΐ.</em></span> <span class='ocrx_word' id='word_1_210' title='bbox 1435 3057 1651 3128; x_wconf 82' lang='lat' dir='ltr'>Rohde,</span> <span class='ocrx_word' id='word_1_211' title='bbox 1680 3059 1821 3127; x_wconf 77' lang='lat' dir='ltr'>Mus,</span> <span class='ocrx_word' id='word_1_212' title='bbox 1851 3058 2026 3115; x_wconf 84' lang='lat' dir='ltr'><strong>Rhen.</strong></span> <span class='ocrx_word' id='word_1_213' title='bbox 2043 3058 2277 3114; x_wconf 89' lang='lat' dir='ltr'><strong>XXXIV</strong></span> <span class='ocrx_word' id='word_1_214' title='bbox 2305 3078 2361 3130; x_wconf 87' lang='lat' dir='ltr'><em>p.</em></span> <span class='ocrx_word' id='word_1_215' title='bbox 2384 3066 2512 3127; x_wconf 75' lang='lat'>5693</span> <span class='ocrx_word' id='word_1_216' title='bbox 2546 3061 2613 3115; x_wconf 85' lang='lat' dir='ltr'><em>cf.</em></span> <span class='ocrx_word' id='word_1_217' title='bbox 2642 3060 2839 3130; x_wconf 82' lang='lat' dir='ltr'><strong>Bergk,</strong></span> 
     </span>
     <span class='ocr_line' id='line_1_28' title="bbox 553 3136 2841 3209; baseline 0 -16"><span class='ocrx_word' id='word_1_218' title='bbox 553 3140 707 3193; x_wconf 75' lang='lat' dir='ltr'><strong>Poet.</strong></span> <span class='ocrx_word' id='word_1_219' title='bbox 746 3140 872 3208; x_wconf 82' lang='lat' dir='ltr'><strong>Lyr.</strong></span> <span class='ocrx_word' id='word_1_220' title='bbox 911 3158 964 3208; x_wconf 89' lang='lat' dir='ltr'><em>p.</em></span> <span class='ocrx_word' id='word_1_221' title='bbox 1005 3146 1110 3194; x_wconf 85' lang='lat'><em>928</em></span> <span class='ocrx_word' id='word_1_222' title='bbox 1281 3144 1314 3192; x_wconf 85' lang='lat'><strong>3</strong></span> <span class='ocrx_word' id='word_1_223' title='bbox 1353 3138 1416 3193; x_wconf 78' lang='grc' dir='ltr'><em>δὲ</em></span> <span class='ocrx_word' id='word_1_224' title='bbox 1457 3156 1565 3193; x_wconf 89' lang='lat' dir='ltr'><em>om.</em></span> <span class='ocrx_word' id='word_1_225' title='bbox 1604 3142 1754 3191; x_wconf 81' lang='lat' dir='ltr'><em>ABV</em></span> <span class='ocrx_word' id='word_1_226' title='bbox 1804 3136 2031 3209; x_wconf 81' lang='grc' dir='ltr'><em>ἐποίησε</em></span> <span class='ocrx_word' id='word_1_227' title='bbox 2078 3158 2189 3209; x_wconf 84' lang='lat' dir='ltr'><strong>seq.</strong></span> <span class='ocrx_word' id='word_1_228' title='bbox 2228 3141 2509 3195; x_wconf 72' lang='lat' dir='ltr'><strong>recentius</strong></span> <span class='ocrx_word' id='word_1_229' title='bbox 2556 3144 2683 3197; x_wconf 77' lang='lat' dir='ltr'>orta.</span> <span class='ocrx_word' id='word_1_230' title='bbox 2726 3157 2841 3195; x_wconf 79' lang='lat' dir='ltr'>esse</span> 
     </span>
     <span class='ocr_line' id='line_1_29' title="bbox 551 3217 2838 3295; baseline 0 -24"><span class='ocrx_word' id='word_1_231' title='bbox 551 3235 664 3273; x_wconf 88' lang='lat' dir='ltr'><em>non</em></span> <span class='ocrx_word' id='word_1_232' title='bbox 700 3218 964 3287; x_wconf 75' lang='lat' dir='ltr'><strong>probavit</strong></span> <span class='ocrx_word' id='word_1_233' title='bbox 997 3220 1196 3285; x_wconf 76' lang='lat' dir='ltr'><strong><em>Daub,</em></strong></span> <span class='ocrx_word' id='word_1_234' title='bbox 1234 3217 1329 3287; x_wconf 89' lang='lat' dir='ltr'><em>qui</em></span> <span class='ocrx_word' id='word_1_235' title='bbox 1367 3218 1543 3272; x_wconf 79' lang='lat' dir='ltr'>etiam</span> <span class='ocrx_word' id='word_1_236' title='bbox 1580 3220 1831 3273; x_wconf 62' lang='lat' dir='ltr'><strong>exssrema.</strong></span> <span class='ocrx_word' id='word_1_237' title='bbox 1865 3220 2039 3275; x_wconf 83' lang='lat' dir='ltr'>verba</span> <span class='ocrx_word' id='word_1_238' title='bbox 2076 3222 2307 3295; x_wconf 77' lang='grc' dir='ltr'><em>τελευτᾷ</em></span> <span class='ocrx_word' id='word_1_239' title='bbox 2346 3238 2458 3290; x_wconf 84' lang='lat' dir='ltr'><strong>seq.</strong></span> <span class='ocrx_word' id='word_1_240' title='bbox 2511 3238 2581 3275; x_wconf 83' lang='lat' dir='ltr'><em>ex</em></span> <span class='ocrx_word' id='word_1_241' title='bbox 2620 3220 2838 3276; x_wconf 71' lang='lat' dir='ltr'>Anthol.</span> 
     </span>
    </p>
   </div>
   <div class='ocr_carea' id='block_1_3' title="bbox 448 3295 2839 4187">
    <p class='ocr_par' dir='ltr' id='par_1_3' title="bbox 553 3295 2839 3449">
     <span class='ocr_line' id='line_1_30' title="bbox 553 3295 2839 3371; baseline 0.001 -20"><span class='ocrx_word' id='word_1_242' title='bbox 553 3299 578 3351; x_wconf 95' lang='lat' dir='ltr'>I</span> <span class='ocrx_word' id='word_1_243' title='bbox 615 3316 668 3367; x_wconf 88' lang='lat' dir='ltr'><em>p.</em></span> <span class='ocrx_word' id='word_1_244' title='bbox 709 3304 810 3352; x_wconf 84' lang='lat'><em>135</em></span> <span class='ocrx_word' id='word_1_245' title='bbox 848 3300 1024 3353; x_wconf 81' lang='lat' dir='ltr'><strong>serius</strong></span> <span class='ocrx_word' id='word_1_246' title='bbox 1072 3300 1260 3353; x_wconf 74' lang='lat' dir='ltr'>efficta.</span> <span class='ocrx_word' id='word_1_247' title='bbox 1304 3300 1482 3367; x_wconf 66' lang='lat' dir='ltr'><strong>pumat.</strong></span> <span class='ocrx_word' id='word_1_248' title='bbox 1562 3298 1641 3354; x_wconf 88' lang='lat' dir='ltr'><em>Cf.</em></span> <span class='ocrx_word' id='word_1_249' title='bbox 1682 3300 1893 3370; x_wconf 82' lang='lat' dir='ltr'><strong>Bergk,</strong></span> <span class='ocrx_word' id='word_1_250' title='bbox 1932 3301 1966 3353; x_wconf 93' lang='lat' dir='ltr'><em>l.</em></span> <span class='ocrx_word' id='word_1_251' title='bbox 2010 3316 2053 3355; x_wconf 80' lang='lat' dir='ltr'><em>c,</em></span> <span class='ocrx_word' id='word_1_252' title='bbox 2094 3319 2147 3369; x_wconf 88' lang='lat' dir='ltr'><em>p.</em></span> <span class='ocrx_word' id='word_1_253' title='bbox 2180 3306 2283 3354; x_wconf 80' lang='grc'><em>926</em></span> <span class='ocrx_word' id='word_1_254' title='bbox 2429 3305 2463 3353; x_wconf 84' lang='grc'>4</span> <span class='ocrx_word' id='word_1_255' title='bbox 2492 3295 2713 3371; x_wconf 79' lang='grc' dir='ltr'><em>Ὁμήρῳ</em></span> <span class='ocrx_word' id='word_1_256' title='bbox 2748 3304 2839 3353; x_wconf 83' lang='lat' dir='ltr'><em>BV</em></span> 
     </span>
     <span class='ocr_line' id='line_1_31' title="bbox 553 3373 2237 3449; baseline 0.002 -18"><span class='ocrx_word' id='word_1_257' title='bbox 553 3384 674 3440; x_wconf 81' lang='grc' dir='ltr'><em>τοῖς</em></span> <span class='ocrx_word' id='word_1_258' title='bbox 703 3373 946 3448; x_wconf 89' lang='grc' dir='ltr'><em>Ὁμήρου</em></span> <span class='ocrx_word' id='word_1_259' title='bbox 983 3380 1128 3449; x_wconf 73' lang='lat' dir='ltr'><em>vuly.</em></span> <span class='ocrx_word' id='word_1_260' title='bbox 1160 3380 1435 3433; x_wconf 79' lang='lat' dir='ltr'><strong><em>Westerm.</em></strong></span> <span class='ocrx_word' id='word_1_261' title='bbox 2228 3432 2237 3439; x_wconf 84' lang='lat'><em>,</em></span> 
     </span>
    </p>

    <p class='ocr_par' dir='ltr' id='par_1_4' title="bbox 448 3456 2839 3850">
     <span class='ocr_line' id='line_1_32' title="bbox 701 3456 2838 3529; baseline 0 -17"><span class='ocrx_word' id='word_1_262' title='bbox 701 3456 987 3513; x_wconf 86' lang='lat' dir='ltr'><strong>CCCXXV</strong></span> <span class='ocrx_word' id='word_1_263' title='bbox 1026 3459 1188 3514; x_wconf 61' lang='lat' dir='ltr'><strong>Phoss.</strong></span> <span class='ocrx_word' id='word_1_264' title='bbox 1218 3458 1353 3512; x_wconf 89' lang='lat' dir='ltr'>bibl.</span> <span class='ocrx_word' id='word_1_265' title='bbox 1385 3476 1438 3528; x_wconf 88' lang='lat' dir='ltr'><em>p.</em></span> <span class='ocrx_word' id='word_1_266' title='bbox 1473 3464 1554 3513; x_wconf 86' lang='lat'><em>19.</em></span> <span class='ocrx_word' id='word_1_267' title='bbox 1615 3459 1694 3513; x_wconf 86' lang='lat' dir='ltr'><em>Cf.</em></span> <span class='ocrx_word' id='word_1_268' title='bbox 1724 3457 1914 3529; x_wconf 80' lang='lat' dir='ltr'>Daub,</span> <span class='ocrx_word' id='word_1_269' title='bbox 1946 3460 2100 3515; x_wconf 75' lang='lat' dir='ltr'><strong>stud.</strong></span> <span class='ocrx_word' id='word_1_270' title='bbox 2132 3478 2187 3529; x_wconf 88' lang='lat' dir='ltr'><em>p.</em></span> <span class='ocrx_word' id='word_1_271' title='bbox 2218 3466 2286 3513; x_wconf 83' lang='grc'><em>36</em></span> <span class='ocrx_word' id='word_1_272' title='bbox 2397 3466 2429 3513; x_wconf 91' lang='grc'><strong>6</strong></span> <span class='ocrx_word' id='word_1_273' title='bbox 2467 3478 2520 3513; x_wconf 87' lang='lat' dir='ltr'><em>v.</em></span> <span class='ocrx_word' id='word_1_274' title='bbox 2553 3456 2838 3519; x_wconf 84' lang='grc' dir='ltr'><em>Πανύασις</em></span> 
     </span>
     <span class='ocr_line' id='line_1_33' title="bbox 448 3534 2839 3615; baseline 0 -24"><span class='ocrx_word' id='word_1_275' title='bbox 448 3610 454 3615; x_wconf 32' lang='lat'>·</span> <span class='ocrx_word' id='word_1_276' title='bbox 555 3538 830 3593; x_wconf 63' lang='lat' dir='ltr'>Herodobi</span> <span class='ocrx_word' id='word_1_277' title='bbox 867 3541 1046 3593; x_wconf 76' lang='lat' dir='ltr'><strong>mater</strong></span> <span class='ocrx_word' id='word_1_278' title='bbox 1075 3534 1231 3593; x_wconf 81' lang='grc' dir='ltr'><em>Ῥοιῶ</em></span> <span class='ocrx_word' id='word_1_279' title='bbox 1260 3541 1495 3593; x_wconf 76' lang='lat' dir='ltr'>vocatur</span> <span class='ocrx_word' id='word_1_280' title='bbox 1608 3547 1640 3595; x_wconf 88' lang='lat'>8</span> <span class='ocrx_word' id='word_1_281' title='bbox 1675 3534 2025 3607; x_wconf 83' lang='grc' dir='ltr'><em>Ἀρτεμασίας</em></span> <span class='ocrx_word' id='word_1_282' title='bbox 2051 3544 2098 3591; x_wconf 99' lang='lat' dir='ltr'><strong>V</strong></span> <span class='ocrx_word' id='word_1_283' title='bbox 2133 3534 2463 3609; x_wconf 83' lang='grc' dir='ltr'><em>ἈρτεμίαςΒ</em></span> <span class='ocrx_word' id='word_1_284' title='bbox 2584 3546 2617 3593; x_wconf 86' lang='grc'>9</span> <span class='ocrx_word' id='word_1_285' title='bbox 2655 3541 2839 3595; x_wconf 79' lang='grc' dir='ltr'><em>Πισίν-</em></span> 
     </span>
     <span class='ocr_line' id='line_1_34' title="bbox 557 3618 2838 3689; baseline -0.001 -17"><span class='ocrx_word' id='word_1_286' title='bbox 557 3621 722 3687; x_wconf 85' lang='grc' dir='ltr'><em>δηλος</em></span> <span class='ocrx_word' id='word_1_287' title='bbox 756 3624 803 3671; x_wconf 99' lang='lat' dir='ltr'><strong>V</strong></span> <span class='ocrx_word' id='word_1_288' title='bbox 880 3646 900 3662; x_wconf 60' lang='grc' dir='ltr'><strong>ι</strong></span> <span class='ocrx_word' id='word_1_289' title='bbox 971 3625 1036 3673; x_wconf 75' lang='grc'><em>10</em></span> <span class='ocrx_word' id='word_1_290' title='bbox 1075 3635 1190 3687; x_wconf 85' lang='lat' dir='ltr'><strong>seq.</strong></span> <span class='ocrx_word' id='word_1_291' title='bbox 1232 3618 1436 3673; x_wconf 80' lang='lat' dir='ltr'>Suidae</span> <span class='ocrx_word' id='word_1_292' title='bbox 1465 3619 1659 3673; x_wconf 82' lang='lat' dir='ltr'>deberi</span> <span class='ocrx_word' id='word_1_293' title='bbox 1684 3621 1850 3687; x_wconf 74' lang='lat' dir='ltr'>putat</span> <span class='ocrx_word' id='word_1_294' title='bbox 1884 3620 2203 3675; x_wconf 78' lang='lat' dir='ltr'><em>Gutschmid</em></span> <span class='ocrx_word' id='word_1_295' title='bbox 2371 3624 2433 3672; x_wconf 81' lang='lat'><em>12</em></span> <span class='ocrx_word' id='word_1_296' title='bbox 2472 3620 2575 3673; x_wconf 76' lang='grc' dir='ltr'><em>τοῦ</em></span> <span class='ocrx_word' id='word_1_297' title='bbox 2615 3619 2838 3689; x_wconf 79' lang='grc' dir='ltr'><em>Περσῶν</em></span> 
     </span>
     <span class='ocr_line' id='line_1_35' title="bbox 557 3697 2837 3769; baseline -0.001 -16"><span class='ocrx_word' id='word_1_298' title='bbox 557 3703 652 3767; x_wconf 78' lang='lat' dir='ltr'><strong>(se.</strong></span> <span class='ocrx_word' id='word_1_299' title='bbox 694 3698 981 3767; x_wconf 83' lang='grc' dir='ltr'><em>βασιλέως)</em></span> <span class='ocrx_word' id='word_1_300' title='bbox 1023 3700 1162 3755; x_wconf 84' lang='lat' dir='ltr'><strong>coni.</strong></span> <span class='ocrx_word' id='word_1_301' title='bbox 1201 3701 1399 3768; x_wconf 79' lang='lat' dir='ltr'><strong><em>Daub,</em></strong></span> <span class='ocrx_word' id='word_1_302' title='bbox 1439 3700 1539 3754; x_wconf 79' lang='lat' dir='ltr'><em>sed</em></span> <span class='ocrx_word' id='word_1_303' title='bbox 1576 3701 1642 3754; x_wconf 86' lang='lat' dir='ltr'><em>cf.</em></span> <span class='ocrx_word' id='word_1_304' title='bbox 1682 3703 1754 3768; x_wconf 82' lang='lat' dir='ltr'><em>(v,</em></span> <span class='ocrx_word' id='word_1_305' title='bbox 1796 3697 2156 3769; x_wconf 86' lang='grc' dir='ltr'><em>Δημοκήδης)</em></span> <span class='ocrx_word' id='word_1_306' title='bbox 2195 3702 2444 3767; x_wconf 84' lang='grc' dir='ltr'><em>Δαρείου</em></span> <span class='ocrx_word' id='word_1_307' title='bbox 2483 3699 2585 3754; x_wconf 77' lang='grc' dir='ltr'><em>τοῦ</em></span> <span class='ocrx_word' id='word_1_308' title='bbox 2623 3700 2837 3768; x_wconf 85' lang='grc' dir='ltr'><em>Πέρσου</em></span> 
     </span>
     <span class='ocr_line' id='line_1_36' title="bbox 557 3775 2747 3850; baseline 0.001 -17"><span class='ocrx_word' id='word_1_309' title='bbox 557 3780 627 3833; x_wconf 85' lang='lat' dir='ltr'><em>al.</em></span> <span class='ocrx_word' id='word_1_310' title='bbox 769 3785 835 3833; x_wconf 88' lang='lat'><em>15</em></span> <span class='ocrx_word' id='word_1_311' title='bbox 873 3775 984 3833; x_wconf 73' lang='grc' dir='ltr'><em>ὑπὸ</em></span> <span class='ocrx_word' id='word_1_312' title='bbox 1025 3796 1132 3834; x_wconf 87' lang='lat' dir='ltr'><em>om.</em></span> <span class='ocrx_word' id='word_1_313' title='bbox 1172 3784 1217 3831; x_wconf 99' lang='lat' dir='ltr'>A</span> <span class='ocrx_word' id='word_1_314' title='bbox 1363 3783 1428 3832; x_wconf 85' lang='lat'><em>18</em></span> <span class='ocrx_word' id='word_1_315' title='bbox 1469 3775 1863 3849; x_wconf 80' lang='grc' dir='ltr'><em>ἐπεγράφοντο</em></span> <span class='ocrx_word' id='word_1_316' title='bbox 1899 3786 1959 3836; x_wconf 90' lang='lat' dir='ltr'><em>V.</em></span> <span class='ocrx_word' id='word_1_317' title='bbox 2037 3780 2117 3834; x_wconf 83' lang='lat' dir='ltr'><em>Cf.</em></span> <span class='ocrx_word' id='word_1_318' title='bbox 2158 3800 2207 3835; x_wconf 89' lang='lat' dir='ltr'><em>v.</em></span> <span class='ocrx_word' id='word_1_319' title='bbox 2250 3775 2593 3849; x_wconf 83' lang='grc' dir='ltr'><em>Θεόπομπος</em></span> <span class='ocrx_word' id='word_1_320' title='bbox 2631 3777 2747 3850; x_wconf 54' lang='lat' dir='ltr'><em>§vra</em></span> 
     </span>
    </p>

    <p class='ocr_par' dir='ltr' id='par_1_5' title="bbox 558 3856 2836 4187">
     <span class='ocr_line' id='line_1_37' title="bbox 703 3856 2836 3933; baseline -0.001 -20"><span class='ocrx_word' id='word_1_321' title='bbox 703 3858 1016 3913; x_wconf 84' lang='lat' dir='ltr'><strong>OOCXXVI</strong></span> <span class='ocrx_word' id='word_1_322' title='bbox 1055 3875 1161 3913; x_wconf 88' lang='lat' dir='ltr'><em>om.</em></span> <span class='ocrx_word' id='word_1_323' title='bbox 1195 3860 1468 3914; x_wconf 80' lang='lat' dir='ltr'><strong><em>Westerm.</em></strong></span> <span class='ocrx_word' id='word_1_324' title='bbox 1548 3858 1629 3915; x_wconf 86' lang='lat' dir='ltr'><em>Cf.</em></span> <span class='ocrx_word' id='word_1_325' title='bbox 1670 3878 1719 3913; x_wconf 87' lang='lat' dir='ltr'><em>v.</em></span> <span class='ocrx_word' id='word_1_326' title='bbox 1758 3861 2009 3933; x_wconf 84' lang='grc' dir='ltr'><em>Σίβυλλα</em></span> <span class='ocrx_word' id='word_1_327' title='bbox 2052 3856 2385 3922; x_wconf 82' lang='grc' dir='ltr'><em>’Λπόλλωνος</em></span> <span class='ocrx_word' id='word_1_328' title='bbox 2424 3860 2483 3915; x_wconf 77' lang='lat' dir='ltr'><em>et</em></span> <span class='ocrx_word' id='word_1_329' title='bbox 2518 3858 2732 3928; x_wconf 81' lang='lat' dir='ltr'>Maass,</span> <span class='ocrx_word' id='word_1_330' title='bbox 2758 3858 2836 3911; x_wconf 83' lang='lat' dir='ltr'><em>-de</em></span> 
     </span>
     <span class='ocr_line' id='line_1_38' title="bbox 558 3936 2835 4010; baseline 0 -17"><span class='ocrx_word' id='word_1_331' title='bbox 558 3940 898 4007; x_wconf 83' lang='lat' dir='ltr'>Sibyllarum</span> <span class='ocrx_word' id='word_1_332' title='bbox 935 3939 1048 3993; x_wconf 83' lang='lat' dir='ltr'><strong>ind.</strong></span> <span class='ocrx_word' id='word_1_333' title='bbox 1087 3959 1140 4010; x_wconf 89' lang='lat' dir='ltr'><em>p.</em></span> <span class='ocrx_word' id='word_1_334' title='bbox 1180 3944 1249 3993; x_wconf 86' lang='lat'><em>28</em></span> <span class='ocrx_word' id='word_1_335' title='bbox 1287 3941 1405 3994; x_wconf 72' lang='lat' dir='ltr'><strong>not.</strong></span> <span class='ocrx_word' id='word_1_336' title='bbox 1444 3946 1512 3994; x_wconf 91' lang='grc'><em>66</em></span> <span class='ocrx_word' id='word_1_337' title='bbox 1698 3944 1761 3993; x_wconf 89' lang='grc'><em>19</em></span> <span class='ocrx_word' id='word_1_338' title='bbox 1800 3942 1975 3993; x_wconf 85' lang='grc' dir='ltr'><em>Σίλλα</em></span> <span class='ocrx_word' id='word_1_339' title='bbox 2008 3936 2355 4010; x_wconf 84' lang='grc' dir='ltr'><em>Ἐρυθραίου</em></span> <span class='ocrx_word' id='word_1_340' title='bbox 2383 3945 2430 3992; x_wconf 99' lang='lat' dir='ltr'><strong>V</strong></span> <span class='ocrx_word' id='word_1_341' title='bbox 2613 3946 2680 3995; x_wconf 79' lang='lat'><em>22</em></span> <span class='ocrx_word' id='word_1_342' title='bbox 2722 3957 2835 4009; x_wconf 79' lang='grc' dir='ltr'><em>χρη·</em></span> 
     </span>
     <span class='ocr_line' id='line_1_39' title="bbox 559 4013 2834 4090; baseline 0 -17"><span class='ocrx_word' id='word_1_343' title='bbox 559 4014 1015 4089; x_wconf 83' lang='grc' dir='ltr'><em>ματισθήσεσθαι</em></span> <span class='ocrx_word' id='word_1_344' title='bbox 1054 4024 1099 4071; x_wconf 93' lang='lat' dir='ltr'>A</span> <span class='ocrx_word' id='word_1_345' title='bbox 1134 4022 1280 4089; x_wconf 63' lang='lat' dir='ltr'><em>vulg.</em></span> <span class='ocrx_word' id='word_1_346' title='bbox 1318 4019 1764 4089; x_wconf 84' lang='grc' dir='ltr'><em>χρηματίσεσθαι</em></span> <span class='ocrx_word' id='word_1_347' title='bbox 1801 4021 2011 4075; x_wconf 80' lang='lat' dir='ltr'><em>Bekker</em></span> <span class='ocrx_word' id='word_1_348' title='bbox 2154 4026 2222 4073; x_wconf 80' lang='lat'><em>23</em></span> <span class='ocrx_word' id='word_1_349' title='bbox 2269 4013 2371 4082; x_wconf 74' lang='grc' dir='ltr'><em>τὰς</em></span> <span class='ocrx_word' id='word_1_350' title='bbox 2407 4017 2511 4089; x_wconf 70' lang='grc' dir='ltr'><em>μὲν</em></span> <span class='ocrx_word' id='word_1_351' title='bbox 2548 4022 2691 4090; x_wconf 74' lang='lat' dir='ltr'><strong><em>vuly.</em></strong></span> <span class='ocrx_word' id='word_1_352' title='bbox 2744 4016 2834 4089; x_wconf 78' lang='grc' dir='ltr'><em>μὲν</em></span> 
     </span>
     <span class='ocr_line' id='line_1_40' title="bbox 559 4098 2830 4187; baseline -0.003 -31"><span class='ocrx_word' id='word_1_353' title='bbox 559 4119 666 4156; x_wconf 89' lang='lat' dir='ltr'><em>om.</em></span> <span class='ocrx_word' id='word_1_354' title='bbox 704 4104 908 4153; x_wconf 78' lang='lat' dir='ltr'><em>ABVE</em></span> <span class='ocrx_word' id='word_1_355' title='bbox 1086 4098 1400 4154; x_wconf 79' lang='grc' dir='ltr'><em>κατέκαυσε</em></span> <span class='ocrx_word' id='word_1_356' title='bbox 1439 4105 1484 4152; x_wconf 96' lang='lat' dir='ltr'>A</span> <span class='ocrx_word' id='word_1_357' title='bbox 1532 4099 1839 4187; x_wconf 58' lang='grc' dir='ltr'><em>κατέφλεξε</em></span> <span class='ocrx_word' id='word_1_358' title='bbox 1877 4102 2020 4171; x_wconf 74' lang='lat' dir='ltr'><strong><em>vuly.</em></strong></span> <span class='ocrx_word' id='word_1_359' title='bbox 2068 4099 2160 4155; x_wconf 88' lang='lat' dir='ltr'><em>hic</em></span> <span class='ocrx_word' id='word_1_360' title='bbox 2206 4100 2265 4154; x_wconf 91' lang='lat' dir='ltr'><em>in</em></span> <span class='ocrx_word' id='word_1_361' title='bbox 2310 4117 2485 4169; x_wconf 79' lang='lat' dir='ltr'><strong>marg.</strong></span> <span class='ocrx_word' id='word_1_362' title='bbox 2521 4104 2568 4151; x_wconf 95' lang='lat' dir='ltr'><strong>V</strong></span> <span class='ocrx_word' id='word_1_363' title='bbox 2613 4099 2830 4169; x_wconf 78' lang='lat' dir='ltr'><strong>legitur:</strong></span> 
     </span>
    </p>
   </div>
   <div class='ocr_carea' id='block_1_4' title="bbox 554 3021 978 3027">
    <p class='ocr_par' dir='ltr' id='par_1_6' title="bbox 554 3021 978 3027">
     <span class='ocr_line' id='line_1_41' title="bbox 554 3021 978 3027; baseline 0 0"><span class='ocrx_word' id='word_1_364' title='bbox 554 3021 978 3027; x_wconf 95' lang='lat' dir='ltr'><em> </em></span> 
     </span>
    </p>
   </div>
   <div class='ocr_carea' id='block_1_5' title="bbox 559 4192 2833 4370">
    <p class='ocr_par' dir='ltr' id='par_1_7' title="bbox 559 4192 2833 4370">
     <span class='ocr_line' id='line_1_42' title="bbox 560 4192 2833 4299; baseline -0 -22"><span class='ocrx_word' id='word_1_365' title='bbox 560 4223 682 4278; x_wconf 85' lang='grc' dir='ltr'><em>οἷον</em></span> <span class='ocrx_word' id='word_1_366' title='bbox 720 4226 1017 4295; x_wconf 80' lang='grc' dir='ltr'><em>συμβαίνει</em></span> <span class='ocrx_word' id='word_1_367' title='bbox 1056 4220 1116 4289; x_wconf 80' lang='grc' dir='ltr'><em>ἐξ</em></span> <span class='ocrx_word' id='word_1_368' title='bbox 1161 4220 1503 4295; x_wconf 79' lang='grc' dir='ltr'><em>άπροσεξίας</em></span> <span class='ocrx_word' id='word_1_369' title='bbox 1548 4226 1660 4279; x_wconf 79' lang='grc' dir='ltr'><em>τῶν</em></span> <span class='ocrx_word' id='word_1_370' title='bbox 1697 4192 1729 4294; x_wconf 55' lang='grc' dir='ltr'><em>Ξ</em></span> <span class='ocrx_word' id='word_1_371' title='bbox 1766 4220 1917 4279; x_wconf 76' lang='grc' dir='ltr'><em>κακὰ</em></span> <span class='ocrx_word' id='word_1_372' title='bbox 1950 4218 2391 4299; x_wconf 84' lang='grc' dir='ltr'><em>άποβλεπόντων</em></span> <span class='ocrx_word' id='word_1_373' title='bbox 2426 4225 2541 4279; x_wconf 77' lang='grc' dir='ltr'><em>τῶν</em></span> <span class='ocrx_word' id='word_1_374' title='bbox 2578 4217 2833 4294; x_wconf 76' lang='grc' dir='ltr'><em>κρατούν·</em></span> 
     </span>
     <span class='ocr_line' id='line_1_43' title="bbox 559 4299 1144 4370; baseline 0.003 -15"><span class='ocrx_word' id='word_1_375' title='bbox 559 4322 672 4355; x_wconf 87' lang='grc' dir='ltr'><em>των</em></span> <span class='ocrx_word' id='word_1_376' title='bbox 711 4300 850 4370; x_wconf 85' lang='grc' dir='ltr'><em>πρὸς</em></span> <span class='ocrx_word' id='word_1_377' title='bbox 885 4299 955 4357; x_wconf 75' lang='grc' dir='ltr'><em>τὰ</em></span> <span class='ocrx_word' id='word_1_378' title='bbox 998 4301 1144 4357; x_wconf 79' lang='grc' dir='ltr'><em>καλά</em></span> 
     </span>
    </p>
   </div>
  </div>
 </body>
</html>
