3025 4892
546 201 703 255 XXII
1185 243 1192 249 .
1397 195 1901 252 PROLEGOMEN
1902 194 1966 249 A.

730 364 914 429 Alias
961 384 1115 428 vero
1162 362 1329 426 vitas
1378 364 1743 445 auctorum,
1800 361 1909 444 qui
1953 363 2285 442 nunquam
2332 360 2623 442 fuerunt,
2668 359 2849 422 effin-

550 473 646 536 xit
691 469 920 536 Suidas
939 469 990 553 ¹)
1027 466 1379 556 (interdum
1415 469 1696 533 fortasse
1724 468 1977 551 lector),
2013 466 2392 553 plerumque
2420 467 2617 544 fonte,
2657 489 2849 550 quem

551 579 922 663 exscripsit,
967 577 1134 641 male
1180 577 1508 641 intellecto
1559 575 1660 640 vel
1700 576 1922 660 glossa
1969 574 2313 658 marginali
2361 595 2703 659 perperam
2742 573 2851 638 ad-

548 685 789 768 hibita,
833 684 1014 749 velut
1051 683 1324 748 alteram
1369 682 1573 746 vitam
1616 681 1977 765 Alcmanis‚
2026 681 2381 764 Pyrrhonis
2391 731 2409 764 ‚
2462 679 2854 765 SapphoniS,

552 790 831 877 Sopatri,
871 789 1244 874 Sophronis,
1272 788 1584 872 Timoni8‚
1621 789 1886 852 tertiam
1916 786 2254 871 Corinnae,
2293 787 2463 852 vitas
2494 785 2849 869 Soteridae‚

549 898 902 963 Euschemi
961 897 1216 979 comici,
1270 894 1507 959 Persae
1564 895 1758 980 epici,
1814 893 2082 960 Hesiodi
2147 894 2369 959 fratris
2428 891 2537 979 (de
2594 915 2725 978 quo
2776 895 2855 958 cf.

552 1004 761 1088 Danb,
791 1003 1029 1068 Annal.
1057 1001 1216 1087 phil.
1251 1003 1416 1068 1881
1446 1025 1507 1086 p.
1537 999 1716 1088 246),
1758 999 2085 1068 Stratonis
2115 1000 2473 1086 geographi
2503 999 2611 1087 (cf.
2641 999 2855 1084 Daub,

555 1109 734 1176 Stud.
768 1135 826 1195 p.
862 1107 971 1196 18)
1021 1111 1104 1175 al.

730 1222 1084 1290 Nonnullis
1164 1227 1382 1288 autem
1462 1223 1847 1308 corruptelis
1924 1221 2289 1308 insignibus
2364 1222 2598 1290 Suidae
2674 1227 2853 1290 vitae

553 1333 958 1404 adulteratae
999 1335 1176 1414 sunt,
1213 1353 1374 1415 quas
1415 1332 1496 1396 ab
1536 1332 1679 1415 ipso
1730 1332 2054 1416 profectas
2102 1353 2241 1396 esse
2286 1352 2483 1416 neg0,
2530 1332 2708 1397 velut
2758 1333 2854 1397 vi-

554 1444 689 1504 tam
728 1437 1092 1505 Chironis
1141 1460 1218 1502 ex
1257 1437 1527 1504 Hesiodi
1576 1438 1858 1503 carmine
1904 1431 2247 1521 ὑποθῆκαι
2286 1441 2624 1523 Χείρωνος
2662 1462 2850 1504 secus

551 1547 882 1612 intellecto
930 1549 1172 1629 ortam,
1219 1548 1286 1609 et
1331 1544 1744 1630 Polyeucti
1792 1544 2018 1609 comici
2066 1567 2142 1609 ex
2187 1543 2510 1609 Heniochi
2559 1547 2855 1611 eiusdem

553 1643 852 1719 nominis
881 1653 1105 1717 fabula
1146 1651 1636 1718 conformatam.
1710 1651 1998 1735 Utraque
2042 1674 2187 1716 cum
2232 1651 2489 1736 legatur
2536 1653 2732 1717 etiam
2787 1655 2859 1718 in

554 1758 873 1841 Violario,
934 1757 1016 1822 ab
1065 1757 1393 1841 Hesychio
1450 1759 1551 1822 vel
1607 1757 1827 1842 potius
1884 1758 1966 1824 ab
2024 1759 2453 1842 epitomatore
2514 1759 2858 1843 insipienti

555 1847 842 1931 additam
881 1865 1191 1950 suspicor,
1230 1887 1419 1949 quem
1459 1866 1839 1950 saepissime
1878 1887 2125 1930 errasse
2164 1869 2438 1931 constat.
2515 1867 2618 1931 Ab
2655 1868 2860 1933 inter-

554 1973 846 2056 polatore
901 1972 1294 2056 adscriptam
1352 1993 1490 2036 esse
1551 1972 1712 2036 mihi
1769 1972 2025 2057 quidem
2079 1979 2229 2038 non'
2262 1974 2588 2056 persuasit
2640 1973 2859 2057 Daub,

555 2077 735 2144 Stud.
763 2102 824 2163 p.
859 2080 1002 2143 141.
1090 2083 1223 2142 Nec
1269 2079 1482 2165 magis
1528 2078 1891 2163 probabilis
1940 2077 2172 2144 Suidae
2220 2079 2441 2163 glossa
2484 2103 2522 2144 a
2569 2080 2858 2147 Kustero

500 2229 506 2234 -
555 2186 860 2250 restituta
912 2181 1362 2262 Πολύευκτος·
1419 2185 1619 2250 τοῦτο
1678 2181 1895 2271 ὃρᾶμά
1954 2184 2137 2251 ἐστιν
2174 2181 2494 2269 Ἠνιόχου
2551 2189 2671 2252 τοῦ
2724 2211 2858 2252 κω-

555 2294 773 2377 μικοῦ.
873 2291 978 2356 Ad
1045 2291 1318 2356 eundem
1392 2292 1672 2358 fortasse
1740 2293 2234 2377 epitomatorem
2290 2292 2565 2357 recurrit
2618 2316 2859 2358 nomen

554 2400 898 2485 Ephippi
954 2399 1023 2463 in
1069 2399 1156 2484 gl.
1192 2395 1525 2485 ''Ecpooogr
1575 2403 1642 2464 et
1687 2400 1757 2463 in
1803 2397 2035 2464 Suidae
2083 2399 2265 2463 libris
2314 2401 2613 2465 omnibus
2662 2405 2727 2465 et
2784 2402 2857 2466 in

543 2507 848 2572 -Violario
897 2509 1244 2588 servatum,
1293 2506 1464 2589 quod
1513 2528 1589 2570 ex
1637 2507 1857 2591 glossa
1900 2507 2191 2589 proxime
2228 2506 2637 2572 antecedenti
2674 2530 2857 2590 repe-

555 2615 749 2678 titum
787 2613 1036 2696 primus
1066 2612 1428 2695 suspicatus
1459 2616 1560 2694 est
1578 2611 1873 2696 VossiuS‚
1904 2612 1981 2677 de
2009 2612 2158 2676 hist.
2190 2611 2413 2679 Graec.
2440 2635 2500 2696 p.
2528 2614 2611 2678 68
2630 2613 2859 2694 West.,

557 2721 660 2784 cui
710 2719 986 2784 assentit
1029 2718 1238 2784 Daub.
1286 2719 1362 2782 de
1413 2718 1588 2784 Suid.
1625 2742 1688 2803 p.
1725 2720 1874 2802 409,
1922 2719 2051 2810 nisi
2098 2718 2267 2783 forte
2304 2720 2465 2784 duos
2504 2721 2859 2805 scriptores

557 2825 860 2891 confusos
909 2847 1048 2890 esse
1092 2826 1448 2909 putaveriS,
1506 2826 1571 2889 id
1620 2825 1791 2911 quod
1838 2826 2134 2911 equidem
2180 2847 2437 2911 censeo,
2500 2849 2645 2892 cum
2692 2850 2857 2894 non-

553 2933 718 2997 nulli
773 2932 1024 3016 Ephori
1079 2932 1234 2997 libri
1287 2932 1621 3016 sophistae
1677 2933 1893 3016 potius
1963 2932 2233 2998 alicuius
2293 2933 2631 3000 videantur
2688 2957 2853 3018 esse,

558 3063 752 3127 quam
814 3040 1127 3106 historici.
1237 3040 1414 3116 Quae
1479 3039 1755 3124 denique
1820 3040 2205 3125 perturbata
2274 3043 2498 3107 extant
2561 3041 2630 3105 in
2696 3040 2855 3107 vitis

703 3305 755 3373 1)
791 3303 1102 3375 Hesychius
1136 3303 1230 3359 vel
1269 3303 1610 3374 epitomator
1644 3303 1884 3358 fortasse
1920 3303 2084 3358 finxit
2118 3305 2263 3360 vitas
2302 3305 2531 3360 Pindari
2571 3307 2630 3360 et
2666 3307 2858 3361 Procli

559 3385 823 3440 Mallotae
871 3383 1130 3453 iunioris,
1186 3401 1326 3454 quas
1374 3384 1541 3438 offert
1585 3383 1755 3438 etiam
1803 3383 1939 3438 Eud.
1988 3403 2043 3454 p.
2084 3391 2187 3440 598
2235 3388 2293 3440 et
2339 3393 2468 3454 611,
2519 3380 2857 3456 antiquioris

559 3465 760 3533 poetae
796 3465 1116 3530 Menandri,
1163 3482 1330 3534 quam
1370 3465 1567 3520 eadem
1603 3463 1778 3518 habet
1822 3482 1875 3533 p.
1916 3471 2048 3534 498,
2098 3465 2447 3535 aliorumque
2494 3465 2860 3536 cognomina-

559 3547 772 3614 torum,
817 3545 976 3599 velut
1015 3544 1247 3600 alterius
1285 3544 1592 3618 Euripidis,
1630 3543 2070 3614 Melanippidae‚
2114 3546 2381 3616 Cratetis,
2421 3546 2706 3612 Timoclis,
2742 3548 2859 3601 for-

556 3627 705 3680 tasse
743 3623 1144 3694 Tryphiodori,
1183 3623 1512 3694 Phrynichi‚
1553 3623 1750 3678 Sorani
1786 3624 2013 3694 Ephesii
2052 3625 2333 3693 (viderunt
2366 3626 2582 3692 Osann,
2626 3624 2857 3690 Quaest.

558 3704 721 3760 Hom.
759 3705 836 3758 111
873 3723 928 3774 p.
961 3710 1025 3758 12
1055 3705 1294 3773 not.12‚
1333 3701 1583 3759 Dietzius
1618 3704 1810 3759 Soran.
1848 3723 1901 3774 p.
1930 3712 2027 3774 23,
2066 3705 2274 3773 meist,
2329 3707 2398 3760 de
2435 3707 2649 3762 Philox.
2692 3692 2757 3775 p?
2793 3714 2857 3761 ιτ

559 3787 697 3853 not.)
736 3785 826 3852 aL,
866 3785 1122 3840 distinxit
1158 3784 1330 3840 etiam
1365 3783 1514 3838 inter
1549 3784 1841 3838 Irenaeum
1878 3788 1937 3840 et
1963 3786 2263 3848 Pacatum,
2298 3784 2445 3841 inter
2472 3786 2857 3857 Pherecydem

559 3865 785 3919 Lerium
833 3867 890 3919 et
926 3863 1352 3933 Atheniensem,
1400 3865 1809 3920 contaminavit
1854 3867 2087 3920 Sextum
2132 3865 2459 3921 Africanum
2506 3868 2565 3920 et
2610 3868 2857 3937 Empiri-

561 3962 713 4012 cum,
751 3942 1006 3998 Asinium
1044 3943 1357 3998 Pollionem
1395 3945 1454 3998 et
1488 3944 1861 4014 Trallianum,
1899 3944 2133 4000 fortasse
2173 3944 2500 4014 Strattidem
2546 3948 2604 4001 et
2640 3947 2858 4018 Ephip-

559 4043 694 4094 pum
741 4023 1040 4093 Olynthios
1088 4023 1188 4092 al.,
1240 4041 1580 4093 quamquam
1626 4041 1805 4093 neque
1853 4042 1919 4079 ex
1966 4025 2190 4081 silentio
2230 4025 2510 4081 Endociae
2556 4043 2739 4095 neque
2790 4047 2859 4082 ex

559 4104 692 4160 vitis
737 4105 883 4172 eius,
931 4120 1056 4156 cum
1102 4104 1568 4174 interpolationes
1614 4123 1779 4175 passa
1825 4106 1922 4173 sit,
1970 4107 2108 4160 certi
2156 4105 2370 4175 aliquid
2416 4105 2611 4174 colligi
2646 4108 2856 4175 potest.

559 4182 680 4238 Nec
727 4183 908 4237 minus
954 4184 1002 4238 si
1046 4183 1124 4254 gl.
1171 4180 1444 4254 Σωτάδης
1492 4181 1645 4255 Κρής
1690 4189 1748 4240 et
1790 4185 2228 4255 iambographus
2274 4188 2333 4240 et
2380 4185 2624 4240 comicus
2672 4206 2713 4240 s.
2761 4189 2856 4244 fin.

564 4262 861 4318 manifesto
901 4263 1118 4318 confusi
1156 4263 1443 4333 videntur,
1480 4265 1590 4320 hoc
1627 4266 1908 4335 Hesychio
1947 4266 2247 4334 opprobrio
2287 4283 2405 4320 esse
2442 4281 2611 4333 quam
2651 4265 2858 4324 Suidae

564 4340 782 4408 malim,
821 4342 880 4397 id
919 4344 1068 4412 quod
1105 4344 1174 4398 de
1211 4343 1496 4414 plerisque
1534 4343 1808 4400 eiusmodi
1844 4344 2043 4401 erratis
2080 4346 2269 4401 valere
2308 4345 2519 4415 opinor.

2476 4539 2521 4563 N
