3025 4892
1121 276 1549 332 HESYCHIUS.
2350 274 2475 337 123

369 438 784 507 OOOCLVII.
871 437 1236 525 Κόριννα
1294 436 1813 525 Ἀχελωοδώρου
1865 436 1976 504 καὶ
2032 441 2477 524 Προκρατίας,

208 550 440 629 Θηβαία
494 539 535 631 ἢ
603 551 1014 632 Ταναγραία,
1072 544 1413 634 μαθήτρια
1465 543 1841 632 Μύρτιδος,
1906 542 2174 630 λυρική,
2232 543 2476 611 ἐπωνό-

203 669 395 735 μαστο,
452 650 525 720 δὲ
571 658 784 721 Μυῖα.
879 653 1140 739 ἐνίκησε
1189 651 1262 721 δὲ
1309 654 1645 736 πεντάκις,
1694 649 1782 732 ὥς
1830 650 2058 737 λόγος,
2104 654 2477 738 Πίνδαρον.

205 760 431 844 «ἔγραψε
475 764 704 845 βιβλία
751 760 808 827 ε’
855 760 964 827 καὶ
1013 760 1470 846 ἐπιγράμματα
1517 759 1629 826 καὶ
1674 757 1928 845 νόμους
1974 757 2303 845 λυρικούς.

369 865 816 934 CCOOLVIII.
876 865 1238 952 Κόριννα
1276 872 1527 935 Θεσπία
1575 863 1834 953 λυρική,
1882 868 1951 932 οἱ
1987 864 2060 931 δὲ
2092 869 2478 952 Κορινθίαν
2508 884 2533 923 5

205 970 507 1057 εἰρήκασι.
597 974 850 1059 νόμους
895 974 1226 1061 λυρικούς.

365 1080 742 1147 COCOLIX.
819 1080 1206 1168 [Κόριννα
1261 1082 1581 1167 νεωτέρα,
1629 1086 1920 1169 Θηβαία,
1968 1077 2237 1167 λυρική,
2286 1074 2328 1166 ἡ
2370 1078 2479 1145 καὶ

81 1171 90 1175 ’
203 1192 382 1252 Μυῖα
425 1193 796 1273 κληθεῖσα]

365 1293 712 1361 COCOLX.
787 1292 1187 1381 Κόριννος
1238 1292 1498 1379 Ἰλιεύς,
1556 1293 1869 1374 ἐποποιὸς
1922 1297 2058 1362 τῶν
2117 1292 2246 1382 πρὸ
2293 1283 2479 1381 Ὁμή-

198 1426 346 1486 ρου,
393 1397 480 1479 ὥς
514 1418 694 1467 τισιν
733 1401 946 1487 ἔδοξε,
991 1401 1102 1469 καὶ
1141 1404 1397 1487 πρῶτος
1425 1400 1689 1489 γράψας
1723 1400 1845 1488 τὴν
1888 1397 2165 1487 Ἰλιάδα,
2212 1406 2307 1468 ἔτι
2343 1404 2479 1468 τῶν
2512 1422 2562 1462 ιο

205 1510 511 1595 Τρωικῶν
569 1508 1094 1595 συνισταμένων.
1198 1500 1284 1595 ἦν
1355 1508 1428 1577 δὲ
1484 1507 1942 1596 Παλαμήδους
1997 1508 2304 1595 μαθητὴς
2368 1508 2480 1575 καὶ

197 1620 431 1701 ἔγραψε
477 1626 616 1694 τοῖς
659 1612 789 1683 ὑπὸ
832 1614 1288 1703 Παλαμήδους
1326 1611 1663 1703 εὑρεθεῖσι
1706 1623 2042 1701 Δωρικοῖς
2078 1613 2480 1702 γράμμασιν.

195 1726 430 1808 ἔγραψε
481 1721 555 1789 δὲ
600 1720 710 1788 καὶ
757 1718 878 1789 τὸν
919 1720 1291 1807 Δαρδάνου
1327 1719 1491 1809 πρὸς
1530 1719 1991 1807 Παφλαγόνας
2026 1721 2344 1807 πόλεμον,
2391 1716 2481 1799 ὦς

193 1830 262 1895 ἐκ
307 1828 547 1896 τούτου
586 1834 819 1914 λαβεῖν
862 1830 974 1896 καὶ
1018 1833 1135 1916 τῆς
1170 1828 1499 1915 ποιήσεως
1536 1832 1761 1896 πᾶσαν
1797 1823 2133 1896 ὑπόθεσιν
2164 1825 2482 1915 Ὅμηρον,

190 1936 300 2001 καὶ
343 1934 607 2018 ἐντάξαι
652 1950 792 2016 τοῖς
839 1932 1050 2003 αὑτοῦ
1096 1940 1398 2021 βιβλίοις.
2506 1956 2557 1996 1⁵

365 2043 744 2111 GCCCLXI.
801 2033 1026 2126 [οὗτος
1072 2038 1137 2126 ὁ]
1187 2046 1651 2129 Κορνοῦτος
1697 2048 2022 2128 Λεπτίτης
2078 2042 2351 2130 (Λέπτις
2404 2041 2481 2109 δὲ

190 2149 376 2229 πόλις
429 2149 742 2236 Λιβύης),
800 2147 1205 2235 φιλόσοφος,
1260 2147 1555 2234 γεγονὼς
1601 2151 1674 2217 ἐν
1721 2146 1937 2237 Ῥώμῃ
1986 2149 2090 2215 ἐπὶ
2138 2150 2480 2236 Νέρωνος,

187 2257 298 2324 καὶ
343 2257 506 2344 πρὸς
545 2254 753 2324 αὐτοῦ
791 2254 1177 2339 ἀναιρεθεὶς
1215 2253 1344 2322 σὺν
1379 2259 1470 2347 τῷ
1511 2261 1917 2345 Μουσωνίῳ.
1984 2261 2229 2342 ἔγραψε
2265 2253 2477 2323 πολλὰ

191 2362 529 2451 φιλόσοφοί
576 2390 643 2431 τε
690 2362 704 2453 Ι
751 2362 862 2430 καὶ
909 2360 1241 2449 ῥητορικά.
1280 2361 1295 2452 Ι

189 2464 202 2475 ’
365 2471 778 2539 COCOLXII.
837 2467 1149 2557 Κράτης
1187 2465 1548 2554 Ἀθηναῖος
1581 2469 1889 2555 κωμικός,
1930 2460 2015 2537 οὗ
2060 2460 2147 2554 ἦν
2187 2465 2479 2555 ἀδελφὸς
2506 2490 2559 2528 2⁰

183 2575 554 2661 Ἐπίλυκος,
601 2573 876 2664 ποιητὴς
914 2578 1109 2643 ἐπῶν.
1172 2574 1474 2661 δράματα
1513 2575 1589 2643 δὲ
1626 2573 1836 2643 αὐτοῦ
1884 2579 2055 2643 εἰσιν
2096 2576 2181 2656 ἕξ.
2192 2596 2207 2611 ·
2257 2580 2479 2643 Γείτο-

329 2738 658 2795 CCCCLVII
694 2738 844 2793 Eud.
873 2755 928 2807 Ρ.
951 2743 1073 2803 443,
1111 2752 1254 2803 quae
1282 2734 1483 2804 incipit
1511 2740 1647 2805 Κορ.
1681 2739 1819 2807 Θηβ.
1850 2731 1884 2805 ἢ
1921 2740 2079 2806 Ταν,,
2117 2740 2258 2806 μαθ.
2280 2740 2479 2805 Μυρτ.,

183 2815 342 2889 Ἄχελ.
380 2820 478 2873 καὶ
515 2823 725 2889 Προκρ.
838 2824 866 2871 1
902 2811 1300 2887 Ἀρχελοδωρου
1339 2820 1457 2872 ΔΙᾱ.
1487 2816 1639 2871 Eud.
1676 2811 2088 2885 Ἀχελωοδώρου
2127 2822 2229 2869 Av
2338 2823 2369 2869 2
2410 2817 2479 2871 de

187 2900 429 2969 Myrtide
467 2919 518 2953 v.
557 2900 767 2969 Beryk,
803 2900 960 2953 Poet.
999 2898 1127 2967 Lyr.
1165 2916 1218 2966 p.
1254 2900 1416 2963 12053
1454 2892 1652 2965 λυρικὴ
1689 2898 1820 2966 post
1856 2900 2019 2950 Μυῖα
2056 2898 2267 2951 habent
2304 2897 2435 2951 libri

333 2979 691 3035 GCCCLVIII
728 2980 879 3034 Eud.
910 2979 944 3031 l.
977 2995 1021 3033 c.
1074 2978 1273 3031 Totam
1305 2977 1482 3031 vitam
1520 2993 1628 3033 om.
1658 2982 1717 3033 V.
1777 2977 1855 3031 Cf.
1885 2978 2163 3043 Welcker,
2197 2977 2283 3033 Kl.
2324 2977 2477 3031 Schr.

187 3062 237 3113 II
268 3080 322 3129 p.
356 3065 455 3113 153
604 3064 636 3112 5
665 3054 791 3131 ἔστι
828 3056 925 3111 καὶ
966 3051 1130 3125 ἕτέρα
1169 3058 1227 3110 et
1261 3056 1406 3110 infra
1445 3054 1657 3126 ἔγραψε
1697 3056 1795 3110 καὶ
1832 3052 1977 3125 αὐτὴ
2017 3058 2168 3112 Eud.
2523 3058 2526 3064 '

331 3146 636 3202 CCCCLIX
685 3146 933 3200 Tertiam
981 3162 1087 3199 om.
1126 3144 1277 3199 Eud
1353 3147 1558 3199 Totam
1604 3147 1851 3215 glossam
1899 3163 1967 3200 ex
2012 3147 2195 3216 priore
2242 3147 2479 3201 articulo

188 3232 398 3295 ortam,
431 3227 579 3281 unde
608 3224 933 3295 migraverit
961 3225 1132 3279 etiam
1160 3225 1219 3279 in
1248 3226 1324 3293 gl.
1353 3229 1517 3280 Μυῖα
1547 3227 1661 3280 dixi
1690 3227 1908 3283 Unters.
1940 3246 1993 3297 p.
2016 3234 2103 3294 47,
2132 3228 2271 3282 Mus.
2301 3227 2477 3280 Rhen.

185 3312 222 3365 l.
268 3326 311 3363 c.
388 3307 469 3364 Of.
509 3304 682 3361 etiam
719 3304 909 3398 ¹³⁰⁴sz
948 3306 1015 3359 de
1055 3304 1206 3359 Suid.
1247 3324 1300 3375 p.
1340 3312 1444 3379 472
1592 3312 1621 3361 7
1664 3304 1913 3376 νεωτέρα
1951 3307 2343 3377 interpolatori
2382 3306 2482 3359 dat

199 3391 262 3443 W
257 3388 443 3442 elcker

331 3464 606 3523 CCOCLX
644 3464 796 3519 Eud.
835 3483 890 3534 p.
928 3470 1049 3518 444.
1118 3464 1198 3521 Cf.
1240 3466 1409 3519 schol.
1439 3465 1675 3521 Nicand.
1706 3466 1869 3520 Ther.
1905 3473 1969 3521 15
1999 3468 2074 3535 (p.
2108 3470 2161 3533 3)
2304 3473 2369 3521 10
2408 3462 2481 3529 ὥς

185 3566 332 3603 τισιν
368 3544 528 3610 ἔδοξε
561 3560 669 3601 om.
698 3549 743 3596 V
779 3540 884 3613 τὴν
915 3561 1022 3598 om.
1045 3544 1193 3600 Eud.
1307 3544 1388 3599 ἔτι
1409 3576 1475 3585 --
1497 3537 1568 3613 ἧν
1597 3544 1661 3600 δὲ
1692 3562 1797 3599 om.
1820 3552 1865 3599 V
1977 3553 2040 3601 13
2071 3538 2235 3608 οὗτος
2265 3544 2477 3615 ἔγραψε

188 3626 292 3681 καὶ
318 3621 417 3679 τὸν
440 3619 746 3693 Δαρδάνου
768 3620 908 3692 πρὸς
929 3620 1318 3691 Παφλαγόνας
1342 3622 1613 3694 πόλεμον·
1647 3623 1704 3691 ἐξ
1728 3646 1795 3681 ου
1819 3624 1982 3699 ἔλαβε
2003 3622 2103 3688 τὰς
2124 3621 2197 3687 ὡς
2216 3644 2330 3694 seq.
2350 3628 2482 3695 post

187 3702 610 3774 συνισταμένων
646 3696 963 3773 transponit
1001 3704 1320 3759 Gutschmid
1356 3701 1622 3798 ἀφορμὰς
1645 3700 1886 3775 Ὅμηρος
1922 3706 2022 3774 τῆς
2059 3700 2337 3773 ποιήσεως
2364 3713 2409 3759 V

333 3783 633 3839 CCCCLXI
671 3784 822 3838 Eud.
861 3803 915 3853 p.
955 3788 1077 3838 448.
1261 3790 1326 3839 16
1367 3775 1529 3845 οὗτος
1569 3780 1597 3837 ὁ
1638 3784 1763 3838 add.
1804 3784 2037 3853 Suidas’,
2084 3801 2210 3837 cum
2257 3785 2479 3838 rhetore
2591 3787 2600 3794 '

187 3865 337 3920 Livii
374 3862 600 3932 aequali
638 3880 764 3917 eum
805 3862 1147 3917 confundens
1187 3881 1293 3918 om.
1332 3864 1484 3919 Eud.
1632 3866 1838 3926 Λεπτίς
1873 3866 2015 3933 vuly.

189 3954 258 4000 17
296 3942 606 4014 φιλόσοφος
632 3946 742 3998 huc
769 3943 1091 4011 transposui
1119 3960 1187 3996 ex
1215 3960 1367 3997 more
1395 3945 1776 4013 Hesychiano‚
1817 3960 1983 4013 quem
2012 3944 2272 3997 observat
2309 3944 2479 3997 etiam

188 4025 473 4090 Eudocia3
522 4024 651 4092 post
693 4024 968 4089 Λεπτίτης
1013 4023 1222 4091 legitur
1266 4024 1326 4076 in
1370 4023 1576 4079 Suidae
1624 4023 1782 4077 codd.
1851 4021 1932 4077 Cf.
1972 4041 2021 4077 v.
2060 4024 2280 4090 Κρίτων
2320 4026 2480 4092 Πιερ.

189 4104 263 4159 al.
375 4109 437 4157 17
479 4098 572 4157 ἐπὶ.
609 4104 710 4159 τοῦ
751 4101 1021 4171 Νέρωνος
1056 4104 1207 4158 Eud.
1336 4110 1401 4158 18
1439 4101 1579 4170 πρὸς
1615 4097 1792 4157 αὑτοῦ
1832 4107 1933 4155 Av
1970 4098 2077 4172 πρὸ
2117 4098 2295 4157 αὐτοῦ
2333 4105 2477 4175 vuly.

189 4185 339 4239 Eud.
491 4188 555 4237 19
594 4202 652 4237 τε
693 4201 800 4238 om.
831 4183 982 4237 Eud.
1092 4180 1208 4259 ῤ’ῃτ.
1248 4182 1460 4237 rhetori
1497 4183 1628 4236 dedi

335 4262 664 4317 CCCCLXII
710 4262 858 4318 Eud.
899 4280 950 4331 p.
983 4268 1104 4316 445.
1172 4262 1254 4318 cf.
1293 4263 1549 4317 Meineke
1588 4262 1613 4314 I
1650 4282 1703 4332 p.
1744 4269 1812 4318 58
1833 4281 1946 4332 seq.
2107 4269 2172 4315 21
2220 4263 2281 4317 in
2327 4264 2480 4332 vulg.

194 4341 243 4409 ζ’
285 4342 484 4397 vitium
521 4342 688 4409 latet,
737 4360 862 4396 cum
902 4341 1164 4410 deinceps
1211 4359 1305 4397 sex
1343 4342 1665 4398 comoediae
1702 4344 2023 4413 laudentur,
2070 4360 2241 4411 quare
2276 4361 2480 4399 nomen

195 4420 516 4484 comoediae
567 4418 788 4493 Τόλμας
835 4420 1099 4487 excidisse
1153 4421 1296 4481 coni.
1347 4423 1750 4493 Junyermann.
1798 4424 1869 4478 ad
1916 4423 2129 4481 Polluc.
2165 4424 2268 4494 IX,
2310 4431 2376 4480 53
2421 4420 2478 4495 “g
