3025 4892
1087 219 1659 277 PROLEGOMENA.
2364 220 2517 275 XXV

223 383 638 472 Daubium¹)‚
686 383 1045 470 Pulchium,
1090 385 1695 470 Pappenheimium‚
1741 385 2085 471 Gropium,
2130 384 2519 470 Patzigium‚

222 513 496 578 quorum
545 493 863 577 plerique,
901 514 1064 577 quae
1101 492 1241 577 ipse
1281 489 1542 556 Unters.
1570 515 1631 576 p.
1652 491 1740 556 35
1759 513 1891 576 seq.
1930 491 2279 576 disputavi,
2320 511 2397 556 ea
2424 513 2519 556 re-

221 599 450 663 fellere
499 599 908 678 studuerunt‚
957 599 1096 683 alii,
1143 598 1601 702 velut-Pulch,
1646 598 1829 664 novis
1882 597 2283 685 argumentis
2332 603 2522 664 caute

229 705 455 789 innisi,
501 704 639 784 alii,
687 703 756 769 id
803 705 974 790 quod
1023 703 1527 769 Wilamowitzio
1574 705 1837 790 eiusque
1872 685 2197 790 ‘discipulo
2244 706 2521 790 plerum-

225 834 353 897 que
400 811 640 896 placet,
685 811 900 876 causis
939 810 1205 876 omnino
1247 831 1382 875 non
1427 810 1693 895 additis,
1740 810 1853 876 sed
1900 809 2091 876 dictis
2136 812 2520 896 temerariis,

229 918 504 1002 ineptis,
553 917 966 1002 arrogantiae
1013 918 1242 1001 plenia.

410 1023 549 1090 Nec
593 1025 700 1090 hic
747 1025 1126 1109 negaverim
1161 1045 1280 1089 nec
1327 1045 1613 1108 unquam
1658 1023 1924 1110 negavi,
1970 1024 2189 1109 plures
2237 1025 2406 1090 vitas
2450 1027 2519 1091 in

228 1133 526 1198 Violario
573 1135 868 1197 extantes
913 1153 1178 1216 prorsus
1227 1130 1304 1196 de
1363 1129 1597 1196 Suidae
1652 1130 1859 1197 lexico
1915 1131 2221 1216 pendere,
2276 1153 2385 1196 seu
2444 1131 2522 1196 de

227 1241 558 1306 codicibus
616 1237 1077 1321 manuscriptis
1135 1258 1250 1302 seu
1296 1237 1372 1302 de
1421 1237 1831 1316 editionibu8‚
1897 1237 2070 1324 quod
2116 1261 2307 1322 quam
2358 1237 2521 1304 diffi-

230 1347 354 1412 cile
401 1345 760 1412 diiudicatu
806 1343 1130 1428 sit-nemo
1177 1344 1382 1409 nescit
1430 1342 1747 1428 (attamen
1784 1343 2093 1410 Aldinam
2138 1346 2209 1410 in
2251 1346 2520 1410 nonnul·

231 1455 316 1519 lis
361 1454 514 1518 vitis
565 1451 971 1538 suppositam
1009 1471 1148 1516 esse
1187 1449 1527 1534 probabile
1566 1449 1715 1536 est),
1762 1451 1941 1516 cuius
1980 1451 2074 1516 rei
2112 1451 2309 1518 haece
2351 1453 2523 1517 lucu-

227 1561 591 1626 lentissima
647 1557 806 1623 mihi
869 1557 1225 1623 offeruntur
1281 1557 1601 1650 exempla,
1658 1557 1713 1622 si
1760 1558 2016 1625 silentio
2064 1558 2365 1625 omittam
2413 1582 2521 1624 eas

223 1668 424 1752 vitas,
489 1689 652 1751 quae
715 1665 785 1729 in
846 1676 1124 1749 utroque
1187 1665 1354 1729 libro
1413 1687 1490 1728 ex
1548 1664 1811 1730 scholiis
1870 1665 1951 1730 ad
2006 1665 2520 1751 Aristophanem

224 1775 575 1856 fluxerunt,
625 1795 740 1836 seu
802 1771 884 1836 ad
941 1771 1204 1837 verbum
1267 1771 1628 1856 descriptae
1694 1793 1807 1836 seu
1866 1773 2323 1864 neglegentius
2379 1772 2522 1837 bre-

229 1882 464 1946 viatae.
553 1903 611 1944 v.
660 1872 1108 1963 Ἀρχέδικος
1161 1877 1323 1943 Eud.
1363 1877 1504 1943 add.
1562 1877 1836 1943 alteram
1896 1875 2129 1946 Suidae
2184 1880 2389 1966 vitam
2446 1901 2523 1944 ex

227 1987 514 2070 Polybio
561 1986 1012 2072 compilatam3
1057 2009 1116 2050 v.
1149 1979 1437 2062 Ἰσαῖος
1481 1984 1682 2050 habet
1725 1985 1901 2052 vitae
1951 1993 2203 2071 partem
2241 2011 2319 2052 ex
2358 1986 2522 2052 Har-

229 2093 606 2178 pocratione
672 2116 710 2157 a
771 2090 970 2158 Suida
1033 2091 1510 2176 depromptam,
1574 2096 1971 2186 quapropter
2026 2091 2369 2177 Hermippi
2427 2093 2521 2157 lo-

227 2224 376 2266 cum
423 2201 505 2264 ab
552 2198 1071 2284 Harpocratione
1119 2197 1452 2262 laudatum
1508 2203 1781 2281 uterque
1841 2197 2064 2262 omisit
2118 2220 2237 2263 nec
2307 2199 2523 2263 minus

223 2307 546 2373 Demetrii
591 2306 916 2390 Magnetis
971 2305 1212 2370 librum
1269 2303 1344 2369 ἐν
1396 2315 1539 2381 τοῖς
1584 2301 1733 2389 περὶ
1790 2299 2169 2389 ὁμωνύμων
2224 2305 2521 2388 ποιητῶν

225 2415 403 2497 [add.
437 2411 547 2479 καὶ
585 2410 1091 2499 συγγραφε’ων],
1137 2411 1376 2478 additis
1423 2435 1499 2476 ex
1548 2411 1679 2476 alio
1726 2413 1905 2477 fonte
1936 2413 2054 2478 ,vel
2102 2435 2179 2477 ex
2226 2412 2523 2478 uberiore

219 2520 766 2606 Harpocrationis
823 2520 992 2584 libro
1004 2517 1058 2606 ²)
1106 2519 1320 2584 verbis
1369 2506 1567 2596 οὗτος
1616 2555 1695 2566 --
1744 2515 2182 2602 προαγαγῶνς
2230 2542 2285 2585 v.
2324 2522 2394 2582 K
2404 2542 2522 2582 αι-

219 2632 486 2705 κίλιος
531 2651 578 2692 s.
607 2628 714 2692 fin.
760 2625 1028 2711 praebet
1065 2624 1297 2691 Suidae
1336 2646 1566 2710 nugas,
1614 2647 1774 2709 quas
1814 2625 2267 2710 interpolatori
2304 2625 2523 2690 deberi

219 2737 464 2802 iniuria
501 2735 753 2801 obtinet
791 2733 1000 2799 Pulch
1039 2757 1100 2818 p.
1136 2735 1245 2816 76,
1289 2733 1428 2810 πῶς
1475 2729 1550 2797 δὲ
1591 2727 1918 2810 Ἰουδαῖος
1962 2727 2173 2817 σοφὸς
2220 2727 2395 2798 οὕτω
2440 2727 2523 2796 τὰ

209 2840 575 2926 Ἑλληνικὰ
622 2842 822 2907 τοῦτο
867 2835 1214 2925 θαυμάζω,
1262 2861 1425 2925 quae
1470 2840 1544 2905 in
1589 2839 1773 2904 libris
1814 2839 1987 2904 varie
2026 2839 2349 2926 leguntur,
2392 2839 2521 2904 nisi

221 2951 448 3035 potius
495 2951 800 3014 lectorem
847 2948 1132 3031 aliquem
1177 2949 1308 3012 iam
1356 2947 1673 3031 epitomes
1716 2947 1999 3032 margini
2036 2969 2113 3012 ea
2148 2945 2522 3031 appinxisse

221 3056 610 3141 suspicaris;
655 3079 712 3121 v.
751 3049 1263 3139 Μενεκράτης
1309 3054 1450 3120 add.
1479 3053 1694 3118 locum
1739 3052 1970 3118 Athen.
1996 3052 2127 3116 VII
2173 3075 2233 3136 p.
2262 3053 2393 3116 289
2438 3053 2520 3116 ab

219 3163 560 3248 Hesychio
617 3184 884 3248 prorsus
942 3160 1252 3244 alienum3
1309 3183 1365 3225 V.
1411 3164 1488 3224 N
1493 3155 1732 3236 όννος
1778 3159 1919 3225 add.
1958 3181 2033 3224 ex
2082 3157 2317 3224 Suidae
2364 3159 2521 3224 arti·

219 3269 378 3337 culo
433 3265 704 3334 Νόνναι
761 3266 872 3354 (cf.
927 3266 1130 3331 Pulch
1185 3290 1246 3351 p.
1293 3265 1433 3350 76),
1503 3288 1894 3350 quamquam
1956 3266 2155 3330 etiam
2212 3265 2354 3329 fieri
2410 3286 2523 3348 po-

222 3379 390 3460 test,
437 3380 510 3440 ut
557 3399 634 3439 ex
674 3373 872 3439 Anth.
908 3372 1116 3438 Palat.
1155 3373 1373 3439 codice
1419 3373 1767 3458 desumpta
1814 3372 1947 3436 sint
1992 3371 2101 3458 (cf.
2133 3369 2379 3437 Jacobs
2426 3371 2521 3436 VI

223 3509 290 3569 p.
321 3479 554 3568 LXV);
594 3505 649 3546 v.
689 3480 992 3565 Πέτρος
1027 3478 1170 3543 add.
1209 3477 1442 3544 Suidae
1480 3479 1683 3544 verba
1718 3477 2103 3562 deprompta
2141 3500 2218 3542 ex
2256 3478 2522 3542 Menan·

224 3590 352 3655 dro
407 3612 468 3673 p.
497 3589 627 3653 429
683 3587 900 3670 Nieb.;
955 3609 1011 3652 v.
1043 3581 1432 3678 Ποτάμων
1479 3589 1656 3650 Μιτ.
1712 3583 2007 3650 adiunxit
2054 3583 2288 3650 Suidae
2344 3585 2520 3670 glos-

225 3718 376 3762 sam
412 3697 529 3759 καί
563 3715 722 3760 ποτε
757 3731 828 3740 -
865 3697 1209 3777 πολεμεῖν,
1257 3715 1312 3758 v.
1352 3691 1622 3776 Σῆμος
1656 3691 1924 3776 praebet
1960 3692 2159 3757 verba
2194 3691 2267 3756 ἐν
2303 3687 2519 3779 τούτῳ

225 3904 514 3996 exposuit,
560 3921 726 3974 quem
773 3921 952 3973 neque
997 3903 1200 3958 Suidae
1245 3919 1424 3972 neque
1461 3901 1746 3958 Eudociae
1798 3853 2097 3988 articulum
2145 3918 2393 3971 unquam
2440 3902 2523 3956 vi-

223 3987 380 4041 disse
419 3985 629 4055 opinor.

377 4066 429 4133 1)
467 4064 521 4118 Is
557 4081 894 4133 quamquam
931 4065 1111 4119 totam
1150 4063 1531 4132 quaestionem
1563 4081 1675 4118 non
1713 4062 2081 4129 examinavit,
2117 4063 2308 4116 tamen
2344 4061 2523 4115 omni-

225 4147 336 4202 bus
383 4143 442 4196 in
486 4144 651 4212 locis,
698 4143 943 4212 exempli
987 4144 1172 4214 gratia
1219 4143 1374 4199 Stud.
1415 4163 1470 4213 p.
1511 4149 1639 4211 129,
1686 4145 1955 4212 tanquam
2001 4141 2145 4196 nulli
2184 4141 2525 4198 dubitationi

227 4223 475 4280 obnoxia
513 4224 613 4290 sit,
650 4225 718 4279 de
759 4241 826 4279 ea
859 4223 1124 4293 loquitur.
1210 4279 1216 4284 ,

375 4305 432 4372 2)
479 4304 562 4358 De
599 4303 787 4360 indole
826 4301 1106 4373 codicum,
1145 4304 1343 4372 quibus
1380 4303 1841 4374 Harpocrationis
1880 4303 2097 4359 lexicon
2140 4303 2300 4408 nobis
2338 4314 2524 4360 serva—

225 4387 357 4440 tum
394 4386 506 4454 est,
545 4383 615 4440 cf.
653 4383 899 4476 Boysen,
938 4385 1006 4459 de
1044 4384 1215 4455 Harp.
1253 4383 1392 4440 font.
1431 4403 1483 4453 p.
1518 4392 1565 4439 6.
