3025 4892
555 238 688 307 244
1505 236 1894 301 APPENDIX.
1998 232 2009 241 ’

555 402 833 494 μερικήν
879 409 1269 496 προσῳδίαν
1304 404 1414 473 καὶ
1451 405 1579 493 τὴν
1617 402 1989 492 καθολικὴν
2031 401 2522 493 συνεγράψατο,
2558 398 2688 472 ὑπὸ
2732 405 2868 471 τοῦ

555 510 766 579 αὐτοῦ
813 509 1304 602 αὐτοκράτορος
1347 517 1819 601 παρακληθείς.
1909 509 2239 599 καθολικὴ
2288 511 2363 578 δὲ
2410 513 2698 597 λέγεται,
2755 508 2868 577 ὅτι

554 614 682 687 ἀπὸ
748 619 1263 706 μονοσυλλάβου
1326 620 1561 700 λέξεως
1626 620 1752 699 ἕως
1812 617 2269 704 ἑξασυλλάβου
2324 615 2868 704 παραλαμβάνει.

554 726 628 793 έν
685 716 728 813 ᾖ
775 724 935 813 μετὰ
982 725 1059 794 τὸ
1105 724 1272 809 πρὸς
1325 726 1611 815 Μάρκον
1654 731 2013 814 προοίμιον
2063 723 2239 824 οὕτω
2285 723 2408 812 τὴν
2456 728 2865 816 προσῳδίαν

499 852 526 893 ⁶
555 828 855 920 ὁρίζεται.
951 833 1083 917 [καὶ
1141 837 1432 901 τοσαῦτα
1489 832 1613 920 μὲν
1674 837 1830 919 περί
1878 858 1947 900 τε
1987 830 2440 902 Ἀπολλωνίου
2490 832 2603 899 καὶ
2640 829 2868 917 Ἡρω-

556 941 844 1023 διανοῦ.]
949 993 956 999 .

1655 1086 1754 1152 II.

1216 1208 1386 1275 vita
1431 1208 1718 1277 Claudii
1764 1208 2160 1275 Ptolemaei

737 1328 951 1421 Οὗτος
1004 1336 1041 1408 6
1090 1347 1506 1428 Πτολεμαῖος
1560 1366 1727 1410 κατα
1784 1339 1941 1419 τοὺς
1990 1338 2349 1432 Ἀδριανοῦ
2408 1340 2532 1426 μεν
2588 1339 2865 1428 ἤνθησε

557 1443 874 1534 χρόνους,
930 1447 1244 1534 διήρκησε
1294 1448 1369 1515 δὲ
1417 1449 1529 1515 καὶ
1575 1448 1764 1535 μέχρι
1812 1445 2104 1533 Μάρκου
2146 1448 2256 1516 καὶ
2298 1444 2749 1533 ’Λντωνίνου,
2812 1475 2867 1533 ῳ

558 1552 778 1643 χρόνῳ
844 1554 954 1621 καὶ
1020 1552 1327 1641 Γαληνὸς
1392 1557 1652 1643 ἰατρικῇ
1718 1557 2115 1641 διεφαίνετο·
2163 1553 2275 1621 καὶ
2326 1550 2756 1641 Ηρωδιανὸς
2826 1550 2864 1620 6

480 1680 530 1721 ιο
557 1658 1006 1747 γραμματικὸς
1051 1661 1163 1728 καὶ
1189 1658 1599 1750 Ἑρμογένης
1647 1658 1682 1728 6
1726 1662 1876 1748 περὶ
1914 1662 2145 1748 τέχνης
2179 1660 2444 1747 γράψας
2479 1662 2869 1748 ῥητορικῆς.

556 1770 818 1852 πρῶτος
865 1766 940 1835 δὲ
977 1764 1134 1853 παρ’
1162 1765 1480 1854 ”Ελλησιν
1529 1764 1566 1836 6
1615 1772 1780 1847 Χίος
1817 1770 2187 1853 Οἰνοπίδης
2220 1765 2335 1847 τὰς
2372 1763 2870 1854 άστρολογικάς

555 1873 898 1959 μεθόδους
942 1870 1293 1959 ἐξήνεγκεν
1340 1876 1434 1953 εἰς
1478 1874 1767 1961 γραφήν.
1842 1875 2227 1963 ἑγνωρίζετο
2268 1871 2344 1941 δὲ
2378 1872 2543 1940 κατὰ
2582 1871 2667 1942 τὰ
2702 1876 2867 1961 τέλη

555 1982 680 2046 τοῦ
724 1983 1370 2065 Πελοποννησιακοῦ
1425 1980 1723 2065 πολέμου
1778 1977 1934 2047 καθ’
1988 1974 2071 2047 ὃν
2125 1976 2364 2065 καιρὸν
2410 1980 2521 2047 καὶ
2567 1986 2870 2067 Γοργίας

555 2082 595 2151 6
657 2083 882 2172 ρήτωρ
939 2112 1028 2172 ην
1075 2086 1187 2154 καὶ
1235 2084 1479 2171 Ζήνων
1526 2084 1564 2153 6
1606 2083 1912 2172 Ἐλεάτης
1954 2086 2068 2154 καὶ
2104 2083 2491 2174 Ἡρόδοτος,
2544 2114 2641 2216 ῳς
2689 2094 2877 2157 ἔνιοί

481 2210 532 2251 1⁵
559 2194 890 2278 φασκν),
940 2188 975 2259 6
1025 2190 1388 2280 ἱστορικός,
1438 2188 1474 2259 6
1511 2181 2087 2279 Ἁλικαρνασσεύς.
2170 2191 2329 2279 μετὰ
2377 2192 2452 2260 δὲ
2494 2193 2620 2262 τὸν
2660 2200 2868 2264 Οἰνο-

557 2302 763 2385 πίδην
811 2296 1112 2381 Εὔδοξος
1167 2299 1271 2367 ἐπὶ
1317 2297 1723 2389 ἀστρολογία
1777 2298 1983 2380 δόξαν
2028 2297 2398 2387 ηνεγκε<ν>
2456 2298 2540 2368 οῦ
2585 2302 2867 2389 μικράν,

560 2403 991 2492 συνακμάσας
1036 2404 1352 2474 Πλάτωνι
1406 2408 1496 2495 τῷ
1554 2403 1911 2496 φιλοσόφῳ
1970 2405 2080 2472 καὶ
2128 2411 2389 2496 Κτησίᾳ
2447 2410 2538 2497 τῷ
2593 2412 2869 2498 Κνιδίῳ

562 2511 866 2599 ἰατρικήν
910 2537 981 2580 τε
1025 2508 1346 2580 ἀσκοῦντι
1393 2512 1504 2579 καὶ
1556 2514 1853 2601 ἱστορίας
1896 2508 2380 2601 ἀναγράφοντι.
2480 2530 2486 2534 ’

1634 2710 1777 2777 111.

1449 2833 1621 2901 vita
1668 2834 1964 2918 Oppiani

735 2963 1086 3046 Ὀππιανὸς
1130 2962 1260 3033 ἀπὸ
1309 2960 1668 3051 Κωρύκου,
1715 2963 1971 3045 πόλεως
2010 2972 2334 3053 Κιλικίας,
2380 2967 2632 3056 πατρὸς
2676 2967 2865 3055 εὐγε-

483 3103 537 3142 20
562 3077 729 3153 νοῦς
772 3074 884 3141 καὶ
929 3078 1258 3141 πλουσίου
1303 3073 1771 3158 ἐξορισθέντος
1815 3069 1945 3140 ὑπὸ
1993 3078 2114 3141 τοῦ
2159 3075 2504 3159 βασιλέως,
2556 3102 2859 3163 γραμμα-

561 3176 744 3258 τικὸς
786 3180 897 3247 καὶ
944 3176 1253 3259 ἐποποιὸς
1291 3180 1395 3247 ἐπὶ
1435 3175 1728 3266 Μάρκου
1760 3176 2167 3250 ’Λντωνίνου
2203 3180 2520 3269 γεγονώς,-
2566 3180 2739 3270 πρὸς
2778 3178 2861 3250 ὃν

565 3292 812 3376 ἔγραψε
863 3286 942 3355 τὰ
1001 3286 1241 3356 ἑαυτοῦ
1297 3284 1631 3373 ποιήματα
1687 3282 2083 3356 ἆλιευτικῶν
2139 3292 2368 3373 βιβλία
2416 3288 2644 3374 πέντε,
2698 3315 2859 3356 κυν-

565 3397 888 3481 ηγετικῶν
942 3398 1167 3480 βιβλία
1214 3398 1256 3461 δ
1265 3392 1306 3479 ’,
1363 3394 1707 3475 ἰξευτικῶν
1754 3392 1838 3458 δ’.
1932 3392 2342 3480 [ἐδωρήσατο
2389 3393 2466 3461 δὲ
2509 3397 2719 3462 ταῦτα
2765 3397 2857 3485 τῷ

711 3598 736 3643 1
791 3586 1060 3660 μετρικὴν
1109 3589 1246 3644 Par.
1308 3584 1615 3658 Ὁμηρικὴν
1663 3590 1815 3642 recte
1866 3588 2007 3643 coni.
2065 3588 2323 3645 Osannus
2517 3590 2619 3644 τοῦ
2676 3583 2853 3643 αὐτοῦ

567 3665 792 3739 αὖτοκρ.
826 3672 982 3738 Par„
1020 3669 1079 3723 in
1119 3668 1240 3724 eod.
1271 3668 1422 3739 Syzb.
1461 3664 1641 3722 αὐτοῦ
1678 3668 1906 3737 propter
1943 3669 2297 3737 sequentium
2334 3669 2620 3725 literarum
2660 3667 2851 3723 simili-

565 3750 818 3806 tudinem
857 3749 1065 3805 excidit
1192 3756 1224 3803 2
1261 3744 1518 3803 καθόλου
1557 3749 1678 3804 cod.
1718 3747 1870 3817 Syll).
2025 3755 2057 3802 3
2096 3743 2170 3811 ὥς
2211 3744 2359 3814 ἕξασ.
2406 3748 2561 3817 Par„
2600 3746 2709 3812 ἕως
2745 3752 2853 3803 δισ.

569 3830 722 3900 Sylb.
869 3836 902 3884 5
940 3829 1034 3883 καὶ
1078 3860 1141 3868 -
1181 3828 1274 3883 fin:
1315 3845 1425 3883 om.
1464 3829 1597 3884 Par.

709 3909 761 3963 II
836 3914 866 3964 '7
903 3910 1004 3963 τοῦ
1043 3940 1110 3949 —
1149 3903 1354 3979 χρόνον
1391 3909 1582 3964 Lentz.
1657 3908 1928 3963 Hadriani
1964 3908 2289 3964 memoriam
2328 3925 2437 3962 om.
2476 3908 2689 3964 Suidas

568 3994 635 4043 16
672 3985 1040 4058 ἀστρολογίαν
1079 3990 1138 4042 et
1171 3986 1317 4043 infra
1353 3982 1632 4057 Κτησιάδι
1672 3989 1791 4044 cod.

708 4069 788 4122 III
851 4074 922 4121 20
959 4062 1072 4121 ἀπὸ
1112 4068 1232 4123 cod.
1299 4066 1559 4123 Ceterum
1598 4068 1667 4124 of.
1688 4069 1983 4123 Westerm.
2022 4086 2078 4139 p.
2110 4075 2194 4138 64,
2223 4074 2258 4123 4
2284 4065 2353 4123 τὰ
2384 4065 2489 4138 μὲν
2517 4062 2659 4122 ἄλλα
2686 4064 2855 4122 πλού-

566 4168 684 4212 σιος
730 4152 788 4203 et
837 4154 902 4203 13
951 4145 1022 4203 ἔν.
1058 4149 1126 4218 τῇ
1175 4143 1328 4220 νήσῳ
1378 4179 1445 4187 -
1495 4142 1759 4218 ἔξωρισεν
1921 4169 2124 4219 γραμμ.
2174 4147 2270 4203 καὶ
2317 4144 2424 4218 gna,
2470 4167 2717 4218 γεγονως
2764 4144 2855 4202 ἐπὶ

565 4234 646 4285 Μ.
681 4223 809 4283 Ἀντ.
852 4231 974 4301 βασ.
1014 4227 1224 4283 Suidas
1335 4234 1408 4282 23
1444 4226 1512 4294 ἰξ.
1553 4222 1611 4298 β’
1650 4229 1883 4297 Suidas,
1922 4229 2213 4284 librarium
2250 4231 2482 4299 propter
2517 4228 2853 4298 praecedens

566 4304 625 4363 δ’
674 4324 887 4362 errasse
939 4310 1104 4376 putat
1140 4308 1399 4375 ,Au-eselci,
1451 4308 1521 4362 de
1568 4300 1824 4379 Oppiano
1877 4329 1929 4379 p.
1958 4316 2054 4381 103
2108 4309 2397 4378 sequent-‚ia
2445 4324 2481 4362 a
2532 4306 2853 4379 neglegenti

568 4388 776 4441 lectore
815 4388 1012 4441 addita
1046 4389 1309 4442 videntur
