3025 4892
1077 192 1506 249 HESYCHIUS.
2140 192 2147 199 ’
2310 192 2438 255 115

335 353 784 420 CCCCXXVI.
845 356 948 435 [K
959 353 1366 440 αισάρειος
1414 348 1449 420 ὁ
1499 358 1564 420 Γ
1556 357 1881 439 ρηγορίου
1922 356 2045 418 τοῦ
2100 352 2439 438 θεολόγου

143 456 450 545 ἁδελφός.
543 464 792 545 ἔγραψε
840 458 1137 546 διάφορα
1181 460 1291 527 καὶ
1339 458 1503 527 κατὰ
1544 456 1933 545 Ἑλλήνων]

327 566 812 635 GOGGXXVII.
879 572 1239 646 Καλλίας
1281 563 1640 652 Ἀθηναῖος
1682 565 1993 652 κωμικός,
2042 563 2190 645 υίὸς
2230 572 2434 631 Λυσι-

143 670 390 759 μάχου,
456 668 532 751 ὃς
597 671 933 759 ἐπεκλήθη
992 678 1335 758 Σχοινίων
1401 671 1514 740 διὰ
1580 671 1655 741 τὸ
1715 672 2206 759 σχοινοπλόκου
2263 670 2437 739 εἶναι

141 780 407 863 πατρός.
479 770 562 845 οὗ
604 777 910 865 δράματα
950 777 1336 865 Αἰγύπτιος,
1378 776 1759 867 Ἀταλάντη,
1797 779 2179 865 Κύκλωπες,
2220 782 2435 865 Πεδῆ-
2468 800 2492 839 5

143 913 284 971 ται,
331 884 698 973 Βάτραχοι,
747 885 1218 973 Σχολάζοντες.

325 993 845 1061 CCCCXXVIII.
883 999 948 1059 Κ
959 998 1245 1080 αλλίμα
1255 1020 1339 1079 χο
1358 1022 1390 1074 ς
1419 992 1567 1073 υίὸς
1596 993 1859 1061 Βάττου
1889 994 1997 1061 καὶ
2028 997 2439 1078 Μεγατίμας,

149 1106 537 1187 Κυρηναῖος
592 1098 1077 1187 γραμματικός,
1133 1100 1436 1188 μαθητὴς
1471 1097 1966 1188 Ἑρμοκράτους
2010 1104 2133 1167 τοῦ
2176 1094 2439 1177 Ἰασέως

147 1210 629 1293 γραμματικοῦ,
676 1205 968 1293 γαμετὴν
1015 1206 1305 1294 ἐσχηκώς
1349 1205 1472 1293 τὴν
1512 1206 1885 1295 Εὐφράτου
1928 1211 2049 1274 τοῦ
2089 1214 2437 1293 Συρακου-

149 1318 304 1379 σίου
354 1314 714 1399 θυγατέρα.
806 1312 1100 1399 ἀδελφῆς
1157 1313 1230 1381 δὲ
1289 1310 1498 1381 αὐτοῦ
1554 1328 1709 1393 παῖς
1762 1306 1850 1400 ἦν
1907 1310 1943 1381 ὅ
1992 1315 2147 1392 νέος
2192 1318 2434 1379 Καλλί-
2468 1334 2518 1371 1⁰

145 1446 352 1506 μαχος
417 1418 453 1488 ὁ
519 1419 781 1506 γράψας
845 1420 994 1507 περὶ
1060 1418 1290 1507 νήσων
1353 1418 1442 1487 δι’
1497 1422 1693 1488 ἐπῶν.
1787 1417 1960 1489 οὕτω
2025 1419 2099 1487 δὲ
2158 1421 2437 1505 γέγονεν

147 1526 678 1612 ἐπιμελέστατος,
753 1523 842 1605 ὡς
905 1524 1159 1611 γράψαι
1225 1526 1346 1613 μὲν
1409 1526 1745 1614 ποιήματα
1813 1530 1905 1606 εἰς
1967 1530 2105 1593 πᾶν
2171 1526 2437 1612 μέτρον,

143 1633 460 1715 συντάξαι
531 1633 606 1701 δὲ
659 1635 771 1700 καὶ
827 1631 1292 1719 καταλογάδην
1347 1640 1646 1701 πλεῖστα·
1708 1633 1819 1702 καὶ
1883 1638 2063 1700 ἔστιν
2120 1630 2300 1724 αὐτῷ
2356 1632 2434 1699 τὰ

143 1742 566 1826 γεγραμμένα
633 1747 859 1828 βιβλία
921 1737 1088 1825 ὑπὲρ
1153 1739 1232 1808 τὰ
1301 1740 1400 1808 ω’.
1512 1741 1615 1808 ἐπὶ
1683 1740 1755 1807 δὲ
1821 1744 1957 1808 τῶν
2020 1739 2287 1827 χρόνων
2352 1731 2437 1825 ἦν

147 1852 577 1933 Πτολεμαίου
629 1851 752 1915 τοῦ
805 1850 1261 1933 Φιλαδέλφου·
1325 1847 1485 1934 πρὶν
1543 1847 1617 1915 δὲ
1664 1850 1969 1935 συσταθῇ
2018 1850 2107 1937 τῷ
2155 1852 2437 1933 βασιλεῖ’,
2468 1865 2517 1905 15

145 1953 496 2040 γράμματα
535 1955 887 2021 ἐδίδασκεν
927 1956 1000 2021 ἐν
1023 1952 1350 2021 Ἐλευσῖνι
1387 1957 1749 2045 κωμυδρίω
1787 1958 1904 2042 τῆς
1927 1951 2440 2041 Ἀλεξανδρείας.

143 2060 251 2126 καὶ
310 2063 654 2149 παρέτεινε
709 2062 898 2149 μέχρι
955 2064 1076 2128 τοῦ
1134 2058 1516 2147 Εὐεργέτου
1570 2063 1937 2148 κληθέντος
1992 2066 2439 2148 Πτολεμαίου,

147 2162 561 2254 ὀλυμπιάδος
626 2167 788 2255 ρκζ,
855 2158 933 2253 ἧς
995 2166 1160 2235 κατὰ
1225 2166 1300 2235 τὸ
1371 2166 1690 2255 δεύτερον
1756 2174 1901 2247 ε”τος
1967 2165 2001 2236 ὅ
2071 2165 2443 2254 Εὐεργέτης

157 2280 566 2362 Πτολεμαῖος
627 2272 871 2363 ἤρξατο
938 2279 1053 2361 τῆς
1106 2279 1464 2360 βασιλείας.
1563 2277 1699 2341 τῶν
1755 2274 1830 2341 δὲ
1886 2272 2099 2341 αὐτοῦ
2156 2279 2440 2359 βιβλίων

147 2381 280 2448 ἐστὶ
321 2384 432 2449 καὶ
469 2386 712 2450 ταῦτα’.
742 2379 912 2462 Ἰοῦς
949 2380 1195 2469 ἄφιξις,
1235 2382 1521 2468 Σεμέλη,
1540 2379 1829 2469 ’Ἄργους
1866 2384 2183 2467 οἰκισμοί,
2215 2378 2439 2464 Ἀρκα-
2470 2398 2522 2438 20

152 2489 290 2573 δία,
337 2492 664 2575 Γλαῦκος,
711 2492 992 2573 ἐλπίδες,
1039 2486 1358 2575 σατυρικὰ
1409 2488 1735 2576 δράματα,
1778 2491 2164 2577 τραγῳδίαι,
2209 2512 2440 2576 κωμω-

155 2596 309 2680 δίαι,
348 2600 538 2683 μέλη,
555 2588 721 2683 Ἶβις
757 2600 925 2686 (ἔστι
965 2595 1040 2663 δὲ
1076 2601 1326 2680 ποίημα
1366 2596 1956 2681 ἐπιτετηδευμένον
1985 2598 2078 2672 είς
2106 2590 2439 2678 ἀσάφειαν

151 2701 254 2766 καὶ
299 2705 678 2788 λοιδορίαν,
724 2711 820 2782 εἴς
865 2728 1017 2769 τινα
1053 2693 1226 2786 Ιβιν
1270 2701 1642 2788 γενόμενον
1690 2699 1942 2791 ἐχθρὸν
1980 2698 2438 2786 Καλλιμάχου·
2510 2706 2525 2725 “

151 2796 232 2888 ἧν
271 2807 346 2875 δε
379 2798 576 2888 οὗτος
598 2806 1042 2887 Ἀπολλωνιος
1070 2804 1105 2874 ὁ
1138 2806 1399 2893 γράψας
1425 2807 1506 2874 τὰ
1531 2805 2061 2894 Ἀργοναντικά),
2100 2819 2441 2893 μουσεῖον,

151 2908 418 2985 πίνακες
471 2934 610 2975 των
677 2910 752 2975 ἐν
817 2905 998 2994 πάσῃ
1052 2909 1321 2972 παιδεία
1377 2906 1905 2992 διαλαμψάντων
1961 2904 2071 2973 καὶ
2130 2931 2228 2971 ων
2286 2922 2439 2970 συν·
2469 2931 2521 2970 25

295 3054 661 3111 CCCCXXVI
692 3057 868 3112 vitam
895 3056 1016 3127 ipse
1037 3055 1248 3110 Suidas
1265 3056 1486 3110 videtur
1516 3054 1869 3125 apposuisse:
1900 3056 1967 3111 cf.
2000 3053 2208 3109 Suid.s
2212 3045 2441 3106 ,13:666-

154 3134 265 3197 ξιος
301 3138 364 3190 eb
405 3140 570 3206 Γρηγ.
613 3140 756 3203 Ναζ.

287 3215 682 3272 CCCCXXVII
720 3217 799 3272 Cf.
839 3216 1095 3272 Meineke
1133 3218 1158 3271 I
1195 3236 1248 3287 p.
1285 3221 1390 3269 213
1524 3222 1556 3270 4
1594 3216 1701 3270 hoc
1740 3233 2047 3286 cognomen
2086 3215 2313 3269 Cratino
2352 3230 2442 3267 ac-

155 3298 378 3363 ceptum
415 3297 610 3356 tulisse
647 3298 963 3368 suspicatus
993 3301 1080 3352 est
1107 3298 1356 3352 Meineke
1463 3303 1495 3350 6
1534 3293 1568 3365 ἢ
1608 3300 1772 3367 Bato.
1805 3298 1977 3352 Daub
2078 3297 2136 3349 in
2173 3300 2444 3348 Avat

155 3373 380 3430 additur
417 3374 569 3444 ζήτει
606 3376 736 3445 περὶ
770 3379 1016 3431 Καλλίου
1057 3372 1120 3431 ἐν
1158 3376 1232 3448 τῷ
1268 3372 1601 3446 Ἀριστείδης

290 3454 708 3509 CCCCXXVIII
745 3456 895 3511 Eud.
926 3476 980 3526 p.
1004 3462 1122 3512 441.
1175 3456 1254 3512 Cf.
1288 3456 1609 3525 Schneider,
1641 3458 1858 3513 Gallim.
1889 3458 1941 3511 ΙΙ
1969 3476 2023 3527 p.
2056 3464 2089 3512 3
2112 3475 2225 3525 seq.
2264 3457 2443 3524 Dauh,

156 3529 218 3583 de
256 3532 412 3589 Suid.
441 3554 494 3605 p.
523 3542 630 3591 460
651 3552 764 3605 seq.
805 3540 863 3591 eb
901 3536 1058 3592 Stud.
1087 3555 1140 3605 p
1182 3542 1249 3591 83
1364 3544 1393 3593 ’1
1431 3540 1769 3608 Μεγατίμας
1808 3554 1943 3592 corr.
1983 3537 2443 3601 Hemsterhusiu8‚

156 3611 466 3683 Μεσάτμας
501 3618 648 3686 vuly.
799 3622 831 3669 8
870 3612 1252 3686 γραμματικός
1289 3636 1396 3673 om.
1436 3618 1589 3672 Eud.
1744 3619 1844 3673 τοῦ
1881 3610 2100 3679 Ἰασέως
2129 3648 2195 3657 —-
2223 3613 2442 3685 γράψαι

156 3708 254 3755 μεν
293 3712 403 3748 om.
434 3696 585 3749 Eud.
711 3702 774 3749 10
802 3690 1152 3764 θυγατρός-Ὺ
1266 3704 1324 3749 11
1362 3694 1575 3765 ἔγραψε
1604 3696 1790 3750 καὶ-
1812 3695 2132 3765 συνέγραψε
2163 3695 2261 3749 καὶ
2289 3697 2441 3749 Eud.

156 3761 314 3835 οὗτος
342 3789 446 3843 pro
477 3768 623 3828 οῦτω
652 3774 822 3829 Daub
973 3781 1036 3828 14
1071 3770 1386 3830 όκτωκόσια
1420 3780 1518 3828 Av
1631 3772 1724 3831 ἐπὶ
1758 3780 1924 3831 Πτολ.
1964 3779 2078 3831 Φιλ.
2114 3774 2305 3845 μέχρις
2341 3777 2442 3829 τοῦ

159 3846 473 3923 Εὐεργέτου
503 3854 798 3923 παρέτεινε
831 3856 926 3910 rel.
959 3855 1179 3911 omissis
1199 3857 1351 3910 Eud.
1466 3862 1532 3910 15
1563 3858 1917 3925 συσταθῆναι
1944 3856 2271 3926 praeferunt
2302 3856 2443 3909 Por—

158 3933 240 3983 tus
268 3935 326 3986 et
345 3934 618 3988 Kusterus
728 3942 790 3990 18
822 3934 891 3989 de
922 3935 1240 4006 olympiade
1280 3936 1348 3991 of.
1381 3936 1621 4005 Clinton‚
1649 3937 1777 3991 fast.
1808 3937 1885 3989 111
1913 3954 1965 4004 p.
2001 3942 2065 3989 15
2178 3942 2243 3989 19
2275 3930 2441 4005 ὀλυμ-

161 4008 356 4074 πιάδος
382 4018 530 4065 BVE
569 4008 849 4084 ὀλυμπιάς
876 4016 972 4069 rel.
1085 4013 1148 4070 δὲ
1188 4019 1318 4071 ante
1348 4013 1468 4086 ρκζ’
1502 4033 1608 4071 om.
1641 4021 1686 4067 V
1721 4016 1934 4070 habent
1961 4017 2067 4071 rel.
2099 4013 2162 4070 δὲ
2195 4006 2263 4085 ἦν
2296 4017 2441 4083 vuly.

163 4086 275 4153 ρκζ’
313 4097 461 4144 BVE
512 4089 813 4163 ἑκατοστῆς
861 4089 1103 4165 ἑβδόμης
1139 4101 1184 4148 A
1231 4096 1302 4149 ol.
1343 4093 1490 4164 ρκδ’,
1538 4112 1651 4164 qua
1693 4111 1928 4165 regnare
1977 4096 2164 4164 coepit
2204 4094 2445 4160 Philad„

161 4182 444 4237 perperam
481 4174 828 4229 nominatam
865 4174 1038 4228 fuisse
1076 4178 1241 4243 putat
1270 4176 1591 4230 Gutschmid
1712 4181 1781 4229 20
1820 4171 2073 4243 αἰκισμός
2110 4179 2155 4226 V
2262 4169 2445 4243 Ἀρκα-

166 4248 277 4301 διἀι
305 4256 400 4305 VE
546 4258 612 4307 22
644 4244 775 4325 Ιβις
815 4284 876 4291 -
912 4246 1305 4321 Ἀργοναυτικά
1345 4273 1452 4310 om.
1483 4255 1635 4309 Eud.
1677 4255 1766 4321 (cf.
1806 4255 2023 4308 UnterS.
2062 4273 2115 4323 p.
2144 4258 2233 4323 62)
2306 4252 2443 4325 μέλη

169 4321 395 4397 ἐρωτικὰ
435 4334 528 4388 vel
567 4330 864 4401 ἐπικήδεια
903 4334 1047 4387 coni.
1089 4334 1384 4390 Schneider
1528 4340 1595 4388 23
1623 4328 1772 4406 Ἴβον
1801 4340 1855 4386 .V

1946 4423 2019 4476 8*
