3025 4892
1456 255 1882 314 HESYCHIUS.

699 416 804 485 καὶ
848 420 1250 503 Κλέαρχος
1287 444 1322 484 ο
1364 414 1694 499 Ποντικὸς
1732 420 1883 499 νέος
1928 414 2026 487 ὢν
2073 424 2167 501 είς
2206 419 2496 508 Ἀθήνας
2534 418 2677 508 ἆφίι

505 520 802 592 ἀκοῦσαι
851 524 1235 606 Πλάτωνος.

697 632 1139 702 CCCCXLIX.
1216 638 1855 721 Κλεοβουλίνη
1918 638 2191 721 Λινδία,
2239 636 2547 724 θυγάτηρ
2607 644 2677 704 Κ.

501 738 770 825 βούλου
814 745 938 810 τοῦ
984 746 1224 829 σοφοῦ.
1305 746 1596 828 ἔγραψεν
1641 744 1762 827 ἔπη
1810 740 1920 808 καὶ
1968 747 2253 829 γρίφους
2297 745 2407 811 καὶ
2444 741 2519 812 τὸ
2570 742 2677 833 ᾆδ(

505 873 646 913 νον
700 852 791 928 εἰς
854 846 975 916 τόν
1039 846 1349 917 ἐνιαυτόν
1418 856 1725 934 αἴνιγμα,
1791 839 1904 932 [οὗ
1960 845 2000 937 ἡ
2056 848 2227 938 ἀρχή
2294 845 2410 932 ‘sig
2476 850 2511 920 ὁ
2572 874 2677 919 παπ

507 959 750 1034 παῖδες
797 954 872 1024 δὲ
920 955 1256 1041 δυώδεκα,
1302 960 1436 1023 τῶν
1487 956 1562 1024 δὲ
1609 955 1861 1048 ἑκάστῳ
1908 961 2140 1038 παῖδες
2182 958 2620 1045 τριάκοντα’.]

696 1073 980 1140 GCCCL.
1072 1070 1657 1158 Κλεόβουλος
1711 1069 2073 1160 Εὐαγόρου
2135 1076 2443 1160 Λίνδιος,
2518 1068 2613 1153 εἷς
2673 1106 2677 1117 ¹

507 1177 570 1259 ζ’
641 1174 1151 1265 ὀνομαζομένων
1217 1183 1481 1266 σοφῶν,
1555 1181 1742 1268 ῥώμῃ
1802 1181 1912 1248 καὶ
1976 1180 2201 1249 κάλλει
2267 1182 2607 1267 διαφέρων
2674 1214 2677 1223 ·

502 1282 660 1353 κατ’
719 1284 959 1370 αὐτόν,
1016 1286 1280 1374 μετέσχε
1337 1312 1404 1354 τε
1459 1289 1578 1372 τῆς
1630 1288 1704 1355 έν
1763 1286 2081 1378 Αἰγύπτῳ
2138 1292 2558 1374 φιλοσοφίας.
2646 1291 2670 1372 [

503 1420 668 1461 νετο
726 1392 800 1460 δὲ
857 1390 1038 1484 αὐτῷ
1094 1392 1400 1480 θυγάτηρ
1451 1398 1910 1480 Κλεοβουλίνη
1969 1395 2340 1481 ἑξαμέτρων
2396 1393 2677 1481 αἰνιγμῶ

499 1499 868 1587 ποιήτρια]
947 1490 1140 1581 οὗτος
1186 1505 1476 1588 ἔγραψεν
1524 1498 1783 1590 ᾄσματα
1830 1501 1941 1569 καὶ
1986 1506 2274 1589 γρίφους
2329 1506 2423 1582 εἰς
2472 1507 2589 1587 ε”πη
2637 1528 2672 1568 τ

501 1614 708 1695 χίλια.
811 1611 972 1691 [τῶν
1042 1607 1116 1676 δὲ
1183 1606 1537 1703 ᾀδομένων
1592 1606 1801 1677 αὐτοῦ
1861 1606 2259 1696 εὐδοκίμησε
2310 1608 2487 1677 τάδε.
2586 1604 2677 1694 Ἧᾳ

501 1720 628 1782 σία
673 1715 746 1783 τὸ
794 1716 998 1783 πλέον
1046 1718 1244 1804 μέρος
1300 1717 1373 1783 έν
1417 1718 1808 1802 βροτοῖσιν.’
1901 1718 2087 1803 ἔλεγέ
2127 1706 2196 1783 τε
2242 1714 2361 1784 τὸν
2409 1722 2611 1805 φίλον
2664 1742 2677 1781 ι

505 1820 920 1919 εὐεργετεῖν,
967 1820 1148 1902 ὅπως
1192 1827 1451 1909 μᾶλλον
1496 1814 1539 1911 ᾖ
1579 1829 1805 1910 φίλος,
1851 1820 1971 1890 τὸν
2019 1821 2092 1890 δὲ
2141 1821 2391 1909 ἐχθρὸν
2430 1828 2634 1910 φίλον
2673 1856 2677 1887 ;

500 1944 635 1998 εἴν.
719 1928 1038 2016 (εὐτυχῶν
1084 1927 1171 2015 μὴ
1235 1934 1348 1996 ἔσο
1404 1925 1865 2015 ὑπερήφανος,
1925 1926 2269 2019 ἀπορήσας
2322 1927 2411 2018 μὴ
2468 1954 2677 1997 ταπειι

497 2036 634 2115 τὰς
669 2032 1034 2121 μεταβολὰς
1069 2039 1186 2122 τῆς
1227 2034 1428 2121 τύχης
1469 2040 1801 2119 γενναίως
1837 2036 2148 2103 ἐπίστασο
2187 2036 2487 2122 φέρειν.’]
2564 2039 2677 2105 ε’τε,

498 2162 673 2227 τησε
722 2140 794 2208 δὲ
839 2140 1146 2228 γηραιός,
1197 2146 1308 2225 ἔτη
1354 2137 1548 2226 βιοὺς
1596 2139 1679 2207 ο·’.
1765 2139 2178 2229 [ἀπεφήνατο
2230 2141 2523 2210 (πάντων
2568 2144 2677 2229 μέτ

497 2249 838 2337 ἄριστον]
929 2250 1040 2316 καὶ
1087 2246 1358 2315 Σόλωνι
1408 2248 1777 2316 ἐπέστειλεν
1827 2246 2030 2321 οὕτωῗ
2090 2249 2358 2316 (πολλοὶ
2405 2252 2527 2335 μέν
2574 2276 2678 2316 τιν

501 2358 630 2424 σὶν
679 2356 926 2443 ἑταῖροι
973 2355 1085 2422 καὶ
1134 2352 1317 2433 οἶκος
1360 2352 1607 2442 πάντῃ,
1656 2354 1825 2440 φαμὶ
1870 2352 1933 2422 δ’
1968 2353 2095 2441 ἐγὼ
2131 2355 2627 2423 ποτανεστάταν

499 2474 682 2532 σθαι
746 2466 1015 2532 Σόλωνι
1078 2460 1202 2530 τὰν
1261 2466 1521 2530 Λίνδον
1590 2464 2253 2549 δαμοκρατευμέναν,
2319 2462 2428 2531 καὶ
2497 2459 2539 2528 ἆ
2604 2467 2675 2530 νό

502 2572 870 2657 πελαγία.’]

703 2678 1022 2746 CCCCLI.
1079 2678 1468 2765 Κλεοφῶν
1497 2672 1860 2762 Ἀθηναῖος
1894 2675 2220 2763 τραγικός.
2276 2680 2412 2745 των
2452 2676 2672 2772 δραμᾴ

663 2961 690 3008 1
731 2955 800 3010 de
836 2955 1073 3010 Pontico
1110 2955 1176 3009 of.
1215 2954 1377 3009 Phot.
1417 2952 1553 3007 bibl.
1593 2971 1645 3021 p.
1676 2958 1779 3006 222
1801 2969 1915 3022 seq.
2062 2961 2093 3007 2
2140 2954 2223 3007 De
2262 2954 2658 3010 additamentis

502 3038 666 3091 Mus.
704 3034 879 3092 Rhen.
920 3036 955 3091 l.
997 3052 1042 3091 c.
1115 3033 1278 3089 Nunc
1315 3036 1494 3090 totam
1532 3032 1709 3087 vitam
1750 3048 1785 3085 a
1822 3032 1995 3087 Suida
2032 3033 2282 3089 additam
2321 3036 2637 3104 putaverim

645 3115 1008 3179 'CCCCXLIX
1063 3124 1214 3179 Eud.
1262 3141 1316 3191 p.
1357 3128 1477 3177 447.
1564 3120 1725 3176 Vitas
1772 3122 2133 3177 cleobulinae
2183 3126 2241 3178 et
2288 3124 2542 3179 Cleobuli
2599 3142 2668 3195 pe

503 3208 682 3261 batas
720 3222 838 3259 esse
877 3203 1043 3258 docui
1079 3202 1218 3257 Mus.
1249 3202 1422 3256 Rhen.
1462 3201 1500 3254 1.
1540 3218 1586 3254 o.
1617 3219 1671 3270 p.
1702 3207 1824 3269 216,
1864 3218 1965 3256 nec
2005 3202 2188 3256 minus
2228 3204 2465 3258 alteram
2503 3204 2669 3259 vitam

508 3283 842 3339 ditamentis
875 3283 1268 3351 interpolatam
1308 3300 1373 3337 ex
1411 3282 1578 3351 Diog.
1617 3283 1667 3348 Ι,
1706 3288 1773 3336 89
1814 3284 1872 3336 et
1908 3287 1991 3336 91.
2068 3282 2147 3337 Cf.
2190 3284 2362 3338 etiam
2401 3284 2610 3353 Bergk,
2656 3286 2669 3337 ]

505 3368 620 3435 lyr.
651 3384 703 3435 p.
734 3371 854 3420 971.
915 3363 1079 3417 Hanc
1111 3362 1361 3431 suspicor
1397 3360 1691 3430 pristinam
1732 3362 2016 3430 utriusque
2053 3362 2294 3417 formam
2321 3363 2513 3418 fuisse:
2554 3367 2652 3418 Κλ.

509 3448 648 3513 δία,
685 3439 946 3514 θυγάτηρ
975 3446 1072 3496 Κλ.
1102 3442 1202 3496 τοῦ
1235 3442 1443 3510 σοφοῦ,
1483 3435 1806 3509 ἑξαμέτρων
1836 3438 2182 3513 αἰνιγμάτων
2212 3440 2491 3512 ποιήτρια.
2530 3447 2667 3497 ΚλειΙΙ

510 3531 630 3594 λος,
668 3521 848 3593 Εὐαγ.
885 3525 1139 3589 Λίνδιος,
1188 3520 1270 3583 εἷς
1313 3523 1425 3575 τῶν
1464 3525 1493 3587 ζ
1538 3516 1971 3591 ὀνομαζομένων
2010 3523 2229 3591 σοφῶν,
2276 3519 2434 3592 ῤ’ώμῃ
2481 3522 2579 3575 καὶ
2622 3544 2667 3576 m

511 3602 810 3675 διαφέρων
860 3604 972 3658 τῶν
1026 3596 1153 3657 κατ’
1209 3597 1410 3670 αὐτόν,
1466 3598 1695 3672 μετέσχε
1752 3600 1815 3656 δὲ
1870 3602 1968 3670 τῆς
2026 3597 2087 3656 ἔν
2139 3598 2400 3672 Αἰγύπτῳ
2455 3605 2665 3668 φιλοσοι

515 3683 770 3754 ἔγραψεν
809 3678 1036 3759 ᾅσματα
1074 3714 1139 3721 --
1179 3684 1462 3751 τρισχίλια.
1543 3677 1863 3750 ἐτελεύτησε
1896 3712 1965 3721 -
1998 3675 2155 3754 βιοὺς
2188 3676 2234 3734 ο’
2400 3688 2430 3733 3
2490 3684 2665 3753 Κλεοβ

513 3765 671 3819 Eud.
817 3772 850 3818 4
890 3762 1141 3834 ἔγραψεν
1179 3780 1286 3816 om.
1316 3768 1361 3814 V
1469 3763 1669 3831 γρίφια
1691 3763 1842 3817 Eud.
1991 3768 2024 3815 5
2062 3762 2130 3816 de
2170 3760 2344 3831 epigr.
2386 3761 2453 3817 cf.
2485 3760 2652 3815 Anth.

512 3843 664 3912 XIV,
706 3851 822 3899 101.
907 3843 1139 3897 Suidam
1187 3844 1461 3896 errantem
1510 3836 1959 3912 illud‘aenigma
1993 3842 2355 3897 Cleobulinae
2394 3840 2609 3895 dedisse
2646 3858 2663 3911 1

514 3926 719 3992 Hater,
757 3926 897 3981 Mus,
927 3925 1104 3979 Rhen.
1143 3922 1378 3976 XXXIII
1415 3940 1467 3991 p.
1509 3928 1613 3976 524

662 4012 881 4067 CCCCL
926 4017 992 4066 10
1021 4008 1342 4081 Κλεοβούλη
1381 4012 1709 4081 vu19.recte
1739 4015 1890 4064 ARV
2003 4017 2065 4065 12
2105 4010 2477 4079 interpolator
2515 4012 2663 4067 adscl

513 4111 586 4149 ex
621 4092 790 4148 schol.
821 4096 910 4147 Ar.
949 4090 1074 4159 Lys.
1118 4097 1250 4145 1237
1421 4097 1486 4144 13
1536 4092 1633 4144 δεῖ
1663 4096 1726 4157 V,
1774 4092 1921 4158 quod
1968 4108 2075 4145 reo.
2120 4092 2393 4147 Westerm.
2561 4098 2626 4146 17

516 4169 740 4241 φήνατο
777 4176 928 4223 ABv
976 4162 1138 4234 οὗτος
1183 4166 1280 4227 α’π.
1328 4172 1425 4226 rel.
1608 4177 1680 4226 20
1724 4174 2105 4241 δαμοκρατεΐν
2154 4169 2258 4238 μὲν
2301 4162 2403 4225 οὖν
2442 4175 2646 4224 ABVE

515 4256 749 4322 δημοκρ.
789 4270 1059 4321 suprascr.
1091 4255 1157 4321 V)
1196 4268 1332 4307 corr.
1377 4252 1628 4320 Toupius
1666 4253 2104 4321 δαμοκρατεῖται
2140 4252 2414 4305 Kusterus

515 4413 622 4469 crit
662 4331 912 4483 {ffatlgclss
948 4332 1100 4466 ξέιὸἅ.
1132 4351 1184 4402 p.
1206 4338 1326 4386 444.
1390 4331 1469 4385 Cf.
1498 4331 1779 4400 Welcker,
1819 4330 1908 4385 Gr.
1942 4332 2107 4401 Trag.
2136 4350 2192 4400 p.
2215 4336 2376 4398 101ος
2415 4327 2643 4401 Kayser,
