3025 4892
1119 240 1547 299 HESYCHIUS.
2348 244 2474 307 193

369 405 675 473 DCCXII.
743 404 1108 487 [Σέλλιος
1153 400 1194 490 ἢ
1235 408 1541 489 Σίλλιος,
1588 400 1625 470 ὁ
1672 404 1783 470 καὶ
1812 400 2131 491 Ὅμηρος,
2178 428 2473 490 γραμμα·

205 513 384 590 τικός.
469 508 777 597 περιοχὰς
826 509 1287 599 Μενάνδρου.]

369 617 718 685 DCCXIII.
776 616 1072 697 Σέξτος
1109 616 1519 705 Χαιρωνεύς,
1565 614 1973 704 ἀδελφιδοῦς
2007 614 2472 701 Πλουτάρχου,

200 721 475 808 γεγονὼς
518 721 685 790 κατὰ
734 722 1026 809 Μάρκον
1067 718 1473 792 Ἀντωνῖνον
1520 721 1641 790 τὸν
1689 728 2029 808 Καίσαρα,
2077 720 2475 808 φιλόσοφος,

201 829 487 916 μαθητὴς
528 828 907 917 ἹΙροδότου
950 832 1074 897 τοῦ
1125 833 1661 917 Φιλαδελφηνοῦ.
1742 820 1832 916 ἦν
1889 828 1963 896 δὲ
2024 832 2140 915 τῆς
2194 836 2475 915 Πυρρω·
2504 858 2528 896 5

199 941 375 1004 νείου
419 934 706 1023 ἀγωγῆς,
751 936 860 1003 καὶ
908 938 1235 1004 τοσοῦτον
1281 935 1447 1023 πρὸς
1493 941 1684 1022 τιμῆς
1719 939 1809 1026 τῷ
1856 942 2123 1023 βασιλεῖ
2152 926 2261 1021 ἦν,
2308 932 2475 1001 ὥστε

200 1042 304 1108 καὶ
331 1040 753 1122 συνδικάζειν
781 1038 977 1132 αὐτῷ.
1031 1046 1320 1128 ἔγραψεν
1349 1038 2087 1131 ἠθικά,’1ἐπισκεπτικά,
2116 1047 2341 1128 βιβλία
2371 1041 2419 1107 ι’
2443 1040 2475 1131 Ι.

360 1149 710 1217 DCCXIV.
784 1150 1073 1229 Σέξτος
1129 1153 1344 1234 Λίβυς
1399 1146 1791 1234 φιλόσοφος.
1882 1147 2192 1215 σκεπτικὰ
2248 1149 2322 1215 ἐν
2376 1153 2475 1234 βι·

197 1261 400 1341 βλίοις
448 1255 522 1342 ι’,
571 1256 995 1345 Πυρρώνεια.

361 1353 686 1432 DOOXV.‘
748 1364 1140 1451 Σέργιος
1187 1361 1636 1449 Ζευγματεύς,
1688 1358 2063 1448 Ἀφθονίου
2108 1359 2288 1447 υἱός,
2344 1358 2472 1429 ἀπὸ
2510 1390 2558 1429 ιο

193 1472 565 1559 δικηγόρων
636 1474 772 1539 τῶν
835 1467 1184 1556 ὑπάρχων,
1257 1470 1368 1536 καὶ
1431 1467 1635 1549 αὐτὸς
1696 1468 1992 1556 ὕπαρχος
2054 1472 2477 1556 πραιτωρίων

189 1578 476 1663 γεγονὼς
531 1578 642 1645 καὶ
696 1575 828 1644 ἀπὸ
881 1574 1158 1643 ὑπάτων
1211 1575 1320 1642 καὶ
1371 1582 1729 1664 πατρίκιος.
1820 1575 2174 1662 ἐπιτάφιον
2221 1578 2315 1653 εἰς
2358 1572 2478 1641 τὸν

191 1683 516 1771 σοφιστὴν
573 1684 684 1751 καὶ
740 1682 1040 1769 ἀδελφὸν
1092 1680 1302 1749 αὐτοῦ
1357 1688 1685 1769 Σαβῖνον.
1778 1688 2022 1771 ἔγραψε
2079 1680 2189 1749 καὶ
2248 1680 2478 1767 ἑτέραν

186 1794 424 1875 βίβλον
471 1788 641 1876 ὑπὲρ
688 1794 824 1857 τῶν
872 1788 1247 1874 δικολόγων
1295 1786 1460 1875 πρὸς
1500 1786 1930 1876 Ἀριστείδην.

363 1898 710 1965 DOGXVI.
801 1898 1162 1983 Σερῆνος
1225 1890 1260 1961 ὁ
1324 1895 1435 1960 καὶ
1491 1902 1727 1974 Αἴλιος
1790 1899 2226 1983 χρηματίσας,
2284 1890 2475 1979 Ἀθη-
2510 1921 2560 1961 15

186 2016 380 2081 νατος
423 2002 890 2090 γραμματικός.
954 1998 1272 2087 ἐπιτομὴν
1318 2002 1436 2086 τῆς
1485 2006 1794 2080 Φίλωνος
1838 2004 2286 2087 πραγματείας
2330 1998 2479 2083 περὶ

185 2109 448 2178 πόλεων
503 2110 612 2177 καὶ
668 2115 842 2189 τίνες
896 2106 1000 2194 ἐφ’
1063 2108 1334 2193 ἑκάστης
1381 2109 1675 2193 ἔνδοξοι,
1729 2113 1955 2194 βιβλία
2014 2106 2106 2194 γ’,
2166 2102 2483 2191 ἐπιτομὴν

184 2220 323 2283 τῶν
375 2217 743 2297 Φιλοξένου
789 2219 883 2294 εἰς
904 2212 1202 2301 Ὅμηρον
1249 2212 1338 2281 α’.

363 2322 745 2390 DCOXVII.
804 2325 1075 2407 Σῆμος
1115 2318 1369 2405 Δήλιος
1412 2316 1881 2405 γραμματικός.
1945 2324 2190 2407 ἔγραψε
2230 2326 2481 2405 Δηλια-

331 2481 579 2537 DCCXII
634 2482 716 2537 Cf.
754 2501 806 2538 v.
840 2474 1080 2551 Ὅμηρος
1118 2476 1365 2540 Σέλλιος.
1424 2477 1688 2547 Hesychii
1726 2495 1845 2533 esse
1883 2480 2057 2549 negat
2091 2480 2282 2548 Daub,
2322 2479 2481 2533 stud.

183 2584 238 2634 p.
274 2570 378 2618 115
563 2570 594 2617 2
641 2559 749 2630 πρὸ
788 2558 1132 2629 Μενάνδρου
1178 2559 1312 2614 libri
1357 2556 1569 2628 πατρὸς
1614 2558 1961 2627 Μενάνδρου
2010 2561 2307 2626 Kasterus,
2352 2558 2483 2628 περὶ

181 2640 534 2712 Μενάνδρου
581 2643 905 2697 dubitanter
957 2640 1227 2710 Toupius,
1273 2636 1543 2708 περιοχὰς
1587 2656 1726 2695 corr.
1778 2642 2053 2711 Meineke,
2111 2640 2284 2711 praef.
2333 2638 2479 2694 Men.

183 2744 237 2793 p.
267 2722 478 2777 XXXV
517 2723 644 2778 coll.
683 2743 735 2779 v.
761 2717 1002 2792 Ὅμηρος

326 2802 602 2856 DCCXIII
637 2804 788 2857 Eud.
819 2820 872 2871 p.
906 2807 1024 2855 650.
1082 2799 1164 2853 Cf.
1194 2798 1356 2867 Diog.
1386 2797 1490 2865 IX,
1525 2804 1653 2867 116,
1691 2800 1789 2854 ubi
1817 2803 2069 2856 nostrum
2097 2803 2167 2856 ab
2197 2800 2482 2871 Empirieo

182 2882 469 2939 diversum
513 2883 686 2938 fuisse
733 2883 927 2937 docuit
964 2881 1264 2949 Menayius
1409 2882 1442 2929 5
1493 2879 1915 2946 Φιλαδελφαίου
1962 2879 2119 2947 libri,
2167 2898 2306 2937 corr.
2348 2882 2481 2935 Gut-

179 2964 396 3017 schmid
502 2970 533 3018 6
571 2963 851 3033 διαγωγῆς
877 2968 922 3013 V
1034 2966 1063 3014 ’1
1103 2952 1373 3012 σκεπτικὰ
1413 2973 1553 3010 corr.
1586 2956 1896 3013 Salmasius
1934 2958 2017 3013 ἔτι
2055 2958 2323 3015 σκεπτικά
2362 2978 2481 3014 ma-

182 3044 294 3098 luit
325 3042 653 3110 Fabricius,
681 3042 739 3096 in
771 3038 865 3096 ἐπὶ
892 3056 1182 3095 numerum
1213 3037 1482 3090 librorum
1510 3036 1688 3091 latere
1718 3038 2033 3106 suspicatus
2063 3040 2150 3093 est
2188 3040 2481 3105 Westerm„

181 3140 250 3176 ex
290 3122 611 3189 insequenti
639 3121 760 3177 vita
787 3140 822 3176 a
850 3122 1058 3176 leessore
1095 3117 1268 3173 verba
1304 3133 1422 3171 esse
1459 3116 1681 3185 addita,
1729 3118 1825 3185 qni
1863 3117 2309 3173 Chaeronensem
2347 3136 2477 3174 eun-

182 3201 315 3256 dem
374 3201 622 3256 erederet
687 3219 752 3257 ae
808 3201 1176 3271 Empirienm,
1239 3195 1446 3251 rectius
1512 3198 1799 3265 perspexit
1857 3198 2158 3268 Menayius
2223 3198 2482 3253 laudatus

183 3282 455 3347 Kuste‘ro3
499 3282 684 3353 βιβλία
723 3278 767 3335 ι’
808 3281 904 3335 καὶ
942 3276 1080 3334 ἄλλα
1119 3278 1267 3331 Eud.

181 3368 184 3370 ’
331 3357 601 3414 DCCXIV
630 3362 781 3415 Eud.
804 3366 856 3431 Ρ.
879 3364 999 3415 651.
1075 3364 1106 3413 8
1130 3358 1304 3425 Λίβυς
1331 3354 1458 3424 fort.
1481 3356 1711 3427 falsum3
1742 3360 1810 3413 cf.
1833 3378 1884 3415 V.
1910 3355 2237 3428 Ἀφρικανὸς
2256 3357 2481 3424 Σέξτος.

183 3440 317 3494 Non
355 3439 636 3494 diversum
677 3458 804 3495 eum
833 3456 952 3495 esse
982 3438 1054 3493 ab
1086 3437 1368 3506 Empirico
1410 3440 1630 3494 consssat
1756 3446 1787 3494 9
1828 3437 2130 3509 Πυρρώνια
2167 3444 2213 3492 Δ
2260 3454 2483 3506 aeeura-

180 3521 301 3573 tius
339 3518 610 3588 Empiriei
647 3521 889 3575 codicem
929 3517 1364 3586 Pyrrhoniarum
1403 3520 1830 3587 hypotyposeon
1867 3518 1995 3572 libri
2033 3518 2111 3572 III

208 3653 238 3668 ,
327 3599 573 3653 DCOXV
617 3597 871 3653 Eundeth
911 3616 1057 3667 esse,
1103 3614 1269 3666 quem
1307 3599 1504 3654 laudat
1541 3598 1704 3651 Laur.
1755 3598 1940 3667 Lydus
1985 3597 2055 3651 de
2102 3612 2247 3665 mag.
2295 3594 2372 3664 ΙΙ,
2415 3601 2481 3648 21

182 3677 424 3747 Σέργιος
463 3678 526 3733 δὲ
564 3677 826 3749 ὕστερον,
866 3675 929 3733 ἐκ
957 3678 1069 3733 τῶν
1100 3680 1409 3733 δικανικῶν
1439 3674 1719 3748 ρητόρων,
1758 3672 1904 3746 άνὴρ
1940 3670 2211 3744 σοφιστὴς
2246 3672 2347 3727 καὶ
2384 3670 2481 3727 διὰ

181 3756 317 3820 τοὺς
355 3756 556 3828 λόγους
593 3758 884 3830 αἰδέσιμος
916 3756 1245 3830 Ἀναστασίῳ
1277 3760 1354 3831 τῷ
1383 3757 1597 3831 χρηστῷ
1629 3757 1718 3827 (cf.
1745 3757 1839 3825 ΙΙΙ,
1860 3758 1950 3824 20)
1979 3754 2123 3809 vidit]
2148 3753 2484 3821 Bernhardy

187 3846 255 3894 10
295 3840 365 3893 de
402 3840 553 3896 verb.
593 3836 706 3894 άπὸ
742 3873 805 3880 -
843 3836 1112 3910 ὑπάρχων
1161 3840 1229 3897 ef.
1266 3859 1319 3895 v.
1353 3841 1592 3911 Τριβων.
1632 3838 1756 3891 Σιδ.
1870 3842 1936 3889 12
1974 3832 2072 3889 καὶ
2108 3836 2237 3887 ante
2285 3833 2484 3900 πατρί·

185 3938 312 3981 κιος
350 3918 476 3973 add.
513 3923 664 3973 BVE
703 3938 810 3977 om.
851 3921 948 3976 rel.
1100 3926 1162 3973 13
1205 3921 1451 3992 Βαβῖνον
1490 3921 1536 3968 V

330 3997 602 4052 DCOXVI
640 3999 789 4053 Eud.
830 4018 883 4068 Ρ.
914 4004 1035 4053 649.
1093 3998 1174 4053 Of.
1207 4018 1257 4054 v.
1292 4000 1490 4053 Φίλων.
1548 3994 1778 4052 Tractat
1804 3994 2009 4049 Mfiller
2036 3993 2113 4047 III
2149 4011 2201 4063 p.
2233 3998 2338 4047 560
2366 3992 2482 4047 not.

187 4082 248 4133 et
284 4084 388 4133 575
504 4083 569 4132 15
608 4073 638 4131 ὅ
677 4080 796 4133 Αἴλ.
831 4074 861 4134 ὃ
897 4078 993 4133 καὶ
1028 4074 1136 4134 Ἀθ.
1167 4079 1316 4134 Eud.
1357 4074 1388 4133 ὁ
1429 4076 1528 4133 καὶ
1561 4073 1852 4145 Ἀθηναῖος
1880 4070 1910 4130 ὁ
1940 4075 2059 4128 An.
2088 4092 2246 4143 χρημ.
2276 4075 2482 4124 ABVE

189 4164 306 4213 Ala.
345 4160 491 4232 ναῖς.
640 4165 704 4213 16
746 4156 996 4228 ἔγραψεν
1034 4154 1120 4213 ἐπ.
1161 4158 1310 4212 Eud.
1461 4164 1525 4212 17
1578 4151 1675 4225 ἐφ’
1719 4150 1959 4222 ἑκάστην
1998 4153 2150 4207 Eud.
2225 4151 2484 4206 Ceterum

187 4242 297 4294 hae
337 4238 586 4294 Philonis
623 4240 868 4309 epitome
897 4238 1236 4307 Hesychium
1266 4237 1503 4292 fortasse
1532 4252 1693 4290 usum
1732 4250 1849 4288 esse
1878 4235 2067 4288 monet
2097 4232 2311 4301 Rohde,
2338 4229 2481 4286 Mus,

190 4321 365 4375 Rhen.
399 4318 632 4373 XXXIV
668 4337 720 4388 p.
753 4323 856 4373 562
894 4318 1009 4371 nofi.
1045 4323 1070 4370 1
1223 4324 1286 4372 18
1327 4315 1643 4382 Φιλοξένων
1681 4321 1726 4368 V

331 4399 798 4455 DCGXVIIEud.
819 4417 874 4470 p.
896 4402 1014 4451 649.
1039 4395 1118 4451 Cf.
1143 4396 1344 4451 ΜΐὶΠθι·
1361 4395 1509 4466 IVp.
1533 4402 1656 4464 492,
1678 4396 1855 4465 Daub,
1877 4394 2032 4449 stud
2053 4411 2105 4464 p.
2125 4400 2225 4448 140
2286 4399 2350 4447 19
2372 4396 2482 4460 Ση-

300 4492 378 4531 Hs
381 4499 581 4531 stomun
631 4488 699 4530 οι
727 4488 814 4527 Fla
815 4488 886 4528 o.h
1996 4488 2058 4536 13
