3025 4892
1119 218 1542 277 HESYCHIUS.
1866 232 1871 239 '
2344 218 2474 282 233

339 382 752 449 DCCCLVI.
837 380 1151 468 Φόρμος
1207 379 1680 469 Συρακούσιος
1731 378 2049 465 κωμικός,
2106 378 2477 466 σύγχρονος

163 485 575 579 Ἐπιχάρμῳ,
623 492 865 568 οἰκεῖος
912 487 987 555 δὲ
1033 488 1288 555 Γέλωνι
1333 490 1423 579 τῷ
1469 485 1782 575 τυράννῳ
1830 491 2143 565 Σικελίας
2178 485 2291 553 καὶ
2327 512 2477 572 τρο-

163 592 324 679 φεὺς
370 598 526 662 τῶν
583 598 846 663 παίδων
891 592 1118 662 αὐτοῦ.
1193 598 1440 680 ἔγραψε
1487 592 1792 683 δράματα
1840 591 1923 677 ζ’,
1978 590 2021 659 ἅ
2060 595 2196 661 ἐστι
2241 596 2474 661 ταῦτα·

156 699 514 789 Ἄδμητος,
543 699 906 785 Ἀλκίνους,
931 698 1302 785 Ἀλκυόνες,
1326 699 1531 768 Ἰλίου
1557 699 1913 787 πόρθησις,
1925 698 2173 787 Ἵππος,
2204 698 2479 786 Κηφεὺς

166 803 201 892 ἢ
249 808 652 895 Κεφάλαια,
699 806 1018 897 Περσεύς.
1087 806 1406 894 ἐχρήσατο
1437 806 1512 875 δὲ
1550 810 1809 894 πρῶτος
1844 804 2164 893 ἐνδύματι
2200 805 2477 893 ποδήρει
2506 832 2532 871 ⁵

165 914 272 979 καὶ
312 906 546 1005 σκηνῇ
585 914 938 1005 δερμάτων
974 916 1320 1001 φοινικῶν.
1395 914 1748 1001 [μέμνηται
1788 913 1863 982 δὲ
1898 914 2011 981 καὶ
2050 914 2281 1001 ἑτέρου
2318 912 2478 998 δρά·

166 1046 372 1105 ματος
415 1020 787 1109 Ἀθήναιος
833 1023 908 1089 έν
953 1034 1093 1100 τοῖς
1139 1028 1781 1108 Δειπνοσοφισταῑς,
1822 1017 2271 1105 Ἀταλάντης]

343 1128 790 1199 DCCOLVII.
875 1127 1256 1218 Φρόντων
1306 1125 1661 1215 Ἐμισηνὸς
1718 1125 1971 1215 ῥήτωρ,
2026 1124 2320 1213 γεγονὼς
2374 1127 2479 1195 ἐπὶ

166 1235 546 1324 Σεουήρου
590 1239 714 1305 τοῦ
761 1237 1086 1322 βασιλέως
1129 1236 1206 1303 ἐν
1241 1232 1476 1323 Ῥώμῃ.
1568 1236 1645 1303 ἐν
1693 1232 1769 1301 δὲ
1811 1230 2128 1317 Ἀθήναις
2174 1228 2479 1301 ἆντεπαί-

165 1344 366 1409 δευσε
433 1343 870 1434 Φιλοστράτῳ
927 1347 1016 1433 τῷ
1071 1341 1314 1433 πρώτω
1367 1342 1476 1410 καὶ
1520 1340 1753 1429 Ἀψίνῃ
1810 1344 1900 1434 τῷ
1949 1344 2255 1428 Γαδαρεῖ.
2348 1342 2477 1409 έτε-
2506 1366 2559 1405 10

167 1448 462 1537 λεύτησε
514 1449 590 1518 δὲ
637 1451 710 1517 ἐν
751 1447 1099 1534 Ἀθήναις,
1145 1448 1294 1537 περὶ
1341 1447 1401 1531 ξ’
1449 1453 1560 1533 ἔτη
1608 1446 1924 1534 γεγονώς,
1968 1447 2081 1515 καὶ
2125 1450 2243 1534 τῆς
2289 1444 2479 1515 ἀδελ-

170 1566 302 1641 φῆς
338 1561 830 1646 Φροντωνίδος
863 1554 1145 1624 παῖδα”
1109 1582 1272 1623 οντα
1302 1562 1643 1642 Λογγῖνον
1680 1552 1803 1623 τὸν
1840 1552 2140 1641 κριτικὸν
2178 1555 2531 1623 κατέλιπε·

175 1664 634 1751 κληρονόμου.
727 1669 973 1750 ἔγραψε
1022 1661 1096 1730 δὲ
1143 1661 1434 1749 συχνοὺς
1477 1662 1741 1748 λόγους.

349 1772 826 1839 DGCGLVIII.
923 1767 1320 1856 Φρύνιχος
1385 1767 1977 1857 Πολυφράδμονος
2048 1765 2089 1855 ἢ
2158 1767 2481 1853 Μινύρου

172 1876 270 1960 (οἱ
325 1877 407 1945 δὲ
457 1876 938 1965 Χοροκλέους),
989 1873 1347 1962 Ἀθηναῖος
1401 1874 1744 1961 τραγικός,
1801 1874 2106 1963 μαθητὴς
2156 1876 2483 1955 Θέσπιδος
2512 1900 2563 1940 15

170 1987 294 2051 τοῦ
352 1984 636 2072 πρώτου
689 1981 811 2070 τὴν
866 1979 1188 2069 τραγικὴν
1245 1984 1759 2067 εἰσενέγκαντος.
1852 1985 2037 2051 ἐνίκα
2095 1989 2330 2051 τοίνυν
2378 1982 2484 2051 ἐπὶ

172 2093 289 2175 τῆς
349 2091 448 2173 ξζ’
499 2088 928 2177 ὀλυμπιάδος.
1021 2080 1216 2169 οὗτος
1273 2088 1348 2157 δὲ
1404 2093 1665 2178 πρῶτος
1716 2086 1781 2173 [ὁ
1835 2090 2201 2179 Φρύνιχος]
2249 2116 2480 2176 γυναι-

173 2210 362 2265 κεῖον
435 2196 798 2285 πρόσωπον
863 2195 1221 2283 εἰσήγαγεν
1297 2195 1370 2262 ἐν
1434 2198 1514 2282 τῇ
1583 2198 1793 2283 σκηνῇ
1860 2195 1971 2263 καὶ
2036 2193 2304 2282 εὑρετὴς
2366 2199 2487 2264 τοῦ

177 2305 633 2393 τετραμέτρου
697 2304 975 2390 ἐγένετο.
1076 2301 1187 2371 καὶ
1241 2304 1447 2369 παῖδα
1505 2305 1651 2387 ἔσχε
1706 2298 2024 2386 τραγικόν
2081 2300 2486 2387 Πολυφράδ-

177 2435 376 2493 μονα.
493 2413 858 2501 τραγωδίαι
924 2408 999 2477 δὲ
1073 2405 1282 2475 αὐτοῦ
1347 2411 1520 2475 εἰσιν
1582 2406 1658 2473 θ’
1726 2398 1947 2476 αὗται·
2022 2413 2475 2494 Πλευρωνίαι,
2506 2436 2561 2475 20

180 2517 574 2603 Αἰγύπτιοι,
615 2514 955 2602 Ἀκταίων,
982 2513 1353 2601 Ἄλκηστις,
1393 2512 1692 2592 Ἀνταῖος
1726 2509 1767 2600 ἢ
1808 2519 2075 2601 Λίβυες,
2124 2520 2398 2583 Δίκαιοι
2441 2510 2483 2600 ἢ

184 2625 454 2712 Πέρσαι
499 2621 540 2711 ἢ
590 2623 989 2708 Σύνθωκοι,
1039 2626 1393 2701 Δαναΐδες.

362 2732 762 2800 DCCCLIX.
842 2728 1240 2816 Φρύνιχος
1281 2726 1660 2813 Ἀθηναῖος,
1711 2727 2000 2815 κωμικὸς
2043 2754 2180 2797 των
2227 2728 2486 2795 ἐπιδευ-

328 2926 646 2981 DCCCLVI
682 2909 834 2983 Eud.
863 2945 916 2996 p.
949 2930 1068 2981 725.
1116 2925 1198 2980 Cf.
1220 2923 1620 2991 Wachsmuth,
1652 2922 1841 2992 Symb.
1871 2942 1925 2993 p.
1959 2930 2061 2978 142
2170 2930 2203 2976 3
2235 2920 2284 2988 ζ’
2308 2940 2416 2979 om.
2442 2929 2487 2975 Ε

186 3008 373 3063 ταῦτα
411 3009 554 3077 vuly.
593 3002 635 3062 ἅ
675 3004 791 3063 ἐστι
827 3007 1009 3061 ταῦτα
1046 3009 1200 3057 Anv
1245 3002 1352 3059 εἰσὶ
1389 3002 1452 3058 δὲ
1492 3004 1673 3057 ταῦτα
1709 3004 1863 3059 Eud.
2009 3010 2041 3057 5
2078 2996 2113 3072 ἢ
2154 3001 2407 3071 Περσεύς
2444 3008 2489 3055 Δ

187 3092 220 3137 6
268 3089 554 3157 φοινικῶν
591 3089 866 3143 Kusterus
911 3085 1208 3155 φοινικοῦς
1245 3091 1344 3139 AV
1391 3085 1669 3153 φοινίκων
1706 3086 1851 3154 vulq.
1893 3084 2043 3138 Eud.
2212 3080 2492 3152 μέμνηται

189 3196 253 3205 --
311 3168 447 3224 exit.
501 3185 610 3223 om.
658 3168 840 3235 Eud„
891 3182 1032 3234 quae
1080 3163 1310 3219 Suidam
1359 3166 1547 3235 ipsum
1601 3182 1667 3219 ex
1698 3166 1916 3227 Athen.
1963 3164 2092 3219 XIV
2138 3182 2193 3233 p.
2237 3168 2339 3219 652
2392 3162 2491 3217 ad.-

189 3247 488 3318 scripsisse
524 3248 883 3304 manifestum
921 3246 1008 3301 est

333 3328 677 3383 DCCOLVII
750 3334 817 3381 10
853 3326 928 3400 τῷ
967 3324 1213 3397 δευτέρῳ
1250 3326 1551 3395 legendum
1602 3343 1721 3382 esse
1770 3326 1991 3381 monuit
2026 3325 2491 3380 Hemsterhusius:

196 3406 266 3462 cf.
302 3409 518 3475 Rohde,
546 3408 687 3462 Mus.
709 3408 885 3463 Rhen.
906 3406 1140 3461 XXXIII
1167 3424 1221 3475 p.
1254 3412 1354 3461 173
1381 3409 1495 3462 not.
1522 3413 1549 3460 1
1665 3413 1729 3460 11
1760 3407 1859 3475 τῆς
1886 3406 2240 3461 add.Anv1³:
2264 3422 2371 3459 om.
2393 3404 2493 3459 rel.

341 3487 706 3543 DCCCLVIII
742 3488 892 3543 Eud.
922 3506 976 3556 p.
1005 3492 1122 3541 726.
1163 3484 1554 3554 cf.We10ker,
1592 3484 1685 3539 Gr.
1716 3486 1881 3552 Trag.
1919 3501 1972 3552 p.
2007 3488 2087 3538 18.
2143 3482 2490 3539 Confundere

196 3570 446 3623 creditur
482 3567 790 3637 Hesychius
826 3566 1157 3621 histrionem
1194 3568 1254 3620 et
1287 3563 1566 3633 tragicum
1612 3564 1703 3632 (cf.
1742 3562 1913 3617 schol.
1953 3562 2046 3616 Ar.
2086 3563 2233 3615 Aves
2273 3566 2397 3631 750)

201 3652 267 3701 14
304 3641 339 3716 ἢ
376 3652 512 3703 Μιν.
544 3679 610 3687 —-
639 3649 832 3702 τοίνυν
870 3663 976 3701 om.
1015 3646 1166 3701 Eud.
1281 3651 1346 3699 16
1384 3638 1758 3713 στρατηγικὴν
1793 3648 1837 3695 Ε
1949 3646 2012 3695 17
2052 3635 2139 3695 σε’
2181 3639 2490 3708 Μουνάτιος

196 3727 486 3798 vulgatam
513 3730 668 3783 tenet
705 3726 929 3782 Olinton
963 3744 1018 3797 p.
1054 3732 1117 3781 19
1147 3725 1241 3782 Kr.
1280 3724 1408 3781 coll.
1446 3723 1619 3777 schol.
1656 3722 1751 3776 Ar.
1790 3722 1930 3777 Ran.
1960 3726 2062 3775 941
2219 3710 2384 3783 οὗτος
2422 3752 2488 3761 -

199 3809 454 3878 Πολυφρ.
484 3825 590 3863 om.
628 3808 782 3863 Eud.
819 3823 1058 3877 pergens
1095 3805 1369 3876 φέρονται
1415 3798 1625 3872 αὐτοῦς
1673 3798 1703 3857 ὁ
1748 3799 2023 3872 Φρύνιχος
2057 3799 2284 3855 lectoris
2323 3817 2491 3854 manu

199 3888 418 3942 addita:
457 3888 527 3943 cf.
555 3907 608 3942 v.
640 3882 936 3957 Φιλάγριος
1069 3893 1139 3941 20
1176 3886 1534 3956 Πλευρωνίαι
1572 3900 1710 3939 corr.
1749 3882 2040 3950 Blomfield
2086 3882 2213 3938 coll.
2250 3881 2488 3935 Pansan.

200 3965 276 4037 X,
307 3975 406 4035 31,
435 3974 496 4034 4,
533 3968 865 4037 Πλευρωνία
901 3968 1045 4037 vulq.
1172 3971 1239 4019 21
1279 3959 1314 4033 ἢ
1353 3967 1525 4033 Περσ.
1562 3958 1598 4033 ἢ
1637 3961 1821 4019 Σύνθ.
1861 3968 2031 4032 Anv,
2068 3979 2181 4031 qua.
2216 3963 2286 4015 de
2321 3977 2382 4013 re
2420 3960 2487 4014 cf.

202 4045 464 4102 Weleker
497 4047 535 4103 1.
567 4064 613 4103 0.
650 4064 704 4115 p.
735 4052 822 4115 27,
859 4048 1156 4115 utrumque
1200 4038 1233 4115 ἢ
1274 4063 1379 4100 om.
1429 4046 1527 4100 rel.
1567 4047 1626 4099 et
1661 4045 1813 4099 Eud.
1860 4040 2165 4111 Σύνθμκκοι
2202 4042 2489 4096 Κιιειονιιε.

205 4125 441 4182 Omnino
479 4128 548 4181 de
587 4124 896 4181 carminum
932 4126 1128 4180 tabula
1162 4145 1213 4179 v.
1247 4126 1625 4192 Wachsmuth,
1665 4125 1853 4194 Symb.
1893 4143 1945 4194 p.
1981 4129 2083 4179 150

341 4206 652 4261 DCCCLIX
687 4206 839 4260 Eud.
877 4206 913 4259 1.
954 4222 1000 4259 ο.
1067 4205 1299 4261 Tractat
1333 4205 1593 4261 Meineke
1630 4205 1656 4257 I
1691 4223 1745 4276 p.
1784 4210 1885 4259 146
1914 4221 2029 4273 seq.
2107 4203 2189 4258 Cf.
2231 4202 2402 4257 etiam
2438 4222 2489 4259 v.

200 4282 472 4357 Ὠφελίων
509 4288 568 4341 et
594 4284 852 4339 Meineke
888 4285 914 4337 I
941 4301 995 4352 p.
1023 4290 1128 4338 415
1239 4292 1308 4339 23
1347 4286 1408 4340 at
1442 4284 1767 4354 peregrinus
1804 4286 1892 4339 est
1928 4283 2098 4340 schol.
2130 4283 2223 4337 Ar.
2254 4282 2392 4337 Ran.
2424 4289 2492 4337 14

207 4361 298 4423 ἐπὶ
335 4364 614 4435 δευτέρων
655 4365 806 4421 Eud.
