3025 4892
557 227 686 283 XVI
1409 229 1915 285 PROLEGOMEN
1919 233 1982 286 A.
2046 291 2051 296 ,

916 391 1111 456 schol.
1157 391 1326 456 Plat.
2181 392 2411 460 Suidas

566 499 841 581 Τίμαιος
895 496 965 562 ἐκ
1013 498 1300 581 Λοκρῶν
1342 499 1480 564 τῶν
1512 492 1681 563 Ἐπι-
1746 501 2039 584 Τίμαιος,
2060 498 2341 584 Λοκρός,
2363 495 2863 583 Πυθαγόρειος.

647 605 999 688 ζεφυρίων,
1027 605 1145 688 τῆς
1187 602 1260 668 ἐν
1289 599 1533 692 Ἰταλίᾳ
1566 600 1679 669 πό·
1825 602 2287 691 μαθηματικά,
2352 603 2503 689 περὶ
2568 602 2858 689 φύσεως,

646 715 839 792 λεως,
915 706 1292 794 φιλόσοφος
1358 707 1681 793 Πυθαγό·
1825 711 1975 798 περὶ
2018 713 2141 778 τοῦ
2188 708 2617 796 Πυθαγόρου
2661 715 2835 795 βίου.

646 841 841 901 ρειος.
876 819 1122 901 ἔγραψε
1151 812 1581 901 μαθηματικά
1610 840 1681 882 τε
1726 847 1735 856 ·
2466 805 2491 846 ¹

646 921 758 990 καὶ
787 921 940 1009 περὶ
971 919 1238 1006 φύσεως
1257 919 1678 1008 σύγγραμμα,

644 1025 766 1096 τὸν
814 1025 1305 1115 Πυθαγορικὸν
1350 1026 1621 1114 τρόπον.

557 1151 697 1230 Quo
737 1153 804 1218 iu
849 1152 1096 1219 scholio
1134 1141 1712 1220 commentatorem
1751 1176 1929 1220 more
1968 1176 2043 1218 ex
2083 1155 2275 1220 solito
2313 1155 2679 1221 uberiorem
2715 1176 2858 1218 esse

557 1260 954 1344 alteramque
992 1258 1164 1324 infra
1189 1258 1642 1343 Hesychianae
1681 1262 1853 1326 vitae
1883 1261 2233 1348 adiungere
2262 1265 2549 1346 apparet.
2609 1259 2859 1325 Deinde

555 1364 916 1430 rectissime
962 1365 1285 1431 Mettauer
1343 1367 1656 1440 iudicavit
1704 1367 1781 1432 de
1828 1368 2289 1453 Aristophanis
2300 1418 2319 1452 ,
2364 1361 2602 1452 Anyti,
2659 1367 2856 1432 Mele-

555 1471 734 1554 tique
782 1471 936 1536 vitis
986 1471 1074 1556 (p.
1104 1473 1231 1537 227
1257 1473 1365 1558 H.)
1377 1524 1394 1558 ,
1442 1473 1985 1560 ChaerephontiS‚
2032 1475 2401 1560 Agathonis
2453 1474 2541 1560 (p.
2571 1475 2702 1538 255
2721 1474 2859 1560 Η.),

555 1600 746 1662 quam
795 1579 991 1643 etiam
1039 1580 1108 1643 in
1158 1579 1358 1645 schol.
1396 1580 1663 1647 Luciani
1702 1581 1839 1646 cod.
1879 1580 2142 1648 Barocc.
2172 1581 2257 1646 56
2288 1576 2859 1670 (Gramer'Aneed.

556 1688 756 1750 Oxou.
788 1684 884 1751 IV
920 1710 982 1771 p.
1011 1685 1172 1772 269)
1212 1689 1430 1752 extare
1461 1688 1641 1772 vidit,
1678 1687 1995 1772 Aspasiae
2025 1686 2117 1775 (p.
2145 1687 2274 1752 329
2290 1684 2422 1772 Η.),
2460 1707 2858 1769 quamquam

553 1793 870 1858 nonnulla
915 1813 993 1856 ex
1037 1791 1410 1878 Agathonis
1459 1794 1907 1880 Aspasiaeque
1955 1795 2138 1872 vitis,
2204 1793 2384 1858 velut
2427 1792 2711 1875 initium,
2768 1794 2857 1856 ab

555 1897 871 1981 Hesychii
923 1899 1186 1982 ingenio
1248 1901 1313 1963 et
1376 1921 1554 1964 more
1610 1923 1741 1966 non
1790 1900 2138 1966 abhorrere
2192 1921 2575 1984 persuasum
2623 1897 2857 1962 habeo,

555 2003 855 2070 Ceterum
909 2027 992 2070 ne
1039 2005 1441 2088 Pythoelidis
1497 2007 1756 2091 quidem
1811 2009 2015 2074 vitam
2068 2005 2159 2093 (p.
2196 2007 2327 2073 279
2358 2003 2501 2090 H.)‚
2555 2005 2853 2086 quamvis

549 2133 707 2176 num
775 2134 852 2176 ex
915 2109 1241 2194 Hesychio
1305 2111 1563 2177 fluxerit
1626 2111 1894 2177 dubium
1948 2113 2061 2198 sit,
2126 2113 2387 2178 silentio
2442 2112 2854 2196 praetermit-

553 2222 691 2282 tere
738 2219 917 2283 libet.

729 2324 1136 2391 Difficillima
1191 2331 1409 2391 autem
1457 2326 1754 2410 quaestio
1802 2327 1880 2390 de
1927 2324 2197 2409 Sibyllis
2245 2322 2371 2410 (VI
2417 2348 2479 2410 p.
2509 2325 2640 2390 269
2689 2323 2851 2409 seq.)

551 2437 734 2498 mota
789 2437 915 2518 est,
969 2439 1313 2518 postquam
1359 2433 1684 2498 Mettauer
1737 2456 1798 2517 p.
1828 2433 1913 2498 58
1972 2431 2096 2497 hoc
2144 2453 2397 2516 quoque
2444 2430 2736 2498 scholion
2784 2439 2855 2493 et

553 2540 879 2625 Anonymi
926 2541 996 2606 in
1040 2539 1330 2605 Crameri
1368 2539 1609 2604 Anecd.
1635 2540 1779 2605 Par.
1809 2538 1841 2602 I
1877 2563 1937 2625 p.
1968 2540 2099 2604 332
2138 2560 2269 2623 seq.
2298 2541 2364 2604 et
2401 2538 2615 2604 Anon.
2650 2538 2852 2622 praef.

550 2645 735 2711 Orac.
783 2644 914 2710 Sib.
963 2643 1090 2732 (ed.
1137 2645 1320 2712 Alex.
1364 2668 1427 2730 p.
1481 2643 1593 2731 16)
1666 2667 1743 2710 ex
1808 2644 2136 2730 Hesychio
2202 2645 2465 2710 fluxisse
2530 2644 2850 2729 exposuit.

551 2749 953 2836 Sibyllarum
1000 2774 1151 2817 vero
1201 2752 1392 2838 vitas,
1437 2774 1599 2837 quae
1646 2753 1714 2817 in
1754 2751 1989 2818 Suidae
2028 2751 2233 2817 lexico
2272 2756 2659 2816 enarrantur
2696 2749 2766 2838 (i.
2794 2773 2848 2814 e.

550 2857 1002 2942 Thesprotidis
1051 2865 1118 2925 et
1165 2861 1479 2943 omnium,
1528 2881 1693 2944 quae
1744 2858 2182 2946 antecedunt),
2228 2860 2284 2924 si
2330 2858 2409 2923 ad
2447 2857 2849 2942 Hesychium

549 2965 916 3050 referimuS‚
965 2988 1092 3049 qua
1129 2949 1204 3030 de
1245 2989 1314 3031 re
1350 2966 1737 3051 Maassium,
1783 2965 1860 3030 de
1900 2964 2037 3032 Sib.
2062 2988 2126 3050 p.
2156 2965 2242 3030 55
2290 2985 2419 3049 seq.
2466 2968 2639 3029 reete
2687 2964 2848 3029 iudi-

548 3092 728 3137 casse
784 3073 968 3137 video
979 3122 1000 3156 ,
1053 3072 1332 3138 indicem
1385 3072 1829 3156 Platonicum,
1887 3073 1999 3157 qui
2054 3094 2093 3135 a
2149 3073 2301 3154 Σιβ.
2356 3067 2697 3155 Σαμβήθη
2756 3072 2850 3136 in-

546 3178 741 3244 cohat
795 3177 1000 3265 (quod
1058 3201 1294 3244 nomen
1341 3199 1748 3264 'anonymum
1802 3179 2077 3264 praefat.
2125 3177 2309 3244 Orac.
2354 3178 2396 3244 l.
2434 3200 2487 3242 c.
2522 3177 2849 3242 addidisse

549 3285 770 3350 docuit
806 3287 1026 3352 Maass
1073 3310 1138 3371 p.
1165 3288 1250 3353 38
1292 3309 1424 3372 seq.
1460 3291 1528 3352 et
1563 3284 1680 3374 43)
1726 3286 1804 3350 de
1842 3286 2190 3370 Anonymo
2232 3285 2511 3370 pendere
2548 3287 2845 3368 apertum

545 3395 664 3470 est.
680 3390 728 3477 1)
819 3393 1048 3457 Altera
1103 3397 1318 3458 autem
1367 3397 1546 3459 extat
1592 3393 1916 3480 quaesti0‚
1971 3415 2126 3458 num
2174 3392 2501 3477 copiosior
2548 3389 2842 3475 Sibyllae
2994 3419 2996 3482 χ

546 3497 912 3565 Chaldaeae
949 3500 1104 3583 vita,
1141 3523 1333 3584 quam
1370 3500 1867 3566 illustraverunt
1901 3478 2159 3584 praeter
2200 3500 2399 3566 schol.
2434 3497 2841 3564 Platonicum

543 3607 928 3691 Anonymus
967 3607 1037 3670 in
1065 3604 1346 3671 Cramer.
1373 3606 1613 3672 Aneed.
1642 3605 1684 3670 l.
1712 3628 1761 3671 e.
1792 3629 1921 3692 seq.
1954 3610 2019 3671 et
2054 3608 2192 3691 ipse
2240 3606 2490 3690 SuidaS‚
2526 3603 2841 3689 Hesychii

543 3736 684 3780 esse
731 3713 1047 3779 credenda
1093 3714 1200 3779 sit.
1289 3713 1474 3790 Quod
1529 3713 1796 3799 negavit
1840 3713 2057 3778 Maass
2112 3737 2174 3798 p.
2212 3715 2298 3779 56
2351 3716 2621 3798 propter
2675 3710 2840 3776 chri·

687 3891 740 3958 1)
777 3889 1074 3960 Anonymo
1111 3907 1212 3945 sua
1241 3888 1627 3962 suppeditavit
1654 3889 1996 3958 Lactantius,
2034 3889 2169 3944 Inst.
2200 3889 2241 3956 1,
2271 3894 2303 3941 6
2334 3904 2467 3956 seq.,
2505 3887 2603 3955 qui
2641 3888 2841 3942 Varro-

540 3969 628 4024 nis
675 3971 998 4026 testimonio
1045 3971 1239 4026 utitur.
1312 3971 1534 4025 Primus
1581 3970 1864 4040 perspexit
1911 3969 2256 4038 Alexandre‚
2302 3969 2432 4036 post
2477 3983 2606 4021 eum
2652 3967 2841 4020 Maass

539 4050 578 4102 1.
617 4068 665 4106 c.
701 4069 758 4120 Ρ.
791 4057 859 4106 37
890 4068 1004 4120 seq.
1082 4051 1237 4116 Quae
1283 4051 1565 4106 infirmare
1611 4050 1821 4104 frustra
1868 4048 2058 4104 studet
2093 4049 2373 4102 Mettauer
2410 4047 2445 4101 l.
2484 4062 2529 4100 c.
2570 4077 2637 4086 —
2686 4046 2841 4100 Idem

542 4130 602 4183 in
643 4146 708 4184 eo
747 4147 966 4199 quoque
1005 4129 1241 4199 erravit,
1279 4131 1426 4200 quod
1462 4125 1612 4184 vit‘as
1650 4129 1843 4184 decem
1883 4128 2223 4198 Sibyllarum
2260 4145 2296 4182 a
2330 4126 2649 4196 praefatore
2679 4125 2844 4183 Orac.
2994 4165 2996 4196 ;

543 4210 658 4265 Sib.
694 4211 734 4265 1.
770 4230 816 4266 c.
855 4211 1061 4280 (Maass
1091 4230 1142 4282 p.
1175 4215 1267 4279 38)
1295 4229 1364 4265 ex
1392 4210 1673 4280 Hesychio
1702 4209 2010 4279 descriptas
2038 4208 2277 4277 iudicat,
2314 4223 2653 4274 quamquam
2683 4223 2841 4276 pror-

541 4309 634 4345 sus
673 4290 919 4346 diversas
956 4309 1050 4347 eas
1087 4309 1209 4346 esse
1247 4293 1483 4347 constat.
1555 4292 1814 4346 Ceterum
1853 4289 1920 4343 cf.
1961 4305 2105 4356 quae
2143 4287 2258 4342 dixi
2287 4287 2485 4341 Annal.
2518 4287 2657 4353 phil.
2700 4291 2837 4342 1881

540 4389 593 4442 p.
630 4377 729 4427 106
760 4389 876 4441 seq.

2992 4605 2996 4873 1
