3025 4892
578 201 706 265 148
1501 202 1929 259 HESYCHHJS.

578 362 658 427 δέ
696 387 902 447 τινες,
956 364 1068 431 καὶ
1113 360 1405 431 παιδικά.
1511 368 1801 451 ἔγραψεν
1845 358 2108 450 ἠθικῶν
2155 367 2381 450 βιβλία
2426 365 2490 436 ς’
2546 366 2655 432 καὶ
2710 362 2853 449 περὶ

572 472 690 553 τῆς
736 473 1026 556 φυσικῆς
1069 466 1453 557 ἀκροάσεως
1495 473 1617 537 τοῦ
1662 467 1913 559 πατρὸς
1950 466 2180 538 αὑτοῦ.

750 576 979 644 DLXI.
1084 576 1545 665 Νικόμαχος
1618 575 1871 664 ἰατρός,
1941 578 2053 643 καὶ
2132 574 2337 658 αὐτὸς
2412 583 2855 667 Σταγειρίτης,

575 681 974 769 [Μαχάονος
1017 686 1137 753 τοῦ
1187 681 1583 771 Ἀσκληπιοῦ
1630 684 1808 770 υἱός,
1866 685 1935 765 ἐξ
1979 674 2080 751 οὗ
2112 684 2432 770 κατήγετο
2480 684 2856 772 Νικόμαχος

520 806 546 845 ⁵
575 786 610 855 ὁ
667 788 881 879 πατὴρ
940 788 1432 877 Ἀριστοτέλους
1485 794 1608 858 τοῦ
1664 788 2081 878 φιλοσόφου,
2143 791 2257 858 καὶ
2322 788 2525 870 αὐτὸς
2589 790 2851 877 ἰατρός]

576 900 868 984 ἔγραψεν
915 902 1232 986 ἰατρικῶν
1279 903 1502 984 βιβλία
1554 895 1622 968 ς’
1668 897 1779 965 καὶ
1826 900 2133 983 φυσικῶν
2180 895 2269 965 α’.

748 1005 1016 1075 DLXII.
1110 1011 1187 1071 Ν
1201 1003 1404 1072 ικόσ
1419 1031 1456 1071 τ
1483 1030 1757 1091 ρατος
1818 1002 2121 1091 κωμικός.
2231 1002 2478 1073 τούτου
2540 1006 2853 1093 μέμνηται

568 1107 926 1197 Ἀθηναῖος
964 1112 1038 1193 ἐν
1071 1110 1144 1197 β’
1187 1114 1813 1197 Δειπνοσοφιστῶν,
1850 1113 2026 1197 λέγει
2066 1110 2141 1178 δὲ
2178 1108 2282 1180 ὅτι
2322 1112 2623 1199 δράματα
2650 1110 2855 1180 αὐτοῦ

572 1218 709 1284 ἐστι
748 1218 1153 1305 Πάνδροσος
1187 1219 1298 1286 καὶ
1315 1216 1699 1303 Ἄντυλλος,
1743 1214 1818 1298 ὃς
1853 1218 1963 1285 καὶ
2008 1224 2409 1307 Φιλεταίρου
2447 1222 2637 1287 δοκεῖ
2666 1218 2854 1305 εἶναι,

493 1339 544 1379 ¹⁰
571 1324 682 1390 καὶ
729 1321 1159 1412 Ἱεροφάντης
1209 1326 1320 1392 καὶ
1377 1330 1623 1413 Κλίνη,
1689 1330 1783 1393 ἔτι
1850 1326 1925 1392 δὲ
1964 1323 2177 1413 1’Ἀβρα
2231 1327 2341 1394 καὶ
2388 1326 2695 1405 Ἡσίοδος
2750 1327 2855 1393 καὶ

575 1429 918 1518 Διάβολος
943 1431 1055 1499 καὶ
1078 1428 1446 1521 Ἀντερῶσα
1481 1432 1595 1501 καὶ
1625 1429 1885 1519 Ἑκάτη,
1916 1431 2283 1521 Μάγειρος,
2302 1426 2509 1519 ςῼτις,
2536 1436 2855 1517 Πλοῦτος,

574 1535 824 1623 Σύρος,
853 1535 1440 1625 Ἀπελαυνόμενος,
1478 1542 2101 1626 Ψευδοστιγματίας
2126 1540 2237 1609 καὶ
2274 1540 2610 1628 Τοκιστής.
2656 1545 2855 1609 ταῦτα

575 1646 649 1711 ἐν
694 1645 1056 1734 παραθήκῃ
1104 1637 1307 1734 εὗρον
1353 1650 1643 1731 κείμενα.

745 1752 1040 1821 DLXIII.
1107 1750 1653 1838 Νικόστρατος
1690 1750 2030 1820 Μακεδὼν
2067 1751 2311 1841 ῥήτωρ.
2386 1754 2635 1842 ἐτάχθη
2674 1755 2749 1823 δὲ
2786 1757 2854 1823 ἐν

490 1872 538 1913 1⁵
574 1870 716 1936 τοῖς
779 1867 1118 1946 κριθεῖσιν
1179 1858 1621 1947 ἐπιδευτέροις
1682 1860 1839 1926 δέκα
1899 1858 2205 1948 ῥήτορσι,
2271 1864 2641 1950 σύγχρονος
2696 1860 2854 1950 Ἀρι-

564 1968 833 2032 στείδου
889 1966 1000 2033 καὶ
1047 1971 1320 2045 Δίωνος
1368 1970 1492 2033 τοῦ
1539 1966 2053 2055 Χρυσοστόμου·
2111 1960 2198 2055 ἦν
2244 1967 2373 2057 γὰρ
2415 1968 2521 2035 ἐπὶ
2571 1967 2854 2055 Μάρκου

562 2057 968 2139 Ἀντωνίνου
1040 2077 1164 2141 τοῦ
1228 2075 1569 2158 βασιλέως.
1680 2078 1926 2161 ἔγραψε
1993 2080 2471 2161 Δεκαμυθίαν,
2547 2073 2853 2157 Εἰκόνας,

563 2184 1052 2266 Πολυμυθίαν,
1098 2179 1648 2269 Θαλαττουργοὺς
1692 2180 1804 2249 καὶ
1851 2179 2020 2249 ἄλλα
2065 2190 2359 2269 πλεῖστα,
2408 2183 2522 2249 καὶ
2569 2180 2853 2268 ἐγκώμια

565 2294 661 2364 εἵς
705 2312 774 2354 τε
817 2314 942 2355 τον
988 2286 1281 2375 Μάρκον
1325 2287 1436 2355 καὶ
1483 2285 1748 2366 ἄλλους.

487 2406 539 2445 2⁰
742 2395 1039 2463 DLXIV.
1118 2396 1509 2480 Νικοφῶν
1562 2391 1885 2481 Θήρωνος
1926 2389 2288 2481 Ἀθηναῖος
2336 2394 2657 2483 κωμικός,
2707 2392 2854 2481 σύγ-

706 2517 883 2572 DLXI
918 2520 1072 2575 Eud.
1110 2538 1166 2589 p.
1195 2524 1317 2575 509.
1393 2518 1474 2573 Cf.
1513 2517 1737 2586 Menag.
1774 2516 1833 2571 in
1872 2518 2035 2589 Diog.
2066 2520 2135 2589 V,
2177 2527 2204 2574 1
2333 2529 2367 2576 3
2404 2522 2504 2576 καὶ
2542 2516 2719 2584 αὐτός
2753 2537 2849 2575 οιιι.

561 2596 714 2653 Eud.
754 2600 853 2653 τοῦ
887 2628 952 2640 -
985 2596 1174 2670 ἰατρὸς
1204 2617 1312 2656 οιιι.
1341 2605 1385 2652 E
1506 2605 1541 2653 4
1581 2602 1732 2666 Μαχ.
1756 2628 1823 2639 -
1858 2596 2049 2669 ἰατρός
2076 2600 2149 2656 ad
2178 2601 2417 2656 alteram
2446 2604 2711 2672 glossam,
2750 2616 2851 2669 qua.

563 2677 631 2731 de
669 2679 840 2734 heroe
878 2684 954 2737 N.
993 2682 1285 2750 agebatur,
1321 2681 1498 2734 refert
1536 2679 1865 2735 G'wtschmid

705 2758 909 2813 DLXII
954 2761 1106 2815 Eud.
1149 2779 1205 2830 p.
1248 2766 1368 2815 513.
1450 2758 1718 2814 Eiusdem
1757 2760 2014 2814 meminit
2064 2762 2237 2817 schol.
2285 2762 2505 2817 Platon.
2542 2760 2624 2815 VI
2668 2781 2720 2831 p.
2760 2767 2854 2815 227

566 2838 756 2893 Herm.
814 2837 897 2893 De
925 2840 1044 2895 vita.
1072 2839 1140 2896 of.
1170 2839 1349 2907 Daub‚
1378 2839 1448 2893 de
1479 2837 1632 2895 Suid.
1661 2858 1717 2909 p.
1746 2845 1870 2894 482.
1910 2841 2140 2896 Tractat
2165 2841 2422 2897 Meineke
2450 2843 2475 2895 Ι
2511 2860 2566 2911 p.
2599 2848 2703 2897 346
2730 2860 2855 2909 seq„

563 2917 662 2985 qui
701 2917 852 2973 Suid.
882 2937 935 2975 v.
976 2914 1084 2988 ἐγώ
1124 2914 1340 2988 ποιήσω
1378 2916 1566 2972 πάντα
1604 2916 1750 2973 κατὰ
1790 2916 2183 2989 Νικόστρατον
2222 2922 2341 2991 (ubi
2376 2922 2583 2976 iniuria
2621 2922 2855 2978 comicus

560 2997 846 3068 laudatur)
881 3000 1084 3055 merito
1121 3001 1194 3055 ad
1226 2999 1503 3069 tragicum
1531 2998 1777 3067 rettulit,
1816 2999 2202 3056 Nicostratum
2230 3001 2560 3057 Thebanum
2588 2998 2853 3072 κωμῳδόν

561 3078 711 3147 apud
737 3078 1083 3134 Boeokhium
1115 3079 1172 3137 C.
1203 3080 1372 3135 Insor.
1403 3076 1494 3133 Gr.
1524 3078 1550 3131 I
1578 3096 1631 3147 p.
1665 3084 1767 3133 763
1797 3078 1972 3133 alium
2001 3082 2205 3148 putans
2232 3097 2336 3135 neo
2369 3081 2553 3134 minus
2583 3081 2852 3136 diversum

563 3172 716 3225 eum,
762 3176 931 3226 quem
967 3162 1370 3218 commemorat
1403 3159 1567 3229 Diog.
1606 3158 1700 3225 IV,
1742 3162 1809 3211 18
1991 3164 2019 3212 7
2060 3157 2337 3228 μέμνηται
2384 3154 2563 3214 αὐτοῦ
2604 3161 2753 3215 Eud.
2780 3151 2853 3213 ὀὖ

561 3235 840 3307 μέμνηται
873 3234 1182 3309 Ἀθήναιος.
1259 3239 1410 3310 λέγει
1451 3270 1514 3279 --
1544 3234 1827 3299 ’Ἄντυλλος
1864 3229 1953 3305 (οὖ
1994 3234 2272 3307 μέμνηται
2318 3235 2382 3293 ἐν
2419 3239 2584 3312 τρίτῳ
2624 3245 2855 3294 Δειπνος

560 3318 864 3387 σοφιστῶν)
904 3313 968 3381 ὃς
996 3320 1093 3373 καὶ
1119 3320 1454 3390 Bernhardy
1490 3366 1495 3369 .
1562 3325 1593 3372 8
1634 3317 1837 3371 Athen.
1875 3316 1927 3371 H
1966 3335 2017 3387 p.
2050 3322 2137 3387 47,
2177 3323 2245 3373 65
2276 3315 2338 3373 ἐν
2376 3320 2543 3389 τρίτῳ
2580 3337 2707 3389 pars
2734 3321 2849 3374 libr.

561 3398 619 3450 et
653 3397 1589 3469 Eud.so.111p.108,110‚118
1700 3392 1787 3451 ὅτι
1816 3427 1882 3436 -
1914 3394 2030 3452 ἔστι
2068 3414 2177 3454 οιιι.
2207 3398 2361 3454 Eud.
2482 3405 2514 3453 9
2554 3396 2854 3467 Πάνδαρος

557 3476 689 3530 libri
717 3472 1052 3548 Πάνδροσος
1090 3498 1225 3536 corr.
1265 3481 1540 3535 Kasterus
1577 3495 1645 3533 ex
1681 3475 1884 3533 Athen.
1923 3476 2055 3531 XIII
2089 3496 2145 3547 p.
2174 3483 2298 3535 587.
2335 3479 2437 3533 XV
2472 3497 2529 3548 p.
2560 3486 2663 3535 693
2803 3475 2855 3543 ὃς

559 3556 658 3609 καὶ
681 3552 823 3611 Ἄντ.
859 3563 960 3611 AV
999 3556 1030 3613 ὁ
1069 3561 1167 3614 καὶ
1201 3562 1346 3631 moly.
1385 3554 1448 3622 ὃς
1482 3559 1593 3614 del.
1626 3557 1879 3612 Meineke
1914 3574 2045 3612 mox
2082 3555 2137 3612 εἰ
2170 3557 2269 3612 καὶ
2306 3559 2457 3614 Eud.
2581 3566 2648 3615 10
2685 3562 2854 3627 Κλινη

559 3652 630 3689 ex
660 3636 862 3691 Athen.
896 3638 1148 3695 Meineke
1182 3636 1389 3709 Κλεινή
1425 3637 2011 3708 vuly.Eud.11
2048 3627 2195 3700 Ὦτις
2234 3639 2326 3693 vel
2354 3630 2515 3707 Ὦτης
2552 3639 2681 3694 libri
2719 3660 2855 3708 ωτης

557 3720 660 3767 AV
689 3707 848 3781 Ὦπις
879 3718 1022 3774 coni.
1052 3719 1141 3773 vir
1168 3721 1368 3775 doetus
1395 3719 1546 3789 apud
1572 3719 1807 3774 Meinek.
1845 3719 2172 3787 Πατριῶται
2200 3736 2268 3774 ex
2296 3719 2499 3773 Athen.
2536 3718 2643 3773 XV
2669 3737 2725 3788 p.
2755 3726 2853 3774 700

559 3794 854 3863 Gaisford,
901 3800 1050 3866 quod
1095 3798 1368 3869 praetulit
1410 3798 1584 3855 etiam
1620 3798 1793 3853 Dawb
1888 3798 2120 3861 Φιλῶτις
2159 3798 2415 3854 Meineke
2470 3797 2473 3801 ⁴
2571 3805 2635 3853 12
2676 3796 2857 3870 Συρος

558 3870 1020 3948 απελαυνόμενος
1046 3878 1199 3935 Eud.
1239 3878 1336 3933 καὶ
1369 3875 1643 3948 Τοκιστής
1670 3896 1778 3935 om.
1811 3878 1938 3934 Vin.
1970 3878 2166 3974 (habet
2192 3880 2367 3935 codex
2394 3878 2571 3945 Eud.)
2680 3880 2857 3933 ταῦτα

558 3984 626 3995 --
667 3956 797 4011 exit.
846 3975 955 4014 om.
993 3959 1147 4015 Eud.
1184 3960 1364 4014 ταῦτα
1411 3957 1513 4029 μεν
1560 3954 1699 4027 παρ’
1744 3955 2019 4031 Ἀθηναίῳ
2069 3948 2241 4029 εὖρον
2286 3959 2525 4028 κείμενα
2573 3958 2856 4029 ingeniose

559 4034 702 4091 coni.
732 4036 958 4109 Romae,
984 4038 1123 4095 Mus.
1156 4039 1334 4095 Rhen.
1364 4039 1601 4094 XXXIII
1637 4058 1691 4109 p.
1727 4044 1827 4093 182
1864 4040 1978 4094 not.

699 4112 930 4172 DLXIII
966 4120 1118 4177 Eud.
1149 4138 1204 4189 p.
1235 4124 1356 4174 511.
1405 4119 1486 4178 Cf
1517 4137 1569 4174 v.
1600 4116 1990 4189 Μητροφάνης
2016 4121 2257 4189 Κορνηλ.
2298 4120 2357 4173 et
2394 4136 2539 4187 quae
2570 4119 2857 4198 disputant

558 4194 772 4264 Rohde,
809 4196 902 4252 Gr.
930 4197 1148 4254 Roman
1175 4218 1230 4269 p.
1261 4206 1364 4254 326
1395 4202 1526 4255 not.-
1545 4206 1572 4253 1
1612 4200 1673 4254 et
1698 4198 1879 4265 Daub,
1911 4199 2072 4253 Stud.
2101 4216 2155 4268 p.
2188 4205 2257 4255 70
2368 4204 2435 4253 14
2472 4195 2762 4253 Μακεδὼν
2792 4218 2857 4254 ex

557 4275 680 4331 Par.
706 4276 979 4333 Kusterus
1003 4274 1364 4334 Μακεδόνων
1391 4281 1538 4349 vuly.
1559 4280 1711 4335 Eud.
1828 4284 1893 4334 18
1922 4274 2857 4350 καὶᾶλ.π.1ὀι·1;.ε.1ἰιι.ΐ;ι·ει.ιιεΡοιι.

701 4355 932 4409 DLXIV
969 4357 1121 4411 Eud.
1150 4376 1204 4427 p.
1237 4364 1355 4413 513.
1410 4360 1642 4414 Tractat
1668 4359 1927 4415 Meineke
1958 4358 1983 4411 Ι
2018 4377 2076 4429 Ρ.
2107 4363 2211 4414 256
2238 4376 2355 4427 seq.
2466 4366 2536 4414 20
2576 4361 2857 4431 Νικοφῶν
