3025 4892
587 211 715 279 192
1513 210 1944 268 HESYCHIUS.

761 372 1112 441 DGOVIII.
1170 376 1533 461 Σεβῆρος
1600 370 1919 459 σοφιστὴς
1964 369 2285 460 Ῥωμαῖος
2315 426 2328 440 .
2362 425 2376 440 .
2408 424 2423 438 .
2452 425 2465 438 .
2542 367 2616 455 [ὃ
2668 376 2861 457 Σεβῆ-

585 507 702 567 ρος
756 470 952 559 οὗτος
1008 480 1111 548 ἐπὶ
1173 476 1534 573 Ἀνθεμίου
1588 482 1911 565 βασιλέως
1974 472 2091 566 ἦν,
2158 481 2231 546 ἐν
2291 478 2748 567 Ἀλεξανδρείᾳ
2800 478 2862 545 δὲ
2966 506 2968 513 ·

587 586 996 675 ἀφικόμενος
1040 586 1158 655 τὸν
1205 585 1605 675 ἀπράγμονα
1652 593 1808 673 βίον
1856 592 1995 674 ἔζη,
2042 590 2442 673 φιλοσοφῶν
2490 589 2562 654 ἐν
2598 591 2863 671 βιβλίοις

591 692 928 781 ἀφθόνοις
975 686 1172 763 οὖσιν
1221 692 1399 787 αὐτῷ
1448 696 1559 763 καὶ
1605 699 2075 773 παντοδαποῖς.
2146 703 2327 781 εἴπερ
2378 696 2457 761 δε’
2497 720 2595 773 τις
2640 696 2861 779 ἕτερος,

533 826 558 865 5
593 799 823 879 ἱκανὸς
890 792 975 887 ἦν
1044 801 1494 888 ἐπαγαγέσθαι
1558 801 1715 880 τοὺς
1783 802 1889 869 ἐπὶ
1954 805 2223 891 παιδεία
2279 799 2739 888 διενεγκόντας
2788 797 2865 877 ῶς

592 905 799 975 αὑτὸν
849 910 1022 975 ἰέναι
1068 908 1408 1005 πολλάκις·
1458 907 1744 995 ἐπιεικής
1788 934 1860 976 τε
1886 962 1901 977 .
1932 962 1946 977 .
1976 912 2019 995 .]

767 1024 1049 1092 DGGIX.
1104 1027 1564 1103 Σεκοῦνδος
1596 1020 1955 1110 Ἀθηναῖος
1992 1024 2334 1110 σοφιστής,
2382 1020 2456 1103 ὃς
2493 1022 2864 1112 ἐχρημάτισε
2968 1038 2970 1057 ²

586 1131 921 1218 Πλήνιος,
990 1129 1443 1217 ἐπωνομάζετο
1511 1129 1586 1197 δὲ
1648 1130 1759 1196 καὶ
1810 1128 2160 1217 Ἐπίουρος
2220 1128 2307 1208 ῶς
2359 1129 2505 1210 υίὸς
2558 1132 2861 1208 τέκτονος.

587 1237 972 1325 καθηγητὴς
1036 1237 1112 1304 δὲ
1174 1238 1408 1323 γέγονε
1471 1238 1583 1303 καὶ
1626 1233 1940 1324 Ἡρώδου
2003 1239 2123 1303 τοῦ
2185 1240 2535 1323 σοφιστοῦ.
2638 1242 2863 1324 ἔγραψε

511 1369 561 1408 ιο
590 1346 860 1433 μελέτας
905 1342 1278 1432 ῥητορικάς.

765 1462 1014 1530 DGOX.
1087 1461 1545 1538 Σέλευκος
1586 1456 2059 1545 Ἀλεξανδρεὺς
2111 1457 2592 1546 γραμματικός,
2648 1454 2721 1537 ὃς
2772 1459 2863 1525 ἐπ-

588 1566 840 1655 εκλήθη
878 1564 1258 1655 Ὁμηρικός,
1304 1568 1734 1651 ἐσοφίστευσε
1778 1564 1855 1633 δὲ
1900 1566 1973 1632 ἐν
2008 1562 2247 1653 Ῥῶμῃ.
2322 1570 2613 1653 ἔγραψεν
2658 1566 2861 1651 ἐξηγη-

583 1671 730 1743 τικά
789 1678 884 1753 εἰς
937 1672 1153 1740 πάντα
1209 1670 1299 1751 ῶς
1344 1676 1557 1739 εἰπεῖν
1604 1670 1919 1757 ποιητήν,
1976 1673 2127 1759 περὶ
2172 1676 2290 1758 τῆς
2336 1674 2409 1740 ἐν
2458 1670 2860 1759 συνωνύμως

588 1784 950 1869 διαφορᾶς,
1007 1779 1156 1867 περὶ
1211 1782 1345 1846 τῶν
1402 1781 1667 1860 ψευδῶς
1716 1779 2284 1865 πεπιστευμένων,
2339 1779 2490 1867 περὶ
2536 1782 2673 1848 τῶν
2716 1774 2851 1863 παρ’

506 1876 1082 1977 ιε’Λλεξανδρεῦσι
1154 1890 1561 1974 παροιμιῶν,
1636 1885 1785 1974 περὶ
1851 1890 2036 1953 θεῶν
2100 1891 2324 1971 βιβλία
2390 1888 2463 1973 ρ’
2531 1887 2642 1954 καὶ
2714 1885 2858 1952 ἄλλα

587 1994 938 2081 σύμμικτα.

762 2102 1041 2169 DCCXI.
1099 2100 1489 2178 Σέλευκος
1520 2096 1873 2185 Ἐμισηνὸς
1910 2097 2394 2189 Ιγραμματικός
2418 2098 2449 2190 Ι.
2498 2098 2852 2169 Ἀσπαλιευ-

585 2206 732 2276 τικά
800 2206 892 2275 δι’
963 2211 1140 2277 ἐπῶν
1199 2211 1428 2294 βιβλία
1487 2204 1581 2290 δ’,
1639 2203 1652 2295 Ι
1704 2208 1797 2283 εἰς
1851 2204 2009 2284 τοὺς
2073 2205 2390 2293 λυρικοὺς
2452 2204 2855 2296 ὑπόμνημαΙ,

586 2313 904 2405 Παρθικὰ
943 2314 1086 2383 δύο.
1150 2314 1262 2381 καὶ
1299 2310 1508 2381 ἄλλον
1548 2311 1627 2379 δέ
1660 2338 1808 2379 τινα
1848 2314 2253 2381 Σέλευκον
2301 2305 2505 2403 εὗρον
2553 2316 2627 2382 ἐν
2668 2338 2851 2403 παρα-

510 2448 562 2488 20
591 2422 806 2511 θήκῃ,
848 2429 1075 2510 βιβλία
1123 2420 1198 2490 δὲ
1246 2417 1369 2489 οὐκ
1415 2417 1565 2506 εἶχε.

730 2618 1003 2673 DCCVIII
1031 2635 1140 2673 om.
1165 2617 1435 2672 Westerm.
1542 2622 1569 2669 1
1601 2614 1833 2671 Lemma
1869 2632 1904 2670 a
1938 2615 2236 2672 Damaseio
2274 2617 2517 2687 petitum
2547 2637 2670 2675 cum
2697 2615 2857 2672 verbis

587 2701 843 2772 Σεβῆρος
883 2731 946 2738 -
979 2695 1269 2767 Ῥωμαῖος,
1317 2714 1352 2750 a
1397 2694 1599 2764 quibus
1647 2695 1855 2764 eclogia
1902 2698 1975 2750 ad
2014 2698 2280 2753 Severum
2318 2698 2714 2768 imperatorem
2749 2714 2854 2765 spe-

589 2780 870 2834 ctantibus
909 2780 1158 2833 seiuncta
1188 2778 1441 2843 fuerunt,
1479 2776 1775 2830 cohaerere
1816 2777 2096 2832 intellexit
2122 2778 2411 2833 Kusterus.
2468 2777 2689 2833 Excidit
2721 2778 2852 2831 vitae

589 2860 972 2930 Hesychianae
1009 2876 1163 2930 pars,
1199 2860 1389 2926 itaque
1427 2858 1661 2911 lacunae
1710 2855 1928 2924 signum
1969 2856 2157 2925 posui3
2196 2856 2345 2911 infra
2382 2857 2574 2927 posuit
2615 2856 2856 2923 Gaisford

730 2939 948 2993 DCCIX
988 2938 1068 2993 Of.
1107 2938 1430 2993 Philostrat.
1461 2935 1572 2989 Vit.
1604 2937 1646 3004 I,
1676 2942 1744 2989 26
1880 2944 1911 2992 8
1950 2934 2196 3006 Πλήνιος
2232 2941 2445 2991 Amffl
2473 2943 2593 2993 Ala.
2634 2942 2854 2996 Πλυνιος

587 3019 687 3072 rel.
718 3013 1077 3089 Πολεμώνιος
1106 3018 1246 3074 coni.
1282 3016 1629 3084 Bernhardy.
1690 3015 1895 3071 Suidae
1924 3020 2194 3084 erratum,
2232 3020 2330 3087 qui
2377 3020 2603 3074 omnino
2633 3018 2850 3073 Plinium

589 3098 902 3154 Secundum
932 3101 992 3154 eb
1028 3099 1334 3168 sophistam
1373 3096 1653 3165 confudit,
1690 3098 2030 3152 nofiaverunt
2064 3099 2388 3153 Holstenius
2424 3102 2483 3153 et
2518 3099 2795 3154 Reinesius

589 3186 620 3234 9
679 3174 932 3248 Ἡρώδου
987 3184 1087 3232 Av
1145 3174 1451 3247 Ἡροδότου
1517 3177 1614 3229 rel.
1696 3175 1905 3232 Verum
1969 3178 2113 3233 vidit
2166 3179 2489 3234 Holstem’us
2556 3180 2683 3234 coll.
2745 3180 2849 3233 loco

588 3258 921 3313 Philostrati

731 3337 926 3392 DCCX
962 3338 1114 3393 Eud.
1151 3356 1203 3409 p.
1236 3342 1354 3392 648.
1421 3337 1496 3392 cf.
1540 3336 1745 3392 Mfiller
1776 3337 1853 3391 ΠΙ
1889 3357 1944 3407 p.
1976 3345 2105 3405 50ος
2144 3339 2219 3393 M.
2250 3338 2530 3409 Schmidt,
2569 3340 2765 3395 Philol.
2791 3338 2853 3391 ΙΙΙ

588 3438 642 3489 p.
673 3425 778 3473 436
806 3435 946 3486 seq.;
985 3417 1171 3485 Daub‚
1213 3418 1370 3473 stud.
1411 3436 1463 3486 p.
1508 3424 1609 3471 118
1793 3423 1858 3472 13
1905 3415 2093 3473 πάντα
2140 3450 2207 3459 ——
2254 3417 2492 3489 ποιητήν
2543 3421 2640 3490 „in
2689 3436 2854 3475 omnes

589 3498 994 3569 propemodum
1031 3500 1297 3568 poetas“;
1340 3514 1635 3566 perperam
1671 3498 1945 3553 Kasterus
2014 3495 2114 3553 τὸν
2161 3501 2292 3554 ante
2344 3498 2586 3571 ποιητήν
2632 3502 2850 3555 inserens

589 3579 782 3634 vertifiz
820 3579 880 3632 in
915 3579 1099 3633 totum
1128 3580 1353 3646 poetam
1389 3593 1460 3631 sc.
1490 3577 1813 3634 Homerum.
1867 3578 2014 3644 Quid
2042 3578 2191 3633 enirn
2212 3574 2303 3643 ’ὡς
2342 3578 2525 3636 εἰπεῖν
2564 3580 2853 3650 significat?

596 3665 659 3714 15
699 3656 753 3728 ρ’
793 3677 939 3728 susp.
977 3658 1229 3726 Daubi0‚
1266 3658 1374 3713 nisi
1410 3658 1597 3727 potins
1636 3660 1709 3713 ad
1747 3676 1937 3715 omnes
1972 3660 2146 3714 libros
2185 3660 2292 3714 Sel.
2334 3660 2684 3715 referendum

732 3748 952 3803 DCCXI
993 3749 1143 3802 Eud.
1183 3749 1220 3802 l.
1250 3766 1316 3817 e.‚
1352 3765 1496 3816 quae
1532 3747 1734 3819 incipif,
1769 3749 1865 3803 καὶ
1906 3747 2092 3819 ἕτερος
2118 3752 2185 3804 Σ.
2301 3755 2364 3803 17
2401 3744 2707 3819 Ἐμεσηνός
2730 3750 2853 3817 vulg).

585 3824 883 3902 Ἐμισηνός
920 3834 966 3882 A
1002 3834 1119 3884 Ald.
1142 3829 1307 3883 Ἐκεῖ.
1513 3834 1579 3883 18
1625 3830 1762 3901 βιβλ.
1801 3826 1862 3882 α’
1895 3833 1941 3881 A
2068 3828 2148 3891 εἰς
2176 3846 2285 3897 seq.
2318 3829 2698 3887 Alexandrino
2725 3831 2855 3885 dedit

592 3913 851 3979 Schmidt,
888 3911 960 3965 ad
990 3909 1229 3965 eundem
1259 3908 1430 3962 etiam
1458 3910 1814 3977 grammafiioi
1840 3910 2281 3980 appellationem
2308 3911 2530 3965 retfiulit
2562 3910 2855 3967 Gutschmid

594 4000 659 4048 19
709 3988 1033 4065 παρθενικαὶ
1070 3995 1111 4042 B
1283 3988 1380 4043 καὶ
1426 3984 1597 4044 ἄλλον
1644 4021 1707 4029 -
1757 3990 1887 4045 exit.
1937 4007 2042 4044 om.
2082 3991 2263 4059 Eud„
2318 3990 2523 4059 quibus
2581 3993 2649 4047 de
2698 3990 2854 4047 verbis

592 4074 666 4129 ad
701 4074 971 4129 librorum
1015 4071 1256 4126 indicem
1305 4069 1716 4139 spectantibus,
1759 4070 2070 4141 disputavit
2106 4071 2451 4137 Volkmann,
2492 4072 2714 4137 Quaeet.
2748 4086 2850 4125 nov.

590 4219 644 4270 p.
674 4199 753 4252 XI
791 4200 907 4253 not.
941 4204 1005 4251 13
1153 4191 1214 4250 ἐν
1252 4160 1475 4264 παραθτ
1512 4199 1559 4247 A
1597 4186 1660 4249 ἓν
1698 4160 1995 4265 ἔμποιραθτ
2022 4199 2067 4246 V
2108 4191 2169 4249 ἐν
2206 4193 2520 4268 παραθήκῃ
2552 4195 2854 4264 Bernhardy

590 4273 762 4415 ἔιδον
789 4274 927 4348 παρ’
963 4273 1242 4351 Ἀθηναίῳ
1269 4276 1411 4332 coni.
1443 4276 1650 4346 Rohde,
1679 4276 1819 4333 Mun.
1844 4278 2017 4333 Rhen.
2054 4276 2289 4330 XXXIII
2317 4295 2370 4347 p.
2404 4281 2502 4331 182
2532 4279 2659 4333 coll.
2680 4278 2853 4332 Abhen.

486 4408 490 4412 .
731 4376 786 4430 p.
817 4364 918 4414 697
2702 4394 2708 4399 -

2966 4268 2977 4481 1

2969 4640 2976 4850 4
