3025 4892
525 192 610 257 94
1449 184 1874 251 HESYCHIU's.
1926 180 1929 185 ’
2031 262 2035 269 ,

522 356 794 442 τελευτᾷ
842 351 916 419 δὲ
961 354 1036 419 ἐν
1071 352 1388 441 Ἀθήναις
1431 356 1598 423 ἐτῶν
1645 355 1716 423 α’
1755 356 1865 423 καὶ
1902 354 1995 443 μ’,
2032 360 2126 423 ἔτι
2164 359 2285 424 τοῦ
2320 354 2572 443 πατρὸς
2608 353 2823 423 αὐτοῦ

521 460 886 547 περιόντος.
986 464 1231 549 ἔγραψε
1297 461 1370 529 δὲ
1425 462 1537 530 καὶ
1592 464 1832 550 τέχνην
1893 460 2253 549 ῥητορικὴν
2309 465 2383 531 ἐν
2440 464 2653 554 μέτρῳ
2700 462 2822 529 καὶ

525 562 694 633 ἄλλα
739 564 890 634 τινὰ
937 566 1421 655 καταλογάδην.

683 673 1161 754 ‚GOOXLVIIL
1242 678 1690 764 Θεοδέκτης
1749 680 2128 764 Φασηλίτης
2182 674 2433 765 ῥήτωρ,
2491 675 2637 757 υίὸς
2688 680 2823 745 τοῦ

397 841 402 846 .
477 801 502 841 5
529 781 875 867 προτέρου.
978 786 1267 867 ἔγραψεν
1333 781 1664 869 ἐγκώμιον
1709 780 2150 871 Ἀλεξάνδρου
2212 788 2335 851 τοῦ
2385 780 2820 871 Ἠπειρώτου,

522 886 822 973 ἱστορικὰ
859 884 1334 975 ὑπομνήματα,
1383 888 1635 976 νόμιμα
1680 888 2086 979 βαρβαρικά,
2125 888 2139 980 Ι
2175 891 2417 977 τέχνην
2456 888 2821 978 ῥητορικὴν

521 994 595 1061 ἐν
641 999 928 1080 βιβλίοις
975 994 1029 1075 ζ’
1070 994 1084 1086 Ι
1122 997 1232 1063 καὶ
1279 994 1448 1063 αλλα
1493 994 1705 1064 πολλὰ
1750 993 2209 1083 ὑπομνήματα.

701 1102 1088 1170 OOOXLIX.
1181 1101 1615 1183 Θεοδόσιος
1677 1101 2069 1190 φιλόσοφος.
2180 1109 2425 1192 ἔγραψε
2494 1104 2817 1193 σφαιρικὰ

529 1210 602 1276 ἐν
647 1214 936 1295 βιβλίοις
980 1210 1046 1297 γ’
1054 1262 1072 1296 ,
1118 1207 1481 1299 ὑπόμνημα
1530 1215 1625 1290 είς
1669 1208 1747 1277 τὰ
1794 1214 2048 1279 Θευδᾶ-
2045 1210 2422 1298 κεφάλαια,
2467 1212 2617 1299 περὶ
2660 1208 2822 1299 ἡμε-

451 1336 502 1375 10
530 1318 672 1403 ρῶν
725 1317 836 1383 καὶ
890 1321 1152 1386 νυκτῶν
1209 1316 1302 1403 β’,
1362 1314 1721 1405 ὑπόμνημα
1772 1322 1867 1397 εἰς
1911 1316 1987 1385 τὸ
2029 1314 2469 1407 Ἀρχιμήδους
2514 1320 2819 1406 ἐφόδιον,

525 1422 900 1510 διαγραφὰς
946 1427 1175 1491 οἰκιῶν
1225 1427 1297 1493 ἐν
1342 1429 1629 1511 βιβλίοις
1674 1423 1765 1511 γ’,
1812 1424 2122 1493 σκεπτικὰ
2168 1425 2533 1514 κεφάλαια,
2579 1424 2818 1513 ἀστρο-

524 1529 790 1616 λογικά,
837 1531 986 1621 περὶ
1035 1531 1378 1619 οἰκήσεων.

527 1636 538 1645 ’
703 1638 936 1707 GOOL.
1030 1638 1477 1720 Θεοδόσιος.
1580 1644 1825 1729 ἔγραψε
1884 1638 1974 1708 δι’
2034 1642 2209 1710 ἐπῶν
2268 1645 2362 1722 είς
2416 1639 2493 1709 τὸ
2541 1645 2657 1730 ἔαρ
2709 1640 2825 1708 καὶ

525 1744 716 1833 ἔτερα
763 1746 1076 1833 διάφορα.
1168 1738 1256 1833 ἦν
1306 1745 1380 1814 δὲ
1435 1752 1845 1834 Τριπολίτης.

447 1870 497 1909 1⁵
704 1853 969 1922 CCCLI.
1063 1851 1477 1937 Θεόδωρος
1542 1849 1578 1921 ὁ
1644 1855 1919 1941 ἐπίκλην
1965 1852 2239 1942 mesos,
2306 1851 2381 1936 ὃς
2444 1852 2823 1943 ἠκροάσατο

525 1956 846 2045 Ζήνωνος
889 1964 1011 2028 τοῦ
1059 1961 1370 2046 Κιτιέως,
1428 1958 1744 2047 διήκουσε
1792 1960 1867 2029 δὲ
1912 1963 2024 2029 καὶ
2070 1961 2437 2052 Βρύσωνος
2480 1963 2591 2029 καὶ
2638 1963 2825 2050 Πύρ-

526 2091 744 2151 ρωνος
798 2070 920 2134 τοῦ
977 2068 1356 2153 ἐφεκτικοῦ,
1412 2063 1826 2155 ἀδιαφορίαν
1885 2068 2179 2151 δοξάζων
2224 2070 2336 2138 καὶ
2382 2068 2818 2157 παραδιδούς.

405 2231 418 2244 .
524 2176 783 2258 αἵρεσιν
833 2176 1015 2241 ἰδίαν
1063 2164 1279 2261 εὗρεν,
1324 2171 1468 2260 ἥτις
1514 2176 1925 2261 Θεοδώρειος
1972 2176 2243 2264 ἐκλήθη.
2331 2166 2528 2257 οὗτος
2575 2180 2823 2265 ἔγραψε

523 2277 734 2347 πολλὰ
793 2286 1226 2349 συντείνοντα
1287 2286 1380 2360 εἰς
1434 2279 1559 2367 τὴν
1617 2285 1869 2349 οἰκείαν
1932 2286 2193 2371 αἵρεσιν
2244 2282 2355 2351 καὶ
2421 2280 2590 2351 ἄλλα
2645 2280 2819 2349 τινά.

449 2404 502 2445 20
533 2375 756 2468 [οὗτος
786 2384 924 2453 εἶπε
951 2385 1116 2474 πρὸς
1136 2384 1527 2475 Ἱππαρχίαν
1555 2386 1681 2474 τὴν
1708 2402 1996 2474 γυναῖκα
2025 2389 2375 2478 Κράτητος
2404 2386 2607 2475 ξαὕτη
2638 2388 2822 2457 ἐστὶν

527 2488 569 2578 ἡ
606 2490 722 2572 τὰς
766 2491 932 2581 πρὸς
969 2491 1194 2574 ἱστοὺς
1240 2496 1599 2563 ἐκλιποῦσα
1636 2499 1944 2581 κερκίδας
1974 2496 2084 2563 καὶ
2113 2502 2409 2585 τρίβωνα
2438 2497 2819 2584 φοροῦσα’.]

667 2749 698 2798 2
747 2742 879 2814 περὶ
916 2744 1133 2817 μέτρων
1173 2746 1454 2813 Mo'ircker,
1501 2745 1571 2799 de
1611 2745 1820 2799 Theod.
1870 2746 1967 2801 vit.
2008 2765 2063 2816 p.
2103 2753 2187 2803 55.
2260 2746 2473 2804 Locum
2521 2763 2589 2801 ex
2628 2746 2821 2817 Steph.

523 2822 652 2891 Byz.
682 2824 718 2880 1.
750 2841 796 2880 c.
837 2826 1226 2896 corrigendum
1257 2843 1376 2881 esse
1405 2824 1693 2895 perspexit
1718 2825 1941 2895 Rome,
1977 2826 2119 2882 Mus,
2148 2826 2323 2883 Rhen.
2354 2826 2587 2882 XXXIV
2613 2846 2669 2897 Ρ.
2702 2832 2823 2893 567,

522 2903 620 2957 ubi
668 2903 984 2975 Stephanus
1029 2906 1225 2961 laudet
1269 2907 1366 2962 καὶ
1411 2903 1614 2975 λόγους
1660 2900 1991 2997 ῥητορικοὺς
2046 2901 2199 2961 ἐπῶν
2244 2909 2349 2962 καί
2390 2906 2508 2977 (ubi
2556 2922 2821 2962 numerus

523 2982 711 3053 latet),
757 2985 905 3041 unde
941 2986 1281 3057 Hesychium
1315 2987 1490 3042 verba
1524 2984 1697 3040 fontis
1736 2985 1847 3055 sui,
1904 2985 2154 3041 Philonis
2200 2986 2413 3057 Byblfi,
2462 2987 2610 3041 male
2656 2985 2822 3040 intel-

524 3063 724 3119 lexisse
760 3065 1054 3135 totumque
1093 3066 1280 3121 locum
1318 3066 1657 3121 deformasse
1695 3068 1969 3135 appareat

667 3146 1029 3200 OCCXLVIII
1064 3147 1689 3203 Eud.1.o.Tractan1·‚
1712 3143 1919 3199 Muller
1955 3144 2008 3200 II
2052 3165 2106 3216 p.
2144 3152 2277 3216 369,
2313 3145 2479 3201 Daub
2524 3146 2561 3203 l.
2602 3163 2651 3203 e.
2666 3146 2821 3217 ,qui

525 3244 591 3281 ex
627 3242 742 3281 uno
775 3226 878 3281 Th.
917 3227 1056 3282 duos
1091 3228 1272 3282 factos
1311 3245 1430 3283 esse
1467 3229 1637 3298 putat
1780 3230 1812 3279 5
1844 3219 1941 3279 Ἄλ.
1979 3245 2025 3279 τ.
2064 3221 2327 3297 Πριάμου
2368 3221 2484 3295 byn.
2522 3226 2650 3281 add.
2699 3230 2746 3278 A

524 3314 557 3363 6
595 3308 692 3362 καὶ
728 3311 858 3378 post
887 3304 1136 3378 ἱστορικὰ
1174 3309 1302 3363 add.
1339 3310 1485 3378 vul-q.
1520 3323 1628 3363 οιιι.
1656 3309 1756 3360 AV
1786 3304 1935 3360 Eud.
2050 3305 2218 3377 τέχνη
2254 3305 2431 3377 patris
2470 3306 2822 3361 Theodectae

525 3392 612 3443 est
757 3395 786 3443 7
825 3385 874 3443 κ’
913 3394 956 3441 Ε
994 3405 1140 3442 man.
1180 3389 1206 3441 I
1246 3383 1331 3443 ἑνὶ
1369 3405 1506 3443 οοιι.
1548 3382 1608 3441 α’
1639 3392 1694 3439 1

665 3466 976 3521 CCCXLIX
1013 3466 1166 3523 Eud.
1203 3487 1258 3537 p.
1286 3474 1406 3523 369.
1457 3468 1540 3522 Cf.
1568 3485 1620 3522 v.
1655 3462 2040 3538 Τριβωνιανὸς
2068 3427 2195 3521 Σιὸ.
2235 3465 2463 3521 Suidam
2502 3466 2817 3522 confudisse

527 3546 663 3601 duos
701 3550 981 3615 ancssores,
1020 3547 1328 3617 scepbieum
1367 3550 1424 3603 et
1459 3544 1926 3601 mathematicum
1956 3548 2198 3616 constat,
2236 3546 2545 3602 Endoeiam
2581 3564 2730 3615 quae
2765 3548 2822 3601 in

523 3628 629 3681 hae
665 3628 784 3683 vita
819 3590 1101 3682 addiderit
1141 3628 1471 3697 Τριπολίτης
1504 3628 1679 3681 iai-ium
1715 3624 1961 3681 virorum
1996 3627 2144 3682 vitas
2180 3628 2537 3697 perturbasse
2574 3630 2740 3697 patet

523 3714 554 3761 9
597 3709 783 3780 βιβλία
811 3704 857 3775 γ’
888 3711 935 3758 V
1035 3700 1416 3777 ὑπομνήματα
1443 3714 1486 3760 E
1601 3713 1664 3761 11
1706 3703 1900 3761 οἰκιῶν
1930 3738 1997 3747 -
2025 3702 2151 3777 ἤτοι
2188 3705 2319 3776 περὶ
2357 3702 2631 3775 οἰκήσεων
2668 3707 2821 3762 Eud.

665 3786 838 3843 (3ch
877 3788 1028 3842 Eud.
1067 3805 1122 3856 p.
1162 3793 1266 3841 370
1387 3794 1455 3843 14
1492 3787 1716 3843 cuinam
1754 3804 1784 3841 e
1822 3786 2145 3842 Theodosiis
2183 3786 2482 3842 conveniat
2516 3786 2657 3840 inud
2696 3792 2818 3855 Τρι-

521 3870 765 3937 πολίτης,
804 3859 1058 3934 dubium3
1097 3868 1229 3922 huic
1260 3868 1595 3938 Theodosio,
1634 3887 1799 3937 quem
1829 3870 2183 3925 Theodotum
2218 3869 2411 3935 vot-:aig
2452 3883 2676 3921 carmen
2724 3872 2818 3921 120

521 3965 781 4003 versuum
820 3945 901 4009 εἰς
936 3943 998 4002 τὸ
1051 3944 1152 4017 ἔαρ
1199 3948 1532 4019 inscriptum
1578 3952 1637 4003 et
1674 3949 1886 4004 editum
1928 3966 1965 4003 a
2001 3949 2241 4004 Cramer.
2281 3946 2489 4000 Anecd.
2527 3945 2706 3999 Paris.
2748 3946 2819 4000 IV

523 4047 577 4097 Ρ.
617 4034 720 4083 348
759 4026 960 4082 tribuit
993 4025 1277 4095 Meineke‚
1317 4030 1476 4085 Anal.
1517 4048 1571 4099 p.
1611 4028 1715 4081 VII
1752 4032 1809 4084 et
1844 4048 1897 4099 p.
1938 4035 2042 4083 403

665 4107 872 4163 CCCLI
922 4113 986 4161 16
1017 4102 1304 4177 Πύρωνος
1317 4114 1362 4161 Δ
1397 4108 1724 4179 interpunxi
1761 4127 1887 4165 eum
1918 4109 2193 4164 Wester‘m.
2234 4108 2333 4161 καὶ
2378 4108 2525 4161 ante
2546 4101 2819 4177 άδιαφορ.

521 4188 758 4245 inseruit
783 4189 1084 4256 KusteruS,
1126 4187 1212 4242 δὲ
1229 4191 1359 4257 post
1395 4184 1486 4244 οἶδ.
1514 4190 1875 4260 Bernhardy,
1912 4190 2147 4256 uterque
2183 4188 2316 4257 post
2354 4182 2659 4255 ἔφεκτικοῦ
2700 4188 2818 4257 ple-

525 4270 653 4323 nius
691 4269 1041 4358 distingueris
1150 4273 1219 4323 20
1258 4259 1423 4331 οὗτος
1451 4300 1519 4309 -
1547 4269 1639 4325 fin.
1669 4268 1879 4323 Swidas
1914 4285 1983 4322 ex
2019 4266 2181 4336 Diog.
2213 4265 2315 4333 VI,
2352 4270 2419 4318 98
2458 4265 2821 4337 deprompsit,

523 4349 715 4417 itaque
755 4347 995 4415 expunxi
1137 4353 1204 4400 21
1245 4348 1435 4419 Eurip.
1472 4348 1675 4403 Bacch
1717 4354 1855 4402 1234
1999 4347 2097 4402 καὶ
2136 4364 2250 4415 seq.
2288 4362 2399 4401 om.
2436 4344 2601 4415 Diog.
