3025 4892
514 190 606 256 40
1435 190 1865 248 HESYCHIUS.

517 391 639 451 σας
689 368 854 439 κατὰ
910 369 1027 450 τὰς
1077 367 1368 456 Ἀθήνας
1422 375 1825 461 Καλλινίκςο,
1868 374 1959 463 τῷ
2018 368 2351 460 διασήμῳ,
2418 368 2631 452 δεξιὸς
2677 368 2805 456 τὴν
2981 339 2984 406 ἱ

517 478 753 567 φύσιν,
797 479 910 546 καὶ
953 475 1120 564 ὅλην
1167 479 1444 564 μελέτην
1481 475 2083 564 ἀπομνημονεύσας
2120 479 2196 545 ἐν
2234 481 2443 568 <μιᾷ>
2480 473 2811 564 ἀκροάσει.

514 593 784 674 τελευτᾷ
831 584 908 656 δὲ
952 585 1103 664 νέος
1151 585 1318 654 ἐτῶν
1363 583 1485 669 κη’.
1578 589 1826 671 ἔγραψε
1882 583 1958 652 δὲ
2013 582 2245 664 λαλιὰς
2300 581 2449 671 ἤτοι
2497 584 2811 664 διαλέξεις

515 692 626 759 καὶ
663 692 953 779 μελέτας,
1000 682 1097 760 ὧν
1136 693 1318 759 ἐστιν
1357 688 1392 758 ὁ
1431 689 1667 770 ἄπολις
1703 688 1946 758 ἑαυτὸν
1976 689 2457 786 ἀποκηρύττων
2494 688 2650 777 μετὰ
2681 687 2813 775 τὴν

462 809 488 850 5
514 803 652 867 τῶν
715 803 959 886 Θηβῶν
1023 797 1488 885 κατασκαφήν,
1553 796 2050 885 προπεμπτικὸν
2117 796 2321 894 πρὸς-
2349 796 2511 877 τοὺς
2574 799 2813 866 ἑαυτοῦ

518 907 822 993 ἑταίρους
870 910 1233 995 Δᾳδοῦχον
1277 906 1389 972 καὶ
1429 902 1951 991 Ἀσκληπιάδην,
1996 903 2522 992 πανηγυρικούς.

696 1012 950 1082 CLXII.
1023 1015 1328 1098 Γέσιος,
1368 1013 1911 1100 ἰατροσοφιστής,
1961 1019 2291 1099 Πετραῖος
2326 1010 2401 1080 τὸ
2441 1013 2663 1098 γένος,
2702 1012 2813 1080 ἐπὶ

517 1119 852 1207 Ζήνωνος.
924 1118 1233 1188 καθελὼν
1273 1119 1349 1188 δὲ
1387 1118 1671 1205 Δόμνον
1708 1117 1829 1187 τὸν
1878 1120 2119 1188 ἑαυτοῦ
2167 1118 2610 1205 διδάσκαλον,
2650 1117 2815 1187 'Iov-

518 1230 715 1293 δαῖον
782 1222 944 1293 ὄντα
1007 1226 1117 1293 καὶ
1180 1223 1340 1304 τοὺς
1404 1225 1706 1310 ἑταίρους
1771 1229 1864 1304 εἰς
1929 1223 2166 1292 ἑαυτὸν
2239 1225 2819 1312 μεταστησάμενος

442 1343 491 1382 1⁰
519 1329 754 1418 ὀλίγου
813 1330 1091 1417 πάντας,
1150 1334 1450 1418 πανταχῇ
1513 1332 1899 1420 ἐγνωρίζετο
1964 1332 2075 1399 καὶ
2134 1334 2303 1419 μέγα
2367 1334 2559 1412 κλέος
2622 1331 2818 1420 εἶχεν.

518 1428 713 1516 οὗτος
756 1435 1164 1525 κατώρθωσε
1208 1437 1447 1524 τέχνην
1495 1440 1744 1522 ἰατρῶν
1789 1435 1952 1504 καθ’
2006 1435 2247 1504 ἑαυτὸν
2293 1436 2583 1507 πάντων.

692 1544 980 1612 CLXIII.
1052 1543 1451 1630 Γεωργιος
1489 1541 1803 1622 διάκονος
1838 1548 1955 1630 τῆς
1990 1543 2283 1630 μεγάλης
2322 1546 2665 1632 ἐκκλησίας
2701 1547 2815 1614 καὶ

515 1651 969 1740 χαρτοφύλαξ,
1014 1649 1090 1719 τὸ
1140 1653 1411 1736 ἐπίκλην
1458 1653 1769 1734 Πισίδης.
1853 1649 2219 1738 ἑξαήμερον
2268 1649 2360 1719 δι’
2414 1652 2677 1740 ἰάμβων
2728 1657 2820 1732 εἰς

517 1764 638 1844 ἔπη
685 1763 1045 1845 τρισχίλια,
1101 1761 1196 1836 εἰς
1228 1753 1626 1841 Ἡράκλειον
1681 1754 1803 1823 τὸν
1855 1758 2129 1842 βασιλέα
2177 1759 2288 1826 καὶ
2346 1763 2442 1839 εἰς
2485 1758 2609 1828 τὸν
2650 1759 2819 1829 κατὰ

439 1874 490 1914 ¹⁶
519 1868 806 1954 Περσῶν
844 1863 1167 1950 πόλεμον,
1216 1867 1309 1929 ἔτι
1346 1887 1416 1928 τε
1446 1859 1791 1948 Ἀβαρικά,
1828 1861 1939 1928 καὶ
1976 1863 2449 1954 καταλογάδην
2488 1867 2818 1954 ἐγκώμιον

517 1975 611 2050 εἰς
656 1969 776 2038 τὸν
821 1969 1126 2057 μάρτυρα
1167 1965 1626 2036 Ἀναστάσιον.

696 2076 976 2144 CLXIV.
1052 2080 1392 2162 Γοργίας
1437 2079 1910 2161 Χαρμαντίδου
1967 2082 2333 2158 Λεοντῖνός
2390 2079 2643 2168 ῥήτωρ,
2697 2106 2819 2167 μα-

515 2181 730 2270 θητὴς
774 2183 1318 2270 Ἐμπεδοκλέους,
1375 2180 1777 2260 διδάσκαλος
1827 2182 2078 2251 Πωλου
2126 2181 2654 2274 Ἀκραγαντίνου
2708 2189 2819 2255 καὶ

659 2410 690 2458 2
739 2405 837 2460 καὶ
881 2399 1016 2474 ὅλην
1053 2436 1124 2445 -
1159 2399 1430 2470 ἀκροάσει
1479 2419 1587 2457 om.
1626 2403 1777 2459 Eud.
1888 2406 1990 2481 μιᾷ
2037 2424 2106 2462 ex
2141 2409 2654 2479 Pseudo-Hesych.
2694 2410 2818 2464 add.

518 2485 829 2554 Μετινεὶιιε,
866 2502 974 2541 ree.
1015 2485 1138 2540 edd.
1248 2490 1281 2537 3
1319 2483 1553 2554 τελευτᾷ
1592 2500 1698 2538 om.
1738 2482 1803 2539 δὲ
1842 2486 1994 2543 Eud.
2070 2486 2119 2558 η’
2161 2490 2259 2545 καὶ
2297 2489 2348 2546 κ’
2389 2499 2435 2546 A
2492 2488 2643 2546 ὀκτώ
2681 2489 2820 2557 πρὸς

514 2571 633 2627 τοῖς
670 2567 883 2620 εἴκοσιν
920 2566 1070 2619 Eud.
1243 2570 1278 2618 4
1314 2558 1517 2617 ἄπολιν
1554 2568 1600 2615 A
1772 2569 1804 2618 5
1834 2565 1954 2618 ’τῶν
1994 2583 2102 2620 om.
2141 2574 2187 2621 A
2364 2579 2395 2626 6
2434 2569 2607 2626 πέντε
2647 2591 2689 2626 s.
2728 2571 2817 2625 fin.

515 2645 644 2699 add.
684 2644 862 2712 Eud,
911 2663 1078 2713 quem
1103 2661 1414 2698 ‚numerum
1449 2643 1657 2697 nostris
1694 2642 1755 2698 in
1791 2642 1951 2698 libris
1990 2645 2247 2702 Suidanis
2295 2667 2433 2704 casu
2470 2649 2817 2704 intercidisse

517 2725 830 2794 suspicatus
867 2727 956 2779 est
983 2724 1188 2792 Daui),
1224 2722 1607 2777 inventionem
1642 2721 1923 2779 Eudociae
1962 2741 2083 2780 esse
2122 2727 2299 2783 Pulch
2335 2748 2390 2800 p.
2432 2735 2501 2785 82

658 2805 851 2859 CLXII
891 2804 1026 2859 Vita
1063 2804 1217 2860 Gesii
1252 2803 1488 2858 accessit
1534 2820 1601 2858 ex
1636 2803 1788 2858 Eud.
1829 2822 1882 2872 p.
1924 2809 2026 2858 170
2055 2822 2170 2876 seq.
2250 2808 2331 2865 Cf.
2372 2811 2497 2865 vita
2533 2807 2814 2864 Domnini.

515 2887 583 2941 V.
621 2886 838 2940 Unters.
876 2903 931 2955 p.
973 2890 1039 2939 69
1068 2902 1180 2953 seq.
1249 2883 1446 2966 Snidas
1493 2885 1757 2953 excerpta
1804 2881 2085 2939 Damascii
2132 2903 2200 2940 ex
2237 2888 2399 2943 Phot.
2439 2890 2580 2944 bibl.
2617 2907 2673 2959 p.
2715 2894 2814 2942 352

516 2966 756 3035 praebet

659 3044 880 3100 CLXIII
917 3061 1023 3098 om.
1057 3043 1328 3099 Wcsterm.
1384 3043 1468 3097 De
1494 3043 1603 3097 hac
1642 3041 1758 3098 vita
1784 3041 2051 3112 Hesychii
2080 3046 2198 3100 dixi
2225 3047 2367 3102 Mus.
2397 3048 2577 3104 Rhen
2610 3047 2813 3102 XXXV

515 3145 567 3196 p.
608 3131 711 3180 229
741 3143 853 3193 seq.
927 3125 1120 3191 Nunc,
1167 3123 1317 3193 quod
1345 3121 1444 3176 i·bi
1487 3123 1653 3176 nimis
1692 3122 2033 3178 confidenter
2073 3126 2357 3194 professus
2396 3147 2549 3198 snm,
2598 3128 2814 3184 cautius

517 3206 828 3273 obtineam,
869 3204 1095 3273 Georgii
1133 3203 1354 3258 Pisidae
1391 3201 1567 3256 vitam
1604 3219 1717 3257 non
1754 3220 1821 3256 ex
1866 3203 2134 3273 Hesychii
2167 3206 2446 3264 thesauris
2484 3210 2811 3273 manumissa,

517 3286 616 3342 sed
651 3283 724 3339 ab
763 3283 1132 3353 epitomatore
1168 3281 1436 3336 additam.
1512 3279 1592 3335 Cf.
1631 3298 1683 3334 v.
1726 3283 1953 3345 Παῦλος
1989 3281 2290 3355 Αἰγινήτης
2439 3294 2508 3342 14
2545 3290 2813 3358 τρισχίλια

515 3365 782 3420 vitiosum
833 3380 954 3420 esse
995 3362 1219 3434 putavit
1262 3362 1561 3430 Kusterus,
1613 3359 1876 3430 ‹fioniam
1926 3363 2068 3417 illud
2121 3381 2370 3435 carmen,
2429 3369 2584 3437 qnod
2637 3369 2812 3423 adhuc

513 3447 682 3501 hodie
721 3447 900 3514 extat,
951 3451 1088 3501 1880
1129 3461 1317 3499 versus
1355 3442 1665 3510 contineat,
1713 3444 1953 3511 δισχίλια
2000 3445 2140 3500 coni.
2183 3445 2501 3516 Foyyi‘nius
2546 3451 2614 3512 in·
2644 3446 2810 3519 praef.

515 3527 586 3580 ad
625 3525 849 3581 Pisidae
886 3541 1083 3596 opera,
1121 3525 1220 3579 sed
1254 3539 1546 3577 numerum
1583 3523 1734 3576 recte
1768 3539 1826 3576 se
1854 3523 2085 3592 habere,
2126 3541 2251 3579 cum
2289 3525 2474 3582 additi
2512 3525 2631 3584 sint
2657 3542 2812 3598 prae-

513 3611 604 3662 ter
639 3607 1044 3661 Hexaemerum
1083 3610 1244 3674 <1880
1282 3604 1373 3658 vel
1404 3607 1543 3657 1860
1579 3601 1671 3656 vel
1712 3608 1847 3656 1910
1886 3603 2139 3658 versibus
2169 3609 2455 3672 constans)
2495 3609 2673 3662 etiam
2698 3622 2810 3659 ver-

515 3705 607 3743 sus
647 3692 750 3740 262
799 3685 1060 3741 carminis
1108 3683 1189 3747 εἰς
1225 3680 1326 3738 τὸν
1364 3679 1607 3752 μάταιον
1646 3683 1799 3753 βίον,
1849 3687 1949 3735 731
1998 3679 2145 3736 κατὰ
2195 3686 2508 3758 δυσσεβοῦς
2552 3681 2809 3754 Σευῆρον

506 3763 865 3844 Ἀντιοχείας,
908 3772 1007 3820 129
1047 3763 1128 3827 εἰς
1163 3760 1268 3833 τὴν
1307 3757 1479 3828 ἁγίαν
1526 3760 1627 3814 τοῦ
1662 3761 1907 3827 Χριστοῦ
1963 3762 2063 3815 τοῦ
2110 3764 2258 3818 θεου
2297 3759 2462 3834 ἡμῶν
2500 3762 2809 3821 ἀνάστασιν

514 3851 680 3924 (quae
719 3845 968 3902 carmina
1005 3843 1227 3898 silentio
1264 3839 1646 3911 praetermisit
1682 3838 1904 3908 Suidas)
1938 3840 2021 3894 ita
2068 3843 2132 3895 ut
2167 3843 2487 3900 efficiantur
2507 3852 2667 3905 3002
2705 3841 2811 3911 (vel

513 3934 654 3984 2982
703 3926 792 3982 vel
838 3930 998 3993 3032)
1043 3941 1261 3990 versuS,
1312 3920 1453 3974 mihi
1496 3919 1774 3988 persuasit
1820 3919 2165 3993 Gutschmid‚
2217 3923 2314 3992 qui
2366 3926 2426 3980 et
2474 3944 2702 3982 carmen
2752 3923 2807 3976 in

512 4009 838 4065 Heraclium
877 4024 911 4061 a
947 4004 1192 4060 carmine
1228 4002 1288 4056 in
1322 4000 1533 4055 bellum
1568 3999 1851 4055 Persicum
1890 4001 2169 4057 diversum
2208 4021 2328 4059 esse
2366 4009 2524 4062 recte
2563 4003 2777 4063 monuit

516 4097 580 4145 15
611 4085 1005 4157 καταλογάδην
1033 4087 1178 4155 vuly.
1214 4081 1312 4136 καὶ
1340 4085 1531 4134 καταλ.
1562 4084 1716 4132 AVE
1753 4081 2041 4136 revocavit
2065 4083 2342 4139 Kasterus
2494 4092 2561 4142 16
2603 4086 2683 4149 εἰς
2714 4079 2807 4138 τὸν

513 4169 694 4242 μέγαν
726 4163 1066 4222 Ἀθανάσιον
1102 4169 1204 4217 Av

658 4246 878 4302 CLXIV
934 4245 1086 4300 Eud.
1137 4263 1191 4314 p.
1242 4248 1370 4309 172,
1423 4256 1568 4309 quae
1618 4241 1827 4307 partim
1882 4257 1948 4295 ex
1994 4241 2275 4311 Hesychio
2333 4262 2439 4299 sua
2496 4241 2805 4314 descripsit,

512 4327 724 4398 partim
763 4343 830 4380 ex
867 4323 1495 4391 Philostrat.vit.1,9
