3025 4892
501 141 788 196 XXXVIII
1359 138 1866 196 PROLEGOMEN
1870 141 1935 197 A.

501 327 566 388 p.
609 302 792 391 127),
842 325 1114 388 quarum
1152 303 1422 368 alteram
1460 303 1824 369 uberiorem
1863 325 1943 368 ex
1988 304 2135 387 ipsa
2173 304 2453 388 epitome
2502 327 2810 370 manasse

507 411 818 495 suspicor,
861 411 1041 476 illam
1091 409 1378 476 additam
1426 433 1503 476 ex
1551 408 1785 476 Suidae
1842 411 2061 495 aliquo
2117 412 2305 477 libro.
2393 412 2535 478 Nec
2582 434 2809 477 veren-

507 517 689 603 dum,
741 541 823 583 ne
871 519 1048 584 bona
1091 518 1382 584 Eudocia
1427 518 1752 583 dormiens
1800 521 2140 603 utramque
2188 540 2267 584 ex
2312 516 2547 582 Suidae
2597 519 2810 584 lexico

507 625 937 710 descripserit.
1009 625 1190 691 Idem
1237 626 1517 692 fortasse
1566 625 1981 691 statuendum
2027 625 2105 690 de
2156 625 2527 709 Theoynidis
2571 629 2812 710 poetae

505 731 658 796 vitis
706 731 795 817 (p.
826 733 953 798 367
995 737 1060 797 et
1097 756 1157 816 p.
1187 731 1346 820 375)
1393 732 1465 796 in
1507 731 1800 798 Violario
1850 733 2248 815 extantibuS,
2296 755 2571 817 quarum
2606 756 2810 797 unam

508 861 586 903 ex
635 837 868 904 Suidae
917 838 1124 906 lexico
1174 839 1564 925 descriptam
1613 861 1753 905 esse
1801 861 2049 906 cense0.

685 944 810 1012 Sed
867 947 1063 1013 etiam
1106 948 1316 1032 'paulo
1378 947 1577 1012 latius
1636 947 1825 1012 nobis
1888 945 2383 1031 exspatiandum
2446 952 2563 1012 est.
2656 946 2811 1012 Sae-

507 1054 773 1139 pissime
814 1054 1014 1139 enim,
1059 1077 1205 1120 cum
1245 1077 1354 1120 eos
1402 1055 1512 1139 qui
1553 1054 1874 1121 editiones
1916 1055 2238 1140 principes
2278 1055 2623 1139 curabant,
2666 1056 2811 1119 nul-

507 1162 645 1226 lum
682 1163 932 1226 textum
970 1161 1332 1246 typothetis
1371 1161 1815 1227 excudendum
1850 1161 2192 1226 tradidisse
2230 1164 2460 1226 notum
2499 1161 2606 1246 sit,
2650 1162 2813 1246 quin

509 1290 655 1332 eum
701 1268 880 1352 prius
928 1273 1391 1355 repurgassent
1437 1269 1899 1354 auxissentque
1948 1266 2057 1354 (cf.
2085 1268 2431 1333 Villoison.
2472 1268 2713 1332 Anecd.
2742 1267 2813 1331 II

508 1400 572 1461 p.
609 1372 771 1461 261)
827 1375 998 1460 quod
1057 1379 1123 1440 et
1178 1398 1254 1439 ex
1307 1373 1626 1440 Demetrii
1682 1373 2160 1460 Chalcondylae
2222 1375 2505 1441 editione
2564 1374 2813 1439 Medio-

507 1481 783 1562 lanensi,
839 1483 994 1547 Aldi
1049 1482 1328 1566 Veneta,
1385 1482 1695 1548 Frobenii
1750 1481 2138 1566 Basileensi,
2198 1482 2379 1547 Porti
2446 1481 2814 1547 Genevensi

510 1592 577 1654 et
632 1610 708 1654 ex
764 1587 1410 1674 Pseudo-Hesychii,
1469 1610 1660 1672 quem
1715 1611 1921 1674 nuper
1975 1588 2173 1673 edidi,
2232 1591 2517 1654 tractatu
2574 1585 2813 1676 (praef.

508 1719 570 1780 p.
598 1694 688 1781 V)
739 1695 900 1761 satis
945 1699 1226 1779 constat,
1273 1696 1473 1760 etiam
1511 1695 1792 1761 Violarii
1828 1699 2081 1761 textum
2120 1695 2545 1780 descriptum,
2592 1717 2809 1760 emen-

510 1802 762 1885 datum,
823 1801 1281 1866 additamentis
1345 1801 1723 1867 multifariis
1788 1807 2088 1867 ornatum
2153 1824 2295 1866 esse
2356 1803 2674 1888 suspicor,
2738 1805 2815 1866 ut

509 1929 660 1974 mox
697 1909 872 1993 typis
903 1908 1385 1993 exprimeretur.
1449 1908 1639 1985 Quod
1670 1909 2015 1993 quominus
2045 1909 2255 1992 fieret,
2291 1908 2572 1974 fortasse
2602 1914 2815 1974 morte

509 2015 686 2080 illius
743 2015 954 2080 critici
1008 2013 1410 2099 prohibitum
1465 2019 1593 2100 est,
1654 2016 1764 2101 qui
1812 2016 2161 2082 editionem
2208 2016 2593 2100 vulgaturus
2650 2020 2816 2080 erat.

510 2121 652 2198 Qua
696 2121 902 2206 igitur
947 2122 1198 2186 ratione
1235 2119 1605 2187 Demetrius
1645 2122 2119 2207 Chalcondylas
2167 2145 2351 2188 suam
2399 2120 2635 2187 Suidae
2682 2123 2814 2187 edi-

510 2227 758 2292 tionem
803 2227 1172 2313 inquinavit
1215 2229 1672 2294 additamentis
1721 2252 1797 2294 ex
1846 2228 2177 2315 Stephano
2217 2229 2555 2314 Byzantio,
2600 2228 2811 2295 Paulo

513 2334 867 2420 Aegineta‚
919 2335 1421 2420 Astrampsychi
1475 2335 1922 2401 Onirocriticis
1981 2335 2086 2421 (de
2160 2337 2395 2422 quibus
2462 2337 2541 2401 cf.
2607 2337 2812 2419 praef.

510 2440 828 2529 Kusteri)‚
875 2441 1162 2508 Zonarae
1209 2443 1414 2507 lexico
1455 2440 1564 2526 (cf.
1592 2442 1998 2528 Bernhardy,
2036 2443 2235 2528 praef.
2271 2466 2332 2527 p.
2362 2440 2540 2529 XCI)
2582 2443 2667 2510 al.
2713 2445 2813 2508 de-

511 2551 775 2634 cerptiS‚
823 2572 950 2634 quo
999 2549 1170 2614 facto
1209 2570 1450 2613 novum
1490 2548 1625 2612 fere
1664 2548 1918 2614 lexicon
1957 2548 2223 2614 Suidani
2270 2549 2476 2614 vicem
2514 2551 2813 2632 reddidit,

514 2658 607 2722 sic
644 2660 867 2721 noster
905 2675 1162 2739 quoque
1199 2654 1410 2718 editor
1438 2652 1833 2740 Violarium,
1872 2656 2041 2740 quod
2075 2655 2207 2719 iam
2248 2661 2400 2720 ante
2439 2658 2522 2721 ab
2550 2656 2811 2722 lectori-

511 2764 632 2828 bus
683 2767 748 2828 et
791 2761 1078 2827 librariis
1118 2761 1554 2825 deformatum
1591 2762 2201 2847 interpolationibus
2241 2767 2407 2847 erat,
2460 2765 2810 2846 permultis

512 2869 972 2936 additamentis
1019 2869 1274 2932 auxisse
1323 2872 1388 2932 et
1443 2868 1981 2952 quemadmodum
2030 2867 2505 2955 Chalcondylas
2554 2875 2810 2936 textum

513 2998 665 3042 mox
711 2999 790 3041 ex
856 2997 972 3040 suo
1029 2973 1290 3060 ingenio
1347 2996 1500 3040 mox
1558 2996 1637 3038 ex
1692 2975 1840 3040 aliis
1897 2976 2373 3059 exemplaribus
2431 2977 2811 3043 emendasse

512 3083 836 3169 putandus
885 3080 1069 3167 est.¹)
1158 3081 1284 3158 Qui
1331 3105 1478 3146 cum
1522 3104 1655 3147 non
1710 3083 1979 3147 verbum
2026 3106 2171 3148 cum
2219 3085 2416 3150 verbo
2466 3107 2809 3170 compone-

512 3194 640 3274 ret,
687 3190 798 3254 sed
844 3191 996 3254 data
1041 3190 1378 3255 occasione
1417 3190 1535 3254 has
1582 3178 1731 3256 illas
1770 3191 1941 3255 vitas
1981 3212 2126 3255 cum
2164 3190 2399 3257 Suidae
2436 3196 2620 3257 textu
2658 3215 2809 3258 con·

513 3298 737 3379 ferret,
791 3296 1107 3361 nonnulla
1151 3296 1221 3360 in
1269 3295 1566 3363 Violario
1614 3298 2001 3362 remansisse
2050 3298 2364 3384 sequitur,
2424 3322 2591 3385 quae
2646 3323 2808 3365 nun-

515 3425 708 3488 quam
773 3402 844 3466 in
907 3401 1140 3468 Suid'ae
1205 3402 1533 3469 codicibus
1597 3404 1701 3468 vel
1767 3403 2158 3470 editionibus
2231 3407 2525 3472 extitisse
2600 3409 2805 3472 mani-

513 3511 754 3576 festum
801 3513 920 3577 est.

518 3801 522 3810 ¹
659 3744 710 3808 1)
747 3740 963 3811 Operae
999 3739 1243 3810 pretium
1283 3740 1370 3794 est
1406 3739 1685 3806 conferre,
1734 3754 1901 3805 quam
1938 3741 2131 3808 aperte
2166 3758 2233 3796 ac
2270 3740 2446 3798 libere
2483 3745 2605 3813 ipse
2645 3743 2807 3799 chal-

514 3821 782 3892 condylas
819 3821 926 3876 hoc
964 3838 1124 3876 suum
1163 3821 1410 3876 studium
1446 3820 1506 3874 in
1543 3816 1912 3914 praefatione
1930 3818 2138 3875 Suidae
2174 3819 2484 3878 iactet-013
2522 3845 2627 3894 μεν
2666 3821 2807 3878 ἄλλα

512 3903 612 3957 καὶ
649 3899 827 3968 λέξεις
865 3897 1021 3964 ἐνίας
1059 3903 1268 3962 αἵτινες
1314 3895 1376 3954 τὸ
1415 3894 1687 3967 παράπαν
1726 3894 1849 3968 οὐχ
1884 3895 2140 3970 ὑπῆρχον
2192 3899 2254 3956 ἐν
2292 3905 2514 3979 Σουΐδᾳ
2556 3899 2805 4000 ἄλλο’·θὲν

511 3985 700 4036 ποθεν
737 3981 1002 4046 συλλέξας
1033 3978 1418 4049 προσέθηκεν,
1459 3973 1534 4040 ὡς
1562 3998 1634 4032 αν
1664 3978 1723 4034 οἷ
1755 3981 2052 4050 ζητοῦντες
2078 3977 2141 4036 τὸ
2173 3980 2591 4054 σημαινόμενον
2622 3981 2803 4039 αυτοῦ

516 4060 700 4132 ἔχοιεν
737 4057 1100 4131 ἄπονοότερόν
1137 4081 1196 4115 τε
1235 4061 1334 4114 καὶ
1373 4053 1731 4128 ἑτοιμότερον
1772 4055 2047 4115 ἐντεῦθεν
2082 4065 2444 4132 πορίζεσθαι,
2492 4064 2591 4117 καὶ
2628 4062 2805 4131 λέξεις

513 4141 580 4197 δέ
626 4163 784 4206 τινας
829 4139 1310 4214 ἆνερμηνεύτους,
1359 4139 1507 4196 ἔνθα
1557 4135 1845 4211 ἐνεχώρει,
1905 4138 2159 4212 ἐπιμελες
2216 4137 2395 4196 αὐτοῦ
2450 4141 2649 4213 γέγονε
2713 4163 2804 4200 σα-

517 4223 778 4292 φηνίσας.
