3025 4892
517 224 602 292 36
1411 169 1416 176 Ι
1439 219 1869 281 HESYCHIUS.

695 386 912 454 CXLI.
959 383 1267 474 Ἀχαιὸς
1293 385 1781 474 Συρακούσιος,
1816 384 2131 473 τραγικὸς
2166 383 2508 474 νεωτερὸς.
2570 389 2835 473 ἔγραψε

515 492 977 585 τραγῳδίαςί

694 601 947 676 CXLII.
1016 597 1414 690 Ἀχιλλεὺς
1468 599 1759 681 Τάτιος
1798 599 2303 689 Ἀλεξανδρεύς,
2350 597 2387 667 ὃ
2435 599 2701 689 γράψας
2746 599 2837 670 τὰ

487 705 680 786 ,κατὰ
729 712 1118 793 Λευκίππην
1179 706 1292 774 καὶ
1338 712 1819 794 Κλειτοφῶντα
1874 707 1987 774 καὶ
2042 705 2213 775 ἅλλα
2270 706 2551 797 ἐρωτικὰ
2601 710 2674 776 ἐν
2724 713 2837 794 βι-

464 837 489 876 5
516 820 730 901 βλίοις
765 813 844 901 η’.
899 815 1175 900 γέγονεν
1213 818 1492 900 ἔσχατον
1520 812 1922 899 Χριστιανὸς
1958 814 2070 881 καὶ
2108 816 2480 894 ἐπίσκοπος.
2521 813 2535 905 Ι
2574 819 2837 911 ἔγραψε

518 921 593 990 δὲ
655 922 805 1010 περὶ
871 926 1159 1009 σφαίρας
1221 921 1332 988 καὶ
1392 923 1856 1008 ἐτυμολογίας,
1922 921 2032 988 καὶ
2096 924 2401 1009 ῖστορίαν
2448 920 2837 1008 σύμμικτον

519 1024 787 1098 πολλῶν
832 1027 942 1095 καὶ
991 1025 1300 1114 μεγάλων
1346 1027 1456 1096 καὶ
1497 1034 1903 1115 θαυμασίων
1942 1026 2220 1117 ἀνδρῶν
2256 1029 2835 1117 μνημονεύουσαν

520 1133 557 1204 ὁ
607 1135 682 1203 δὲ
726 1133 927 1220 λόγος
971 1130 1180 1202 αὐτοῦ
1225 1133 1392 1202 κατὰ
1435 1133 1653 1202 πάντα
1701 1133 1932 1223 ὅμοιος
1968 1149 2109 1214 τοῖς
2156 1138 2512 1224 ἐρωτικοῖς.
2552 1133 2567 1225 Ι

700 1241 984 1309 CXLIII.
1039 1238 1358 1328 Ἀψίνης
1398 1237 1759 1328 Ἀθηναῖος
1805 1241 2161 1330 σοφιστής,
2201 1239 2565 1330 Ὀνασίμου
2609 1239 2836 1328 πατὴρ

445 1370 498 1409 10
523 1353 647 1418 τοῦ
693 1351 1020 1436 σοφιστοῦ
1068 1350 1190 1416 τοῦ
1221 1345 1468 1438 πατρὸς
1508 1345 1804 1431 Ἀψίνου.

701 1455 985 1524 CXLIV.
1034 1451 1351 1541 Ἀψίνης
1387 1454 1735 1541 Γαδαρεὺς
1764 1456 2106 1543 σοφιστής,
2146 1461 2442 1543 σπαρείς,
2479 1453 2572 1535 ὡς
2600 1454 2833 1541 λόγος,

524 1565 598 1631 ἐκ
643 1560 906 1648 Πανός,
953 1561 1382 1648 μαθητεύσας
1423 1561 1497 1630 δὲ
1547 1565 1620 1631 ἐν
1668 1563 1953 1653 Σμύρνῃ
1992 1562 2390 1653 Ἡρακλείδῃ
2435 1568 2526 1653 τῷ
2568 1567 2835 1652 Λυκίᾳ»,

524 1667 663 1736 εἶτα
719 1673 1053 1760 Βασιλικῷ
1117 1671 1190 1737 ἐν
1246 1673 1693 1760 Νικομηδείᾳ,
1742 1673 2216 1759 ἐσοφίστευσεν
2257 1670 2587 1759 Ἀθήνησι
2634 1674 2833 1755 βασι-

524 1774 839 1856 λεύοντος
885 1777 1305 1862 Μαξιμίνου,
1351 1773 1680 1846 ὑπατικοῦ
1725 1777 1956 1864 λαβὼν
2002 1777 2277 1866 ἀξίωμα.

444 1903 494 1943 1⁵
700 1873 949 1950 CXLV.
997 1879 1214 1964 Ἀψίν
1233 1910 1312 1970 ης
1333 1881 1693 1971 Ὀνασίμου
1720 1889 1843 1952 τοῦ
1873 1889 2200 1973 σοφιστοῦ
2229 1881 2597 1972 Ἀθηναίου
2626 1903 2834 1971 σοφι-

522 1987 678 2075 στὴς
723 1987 1044 2077 νειότερος
1088 1994 1210 2057 τοῦ
1256 1992 1615 2078 Γαδαρέως
1654 1987 1951 2072 Ἀψίνου.
2450 2029 2464 2040 ·

700 2095 979 2164 CXLVI.
1017 2093 1406 2185 ’Ἄψυρτος
1439 2096 1837 2186 Προυσαεὺς
1865 2093 1905 2185 ἢ
1937 2097 2383 2187 Νικομηδεύς,
2421 2095 2835 2186 στρατιώτης

521 2203 1090 2291 στρατευσάμενος
1138 2204 1242 2271 ἐπὶ
1289 2210 1819 2274 Κωνσταντίνου
1864 2209 1985 2273 τοῦ
2042 2208 2365 2292 βασιλέως
2424 2207 2497 2274 ἐν
2545 2209 2831 2293 Σκυθίᾳ

522 2306 701 2397 παρὰ
741 2306 863 2377 τὸν
890 2306 1176 2398 Ἴστρον.
1243 2309 1665 2396 ἶππιατρικὸν
1702 2317 1971 2398 βιβλίον
2009 2303 2204 2392 οὗτος
2243 2318 2509 2402 ἔγραψε,
2534 2312 2665 2378 .καὶ
2698 2336 2835 2397 φυ-

445 2438 498 2478 20
526 2414 720 2484 σικὸν
765 2416 918 2501 περὶ
963 2421 1100 2486 τῶν
1139 2415 1362 2487 αὐτῶν
1399 2414 1689 2504 ἀλόγων,
1726 2419 1834 2485 καὶ
1877 2421 2082 2504 ἕτερα.
2141 2425 2416 2509 [ἔγραψε
2449 2420 2562 2487 καὶ
2592 2422 2839 2504 Σίμων

517 2519 876 2610 Ἀθηναῖος
923 2518 1407 2594 ίπποσκοπικὸν
1453 2529 1719 2610 βιβλίον
1766 2525 2202 2613 θαυμάσιον.]

530 2774 680 2843 quod
718 2774 1035 2842 oppositum
1074 2789 1190 2828 esse
1226 2771 1401 2841 ipsius
1431 2773 1700 2842 Hesychii
1730 2774 2040 2830 sententiae
2078 2793 2147 2831 ex
2174 2775 2322 2830 Ionis
2357 2775 2477 2831 vita.
2511 2779 2661 2832 reete
2692 2793 2837 2832 con-

529 2851 696 2906 clusit
730 2853 946 2919 Rohde,
991 2851 1133 2907 Mus.
1171 2851 1349 2908 Rhen
1390 2853 1627 2906 XXXIII
1664 2873 1718 2924 p.
1764 2861 1863 2910 189
1900 2857 2043 2926 not„
2091 2874 2197 2910 συν
2225 2849 2363 2927 Εὖρ.
2400 2858 2545 2926 vulq.
2585 2853 2688 2911 σὺν
2730 2857 2838 2911 καὶ

533 2921 672 3000 Εὖρ.
710 2937 811 2985 AV
847 2932 946 2987 καὶ
983 2929 1088 2987 σὺν
1125 2933 1297 2988 Daub

672 3011 842 3066 CXLI
880 3013 1030 3068 Eud.
1070 3031 1125 3082 Ρ.
1163 3017 1281 3070 118.
1321 3014 1586 3069 Welcker
1620 3033 1673 3084 p.
1713 3020 1869 3069 1045
1984 3022 2011 3070 1
2054 3013 2195 3070 δέκα
2232 3017 2331 3072 καὶ
2366 3015 2640 3086 τέσσαρας
2666 3015 2832 3073 Eud.

672 3089 868 3145 CXLII
903 3092 1055 3146 Eud.
1091 3112 1145 3161 p.
1179 3098 1296 3147 117.
1340 3094 1559 3161 Ιειοοῑοε,
1584 3093 1805 3164 Proleg.
1836 3096 1906 3152 ad
1936 3095 2074 3153 Ach.
2106 3098 2231 3154 Tat.
2260 3115 2315 3166 p.
2344 3097 2395 3151 V
2424 3097 2487 3152 A.
2518 3103 2568 3166 2,
2605 3095 2836 3164 Rohde,

531 3169 620 3227 Gr.
659 3171 879 3226 Roman
915 3189 969 3241 p.
1009 3177 1114 3226 470
1144 3189 1259 3242 seq.
1405 3181 1436 3228 3
1479 3172 1685 3238 Teium,-
1720 3175 1929 3231 rectius
1966 3176 2187 3246 scripsit
2227 3177 2460 3231 Photius
2494 3176 2631 3231 bibl.
2669 3194 2727 3244 p.
2762 3183 2833 3231 66

532 3247 776 3313 Στάτιος
801 3253 931 3321 vuly
957 3252 1109 3307 Eud.
1137 3250 1382 3318 Στάσιος
1399 3260 1445 3307 V
1546 3261 1579 3309 5
1607 3254 1805 3325 γέγονε
1838 3273 1978 3324 seq.:
2007 3255 2197 3310 Rohde
2224 3256 2260 3310 l.
2284 3273 2331 3312 e.
2351 3273 2405 3324 Ρ.
2427 3260 2529 3310 475
2608 3253 2833 3324 ἔγραψε

533 3347 646 3400 seq.
685 3347 797 3386 non
835 3331 907 3385 ad
943 3331 1222 3386 Achillem
1260 3333 1488 3389 Tatium
1536 3335 1632 3390 sed
1679 3333 1750 3388 ad
1788 3335 2029 3390 alterum
2066 3334 2345 3390 Achillem
2393 3337 2643 3405 spectare
2680 3333 2835 3389 vidit

531 3410 746 3476 Rohde,
783 3428 835 3479 p.
875 3415 978 3464 471
1008 3427 1121 3481 seq.
1197 3411 1277 3468 Cf.
1313 3414 1483 3468 etiam
1523 3415 1699 3484 Diels,
1737 3416 1977 3488 Doxogr.
2016 3434 2069 3485 p.
2112 3421 2177 3470 17
2200 3432 2313 3485 seq.
2387 3416 2666 3470 Incertum
2702 3417 2833 3483 quis

528 3493 825 3560 utrumque
865 3491 1177 3546 confuderit
1313 3500 1344 3548 6
1382 3491 1627 3564 ἱστορίας
1646 3497 1973 3565 -συμμίκτου
2009 3499 2058 3548 V
2149 3497 2211 3550 In
2248 3495 2498 3566 margine
2527 3500 2573 3548 A
2614 3495 2828 3566 legitur

532 3573 643 3627 εἴτε
683 3566 904 3634 τούτοις
939 3569 1333 3642 προσεκύρησα
1371 3576 1523 3645 quod
1559 3593 1669 3644 qno
1707 3577 1922 3645 spectet
1959 3575 2189 3630 dubium

676 3650 1178 3706 CXLIII—CXLV
1217 3654 1368 3710 Eud.
1407 3673 1460 3724 p.
1504 3660 1623 3710 114.
1682 3655 1765 3710 Cf.
1802 3676 1854 3711 v.
1888 3651 2196 3726 Ὀνάσιμος.
2260 3655 2661 3710 Atheniensem
2698 3671 2827 3709 eum

533 3732 841 3788 Gadarensi
887 3732 1122 3786 eundem
1173 3749 1292 3789 esse
1338 3736 1563 3789 constat
1740 3743 1772 3791 9
1812 3731 2104 3805 ἀξιόλογος
2142 3731 2407 3805 σοφιστής
2446 3753 2552 3792 om.
2590 3739 2636 3787 A
2673 3728 2831 3799 ἀξιό-

535 3819 694 3885 λογος
733 3831 843 3870 om.
880 3819 924 3866 V
961 3809 1254 3882 ἀξιόλογος
1291 3832 1418 3883 σοφ.
1456 3816 1601 3885 υιιῖ9.
1641 3816 1793 3871 Eud.
1897 3811 2196 3887 Ἀθηναῖος
2232 3833 2342 3873 om.
2380 3821 2435 3868 H
2580 3820 2643 3869 11
2687 3817 2830 3869 Γαδ.

535 3892 910 3967 πρεσβύτερος
947 3895 1048 3949 τοῦ
1081 3889 1380 3964 Ὀνασίμου
1419 3895 1549 3950 add.
1579 3897 1748 3966 Eud„
1788 3915 1930 3966 quae
1966 3898 2198 3952 tertium
2236 3896 2416 3966 primo
2456 3896 2579 3951 loeo
2615 3912 2832 3950 memo-

534 3975 683 4031 ravit
830 3982 894 4031 13
933 3977 1262 4050 Νικομηὸίᾳ
1299 3981 1345 4029 A
1491 3982 1558 4030 14
1594 3979 1964 4049 Μαξιμιανοῦ
2002 3995 2193 4033 omnes
2231 3975 2366 4031 libri
2401 3979 2460 4031 et
2494 3976 2646 4030 Eud.
2687 3991 2831 4030 corr.

535 4057 808 4112 Kusterus
845 4055 971 4111 coll.
1010 4075 1061 4111 v.
1105 4053 1352 4118 Γαϊανός
1527 4062 1591 4111 15
1626 4052 1917 4127 Ἀθηναῖος
1951 4059 2122 4114 Daub
2297 4063 2363 4112 16
2398 4053 2674 4126 νεώτερος
2710 4073 2828 4125 seq

534 4153 643 4192 om.
681 4136 832 4192 Eud.
909 4134 1167 4190 Ceterum
1206 4137 1274 4192 cf.
1314 4155 1363 4193 v,
1401 4137 1612 4209 Μαΐωρ
1650 4141 1708 4193 et
1745 4135 2011 4207 Φρόντων
2042 4133 2347 4209 Ἐμεσηνός

467 4215 474 4222 “
679 4215 900 4272 CXLVI
935 4216 1086 4272 Eud.
1124 4235 1178 4287 p.
1223 4224 1324 4274 110
1433 4261 1440 4268 .
1472 4223 1536 4272 17
1586 4212 1621 4286 ἢ
1660 4215 2024 4288 Νικομηδεύς
2056 4225 2101 4270 E
2150 4236 2286 4273 corr.
2326 4219 2499 4274 etiam
2534 4218 2832 4287 Καειεναε,

536 4296 632 4364 qui
669 4289 704 4364 ἢ
743 4289 818 4358 ὅς
855 4315 1004 4358 τινες
1039 4299 1356 4366 proposuit,
1393 4292 1429 4368 ἢ
1467 4316 1577 4354 om.
1614 4301 1758 4368 ναῖς.
1817 4299 1897 4354 Cf.
1936 4297 2212 4368 Σωτάδης
2247 4293 2401 4366 Κρής
2558 4303 2625 4353 19
2664 4295 2834 4366 ἔγρα-

534 4387 648 4444 ψεν
678 4373 1041 4444 ΐππιατρικόν
1070 4379 1212 4449 βιβλ.
1241 4377 1395 4432 Eud.
1507 4378 1733 4453 20⁶2w<>2
1760 4381 1873 4434 τῶν
1909 4375 2225 4448 ἀλόγων-ἒν
2255 4378 2489 4451 βιβλίοις
2514 4373 2567 4431 δ’
2596 4377 2833 4447 reliquis
