3025 4892
600 226 687 290 64
1511 224 1940 282 HESYchJS.

600 386 863 473 φύσεως
914 390 1052 454 τῶν
1108 383 1328 454 ὄντων
1382 391 1611 472 βιβλία
1664 387 1732 473 γ’
1776 387 1919 477 (καὶ
1976 392 2165 455 ἔστιν
2220 391 2341 474 ἔπη
2398 382 2491 465 ὡς
2552 383 2846 472 δισχίλια),
2908 387 2911 389 ’

601 491 860 579 ἰατρικὰ
906 493 1371 580 καταλογάδην
1418 495 1531 561 καὶ
1579 493 1748 562 ἄλλα
1792 494 2027 563 πολλοὶ.

779 601 1115 668 CCXLVI.
1183 598 1793 688 Ἐμπεδοκλῆς
1848 604 2307 688 θυγατριδοῦς
2358 604 2483 669 τοῦ
2544 601 2850 688 προτέρου,

597 705 921 795 τραγικός.
1012 711 1378 798 τραγῳδίαι
1424 705 1635 776 αὐτοῦ
1678 707 1815 776 κδ’.

548 832 574 873 ⁵
779 815 1147 882 COXLVII.
1218 811 1803 902 Ἐμπεδότιμος.
1878 806 2075 894 οὗτος
2122 819 2368 903 ἔγραψε
2412 813 2588 901 περὶ·
2614 817 2855 901 φυσικῆς
2942 805 2944 810 ’

601 917 994 1004 ἀκροάσεως.
1091 920 1265 1006 [περὶ
1322 912 1404 988 οὗ
1461 921 1636 1007 λέγει
1694 919 1729 989 ὁ
1786 921 2176 1009 παραβάτης
2231 923 2305 989 ἐν
2350 935 2491 1001 τοῖς
2537 921 2853 1008 ἓπιγραφο-

600 1029 824 1114 μένοις
861 1031 1185 1113 Κρονίοις
1206 1022 1448 1112 “ἡμεῖς
1485 1026 1560 1094 δὲ
1592 1025 2041 1119 Ἐμπεδοτίμω
2080 1030 2192 1097 καὶ
2222 1027 2607 1118 Πυθαγόρᾳ
2638 1026 2856 1095 πιστεύ·

604 1159 822 1218 οντες,
881 1128 980 1212 οἷς
1042 1158 1110 1200 τε
1172 1134 1431 1200 ἐκεῖθεν
1486 1131 1715 1219 λαβὼν
1761 1131 2196 1221 Ἡρακλείδης
2260 1131 2295 1201 ὁ
2348 1133 2679 1214 Ποντικὸς
2738 1140 2859 1220 ἔφη,
2947 1205 2948 1226 1

600 1241 710 1306 καὶ
765 1243 976 1331 μικρῷ
1034 1237 1359 1326 πρότερον
1413 1240 1526 1306 καὶ
1583 1236 1620 1307 ὁ
1677 1240 1938 1320 κλεινὸς
1983 1238 2148 1328 ἡμῖν
2196 1243 2444 1322 ἔδειξεν
2492 1240 2858 1329 ἱεροφάντης
2946 1227 2948 1266 ³

526 1368 577 1407 10
600 1343 1052 1432 Ἰάμβλιχος.”]
2351 1432 2361 1440 ἃ

778 1451 1176 1519 CCXLVIII.
1245 1449 1910 1541 Ἐπαφρόδιτος
1970 1453 2360 1544 Χαιρωνεὺς
2417 1457 2857 1544 γραμματικός,
2948 1433 2950 1464 ³

593 1556 1021 1645 Ἀρχκβί>ου
1065 1561 1186 1626 τοῦ
1226 1556 1707 1646 Ἀλεξανδρέως
1751 1565 2211 1648 γραμματικοῦ
2259 1562 2576 1651 θρεπτός,
2631 1562 2774 1649 παρ’
2820 1553 2860 1654 ᾧ

596 1667 984 1746 παιδευθεὶς
1021 1663 1257 1753 ὠνήθη
1286 1663 1416 1735 ὑπὸ
1451 1670 1835 1754 Μοδέστου,
1874 1667 2169 1756 ἐπάρχου
2200 1670 2567 1757 Αἰγύπτου,
2602 1674 2704 1739 καὶ
2732 1695 2859 1738 παι·
2951 1739 2952 1742 ,

601 1772 843 1853 δεύσας
898 1772 1022 1842 τὸν
1079 1771 1234 1842 υίόν
1291 1772 1501 1842 αὐτοῦ
1549 1777 1928 1861 Πετηλῖνον
1985 1778 2059 1844 ἐν
2095 1773 2313 1866 Ῥώμῃ
2373 1779 2719 1865 διέπρεψεν
2774 1775 2861 1844 ἐπὶ

522 1901 572 1942 15
604 1882 924 1965 Νέρωνος
968 1881 1079 1947 καὶ
1125 1882 1313 1968 μέχρι
1360 1883 1626 1969 Νέρβα,
1676 1879 1835 1949 καθ’
1890 1877 1971 1950 ὃν
2020 1882 2271 1971 χρόνον
2318 1886 2429 1954 καὶ
2477 1892 2862 1972 Πτολεμαῖος

601 1984 636 2055 ὁ
657 1984 1145 2072 εΗφαιστίωνος
1171 1978 1258 2072 ἦν
1284 1987 1395 2055 καὶ
1423 1985 1614 2056 ἄλλοι
1645 1989 1881 2076 συχνοὶ
1910 1993 2047 2057 τῶν
2078 1987 2473 2076 ὀνομαστῶν
2506 1994 2579 2060 ἐν
2608 1994 2859 2077 παιδείᾳ.

603 2090 982 2180 ὠνούμενος
1019 2092 1093 2160 δὲ
1131 2089 1235 2161 ἀεὶ
1273 2099 1503 2180 βιβλία
1543 2093 1857 2182 ἐκτήσατο
1898 2096 2231 2182 μυριάδας
2258 2111 2454 2187 τρεῖς,
2482 2098 2606 2165 καὶ
2634 2096 2862 2164 τούτων

601 2203 988 2268 σπουδαίων
1047 2201 1157 2268 καὶ
1218 2197 1844 2288 ἀνακεχωρηκότων.
1933 2201 2009 2271 τὸ
2069 2204 2143 2272 δὲ
2201 2209 2390 2291 σῶμα
2452 2195 2535 2291 ἦν
2581 2205 2769 2291 μέγας
2806 2225 2862 2267 τε
2955 2229 2956 2250 ³

598 2307 710 2376 καὶ
769 2309 970 2395 μέλας
1031 2304 1121 2388 ὡς
1186 2307 1664 2396 έλεφαντῶδης.
1772 2306 1927 2402 ᾤκει
1991 2336 2059 2378 τε
2128 2313 2203 2379 ἐν
2259 2326 2402 2392 τοῖς
2459 2312 2863 2398 καλουμένοις

519 2436 573 2479 20
607 2421 1222 2503 Φαινιανοκορίοις,
1286 2413 1412 2483 δύο
1471 2419 1685 2496 οἰκίας
1740 2413 1986 2485 αὐτόθι
2042 2417 2469 2507 κτησάμενος.
2563 2418 2616 2487 ο’
2664 2413 2863 2485 δὲκαὶ
2957 2469 2958 2512 3

743 2689 774 2736 2
817 2685 955 2756 βιβλ.
994 2686 1122 2754 τρία
1159 2687 1303 2756 vuly.
1345 2688 1484 2760 βιβλ.
1526 2678 1629 2736 δύο
1666 2687 1819 2736 BEV

743 2761 1007 2818 CCXLVI
1043 2782 1152 2820 om.
1189 2770 1250 2818 A.
1325 2765 1407 2820 cf.
1438 2763 1718 2830 Welcker‚
1758 2765 1851 2820 Gr.
1889 2764 2030 2834 trag.
2072 2784 2126 2834 p.
2171 2772 2308 2820 1228

744 2842 1035 2897 CCXLVII
1076 2862 1178 2900 om.
1209 2850 1270 2900 A.
1309 2845 1388 2902 cf.
1413 2846 1562 2901 Eud.
1592 2864 1643 2914 p.
1667 2851 1787 2911 299,
1825 2862 1971 2913 quae
1998 2844 2126 2900 add.
2158 2843 2472 2916 φιλόσοφος
2596 2856 2628 2903 6
2663 2846 2779 2912 περὶ
2803 2831 2857 2898 οὗ

603 2943 716 2993 seq.
755 2940 822 2977 ex
859 2923 1044 2993 glossa
1074 2919 1379 2988 Ἰουλιανός
1418 2926 1508 2994 (cf.
1550 2925 1636 2980 ed.
1663 2924 1912 2980 Hertlen.
1951 2944 2004 2995 p.
2039 2929 2163 2996 609)
2203 2928 2447 2996 repetita
2481 2926 2751 2997 Hesychio
2785 2923 2865 2978 ab·

600 3003 900 3059 iudicanda
937 3019 1057 3058 esse
1097 3005 1324 3073 exposui
1361 3004 1499 3058 Mne.
1542 3004 1718 3058 Rhen.
1758 3003 1963 3058 XXXV
2001 3023 2054 3074 p.
2095 3011 2224 3073 21ος
2272 3007 2512 3062 fortasse
2550 3010 2671 3063 tota
2704 3005 2867 3075 glossa

601 3084 984 3155 expungenda.
1045 3086 1184 3138 Rem
1213 3085 1412 3153 ipsam,
1451 3086 1521 3139 de
1552 3100 1663 3154 qua
1694 3084 1903 3153 agitur,
1942 3086 2260 3141 enucleavit
2288 3087 2509 3156 Rohde,
2548 3089 2683 3142 Mne.
2712 3085 2864 3137 Rhen.

601 3166 806 3219 XXXII
843 3185 897 3235 p.
937 3172 1036 3220 331
1077 3169 1192 3221 not.
1237 3173 1282 3233 1,
1331 3165 1428 3236 qui
1466 3165 1639 3221 verba
1676 3163 1867 3218 orbem
1913 3165 2158 3221 lacteum
2204 3169 2459 3235 spectare
2504 3167 2648 3221 vidit
2778 3170 2806 3217 8
2841 3157 2864 3213 ὃ

599 3242 787 3316 λαβὼν
817 3241 1039 3314 Ἡρακλ.
1071 3243 1202 3299 libri
1231 3244 1436 3299 Suidae
1467 3246 1526 3298 et
1558 3243 1752 3298 Eud*
1874 3252 1906 3300 9
1948 3243 2107 3312 ἔδοξε
2139 3246 2238 3300 καὶ
2273 3249 2418 3316 vuly.
2461 3245 2620 3314 ἔδοξε
2660 3264 2759 3300 om.
2786 3240 2867 3297 καὶ

600 3325 751 3382 Eud.
791 3323 971 3392 ἔδειξε
1011 3324 1108 3379 καὶ
1146 3341 1215 3378 ex
1251 3343 1362 3380 uno
1399 3326 1523 3379 Par.
1562 3326 1839 3380 Kasterus
1885 3325 1980 3396 καὶ
2032 3327 2327 3382 delendum
2368 3344 2489 3382 esse
2536 3327 2679 3383 vidit
2711 3325 2867 3379 Bern-

600 3406 804 3476 hardy3
843 3405 991 3460 idem
1033 3401 1373 3474 ἱεροφάντης
1409 3421 1510 3473 pro
1548 3404 1698 3474 vulg.
1739 3399 2093 3475 ἷεροφάντωρ
2133 3407 2371 3461 correxit

743 3484 1058 3542 CCXLVIII
1095 3485 1245 3539 Eud.
1271 3503 1325 3554 p.
1357 3490 1478 3538 292.
1526 3485 1605 3540 Cf.
1637 3484 1818 3554 Daub,
1850 3485 2005 3539 stud.
2034 3504 2089 3554 p.
2114 3490 2214 3541 106
2350 3491 2413 3539 12
2448 3480 2715 3556 Ἀρχιβίου
2751 3499 2868 3538 corr.

599 3565 932 3636 Bernhardy
959 3564 1220 3620 laudatus
1251 3565 1617 3618 Wachsmuth.
1649 3565 1837 3634 Symb.
1870 3583 1923 3634 p.
1957 3572 2052 3619 141
2093 3561 2299 3634 Ἀρχιόυ
2328 3563 2461 3619 libri
2490 3565 2694 3620 Suidae
2722 3563 2870 3630 Eud„

602 3647 752 3717 quod
779 3646 977 3701 laudat
1004 3647 1172 3700 Daub
1285 3651 1349 3698 13
1378 3641 1630 3713 θρεπτὸς
1659 3641 1750 3700 ἐπὶ
1780 3645 2051 3712 Νέρωνος
2070 3645 2241 3712 Eud„
2270 3663 2415 3714 quae
2444 3641 2741 3715 sequentia
2761 3662 2871 3709 om„

601 3747 643 3782 e.
663 3729 754 3782 fin.
775 3743 1015 3797 pergens
1048 3724 1260 3795 ἔγραψε
1290 3724 1420 3792 περὶ
1451 3727 1837 3795 γραμματικῆς
1866 3721 2129 3779 κάλλιστα
2151 3725 2247 3779 καὶ
2278 3723 2357 3788 εἰς
2372 3719 2621 3795 Ὅμηρον
2642 3725 2737 3780 καὶ
2756 3725 2872 3778 Πίν-

601 3810 776 3875 δαρον
807 3803 1086 3877 ἐξήγησιν,
1116 3820 1258 3874 quae
1286 3805 1460 3860 verba
1478 3803 1785 3859 Eudociam
1812 3806 1989 3874 ipsam
2017 3804 2316 3871 addidisse,
2346 3823 2474 3859 cum
2500 3804 2705 3859 horum
2722 3804 2875 3858 libro-

599 3907 719 3942 rum
750 3887 1078 3941 memoriam
1109 3903 1144 3940 a
1180 3885 1501 3956 cognitione
1540 3885 1878 3940 scholiorum
1915 3884 2337 3939 Homericorum
2376 3886 2435 3940 et
2472 3882 2875 3940 Pindaricorum

599 3970 906 4038 repeteret,
942 3983 1054 4021 non
1083 3965 1344 4035 probavit
1362 3966 1548 4020 Daub.
1581 3967 1885 4035 Πιτηλῖνον
1914 3966 2056 4034 vulg.
2079 3966 2391 4033 Πετηλῖνον
2421 3967 2575 4016 ABV
2688 3968 2751 4016 14
2778 3959 2874 4015 διέ-

600 4062 800 4120 τριψεν
839 4048 980 4104 coni.
1022 4048 1295 4103 Westerm.
1445 4043 1539 4101 ἐπὶ
1574 4046 1872 4116 Νέρωνοςε
1920 4045 2051 4099 hinc
2096 4043 2485 4113 corrigendum
2535 4043 2725 4112 Steph.
2762 4040 2874 4106 Bya

601 4149 655 4200 p.
670 4137 789 4198 170,
804 4136 833 4183 ‘7
865 4121 1652 4197 Βνθύνιον--Ἐπαφροδίτου
1679 4128 1779 4182 τοῦ
1801 4124 2069 4194 Νέρωνος
2093 4118 2171 4177 ὧν
2193 4119 2562 4195 ἐξελεύθερος
2580 4126 2637 4178 in
2656 4121 2875 4188 Ἐπαφρ.

603 4207 714 4264 ἐπὶ
753 4210 851 4264 τοῦ
891 4207 1158 4277 Νέρωνος
1195 4201 1274 4261 ὢν
1314 4203 1388 4273 ἐξ.
1427 4207 1707 4277 persuasit
1744 4205 2144 4275 Rohde,·Mus.
2184 4204 2360 4258 Rhen.
2401 4203 2633 4258 XXXIV
2671 4223 2721 4274 p.
2760 4206 2878 4269 57ος

600 4290 752 4344 idem
791 4292 859 4345 de
895 4288 1076 4343 lexico
1113 4284 1257 4342 κατὰ
1299 4293 1573 4355 στοιχεῖον
1607 4284 1850 4357 Epaphr.
1890 4283 2205 4355 disputavit
2241 4283 2301 4337 in
2341 4282 2538 4364 libello
2576 4284 2645 4337 de
2683 4281 2873 4338 Polluc.

602 4369 740 4425 font.
768 4389 824 4438 p.
858 4374 923 4423 14
951 4370 1066 4423 not.
1179 4373 1242 4421 19
1281 4363 1417 4438 ᾤκει
1453 4364 1517 4420 δὲ
1556 4368 1700 4439 vulg.
1732 4362 1867 4442 ᾤκει
1903 4384 1963 4421 τε
1992 4370 2093 4417 Av
2129 4362 2535 4434 recte.scripsit
2559 4361 2873 4430 Bernhardy
