3025 4892
1073 141 1579 199 PROLEGOMEN
1583 143 1646 196 A.
2283 141 2517 196 XXXIX

403 307 578 384 Quae
625 308 682 374 si
727 309 900 372 recte
947 328 1016 371 se
1062 305 1332 386 habent,
1379 305 1503 370 hoc
1539 305 1820 370 vitarum
1869 308 2145 372 stemma
2190 328 2513 391 apponere

200 414 467 480 licebit:

1036 599 1363 668 Hesychii
1408 600 1705 669 epitome
1757 613 1761 618 ·

201 732 458 788 Violarii
493 735 690 788 auctor
1087 731 1292 787 Suidae
1331 732 1669 802 archetypus
1707 749 1849 787 saec.
1880 731 1929 786 X
1976 733 2298 789 maiusculis
2337 731 2515 788 literis

319 820 470 860 saec.
501 803 580 859 XI
1470 802 1817 873 conscriptus
1858 804 2157 874 (perditus)

432 935 482 982 x
519 945 664 984 saec.
703 928 778 982 XI
807 931 877 1069 (ἳΙ)
915 929 1208 1000 (perditus)
1531 933 1578 980 Y
1616 945 1758 984 saec.
1788 927 1892 984 XII
1921 929 2011 1022 rel
2046 927 2177 984 XIII
2220 928 2514 1000 (perditus)

445 1076 547 1126 Av
587 1075 852 1140 (quocum
889 1069 1138 1126 concinit
1175 1075 1230 1139 c)
1553 1074 1654 1123 ΒΕ
1692 1070 1763 1124 al.
1803 1070 1839 1125 i.
1870 1087 1917 1126 e.
1956 1071 2115 1126 codd.
2155 1069 2459 1126 deteriores

655 1149 778 1198 Vat.
817 1148 1068 1197 Pearsoni

1499 1219 1636 1268 Med.
1677 1216 1867 1283 (quam
1904 1147 2043 1268 cortu
2084 1212 2515 1284 Chalcondylas)

1222 1361 1340 1412 Alc.
1387 1356 1508 1424 (sed
1547 1356 1613 1411 cf.
1645 1288 2005 1427 Bernhardy,¹
2033 1357 2208 1426 praef.
2247 1375 2301 1426 p.
2344 1356 2514 1428 XCII)

983 1448 1450 1550 Interpolastiones
1491 1478 1732 1534 Violarii
1776 1438 2266 1552 Ἤιτ.
2296 1481 2510 1552 editor)

861 1621 1226 1678 correcturae
1262 1622 1504 1678 Violarii
1724 1580 1779 1604 d
2012 1562 2369 1682 Genevtnsis.

392 1805 642 1882 Quibus
701 1805 1040 1889 expositis,
1096 1825 1313 1888 neme,
1371 1805 1626 1890 opinor,
1674 1807 1973 1892 miratur,
2030 1807 2200 1891 quod
2246 1808 2311 1871 in
2358 1829 2513 1872 non-

209 1913 414 1978 nullis
463 1913 744 1977 vitarum
790 1913 951 1976 locis
999 1915 1066 1976 et
1125 1933 1348 1977 omnes
1393 1910 1625 1976 Suidae
1672 1913 1825 1978 libri
1881 1918 1948 1979 et
1984 1913 2262 1980 Violarii
2317 1915 2513 1979 codex

208 2019 530 2084 lectiones
594 2019 938 2083 mendosas
1000 2019 1362 2104 continent,
1429 2041 1590 2103 quas
1650 2042 1728 2084 ex
1788 2019 2106 2105 Hesychii
2166 2019 2514 2087 Onomato-

214 2127 372 2210 logo
422 2147 552 2192 non
610 2126 873 2192 fluxisse
921 2127 1056 2191 veri
1104 2126 1509 2191 simillimum
1558 2130 1685 2212 est3
1741 2128 1913 2212 quod
1969 2149 2199 2193 moneo
2246 2132 2515 2214 propter

209 2231 432 2318 Daub,
480 2231 659 2299 Stud.
704 2256 767 2316 p.
810 2234 934 2298 138
983 2233 1064 2298 al.
1140 2234 1450 2298 Attamen
1497 2237 1752 2317 partem
1798 2234 2203 2320 mendorum,
2249 2235 2513 2319 potissi-

216 2362 394 2404 mum
443 2341 512 2404 in
547 2339 917 2404 nominibus
955 2339 1264 2425 propriis,
1312 2340 1456 2425 quis
1495 2344 1596 2404 est
1640 2342 1751 2425 qui
1787 2341 1919 2406 iam
1958 2341 2041 2406 ab
2084 2341 2511 2425 epitomatore

212 2446 577 2528 profectam
625 2468 766 2512 esse
801 2447 1060 2532 neget?
1125 2445 1251 2512 Vel
1297 2447 1380 2511 ab
1426 2448 1570 2531 ipso
1610 2445 1966 2532 Hesychio‚
2014 2447 2122 2532 qui
2170 2448 2239 2512 in
2284 2447 2509 2513 multis

213 2554 704 2636 quaestionibus
751 2557 1091 2638 tantopere
1139 2577 1178 2618 a
1223 2575 1376 2620 vero
1425 2555 1796 2620 aberravit?

387 2659 560 2725 Hinc
605 2664 817 2725 totam
851 2660 1108 2726 Pulchii
1145 2661 1365 2726 thesin
1411 2661 1801 2727 labefactam
1846 2684 1986 2727 esse
2034 2662 2280 2746 opinor.
2354 2660 2511 2744 Epi-

212 2769 382 2832 tome
450 2768 624 2832 enim
678 2766 1144 2854 Onomatologi
1203 2768 1260 2832 si
1315 2772 1543 2833 auctor
1599 2767 1903 2854 Violarii‚
1968 2769 2331 2854 quicunque
2391 2771 2509 2851 est,

213 2875 543 2958 utebatur,
599 2875 854 2940 saeculo
905 2874 1242 2942 undecimo
1297 2876 1354 2940 is
1411 2875 1747 2960 scripsisse
1792 2875 2117 2960 putandus
2176 2879 2301 2956 est,
2362 2896 2507 2939 cum

215 2981 470 3046 saeculo
509 2981 888 3047 duodecimo
925 2982 1105 3048 illam
1145 2982 1275 3046 iam
1311 2982 1635 3047 interiisse
1664 3005 1861 3067 supra
1889 2983 2131 3050 dictum
2168 2982 2271 3046 sit.
2338 2980 2505 3045 Tum

217 3091 425 3153 autem
484 3089 764 3173 plurima
817 3089 980 3174 fere,
1044 3111 1208 3174 quae
1263 3090 1340 3154 de
1403 3089 1882 3175 exemplaribus
1938 3091 2117 3174 typis
2182 3087 2504 3172 expressis

216 3191 413 3260 Pulch
450 3195 751 3280 protulit,
790 3195 1102 3260 infirmari
1131 3196 1597 3281 falsariumque
1628 3196 1709 3261 ab
1738 3197 1851 3261 illo
1884 3197 2166 3261 effictum
2196 3195 2260 3258 in
2292 3197 2504 3258 acrem

218 3300 477 3368 dissolvi
522 3323 782 3368 necesse
829 3307 959 3388 est,
1007 3325 1400 3388 quamquam
1453 3307 1679 3368 nostro
1719 3301 2015 3369 Violario
2058 3301 2375 3368 nonnulla
2426 3321 2505 3364 ex

219 3407 404 3475 editis
441 3410 629 3475 libris
675 3409 970 3501 inspersa
1013 3432 1154 3476 esse
1199 3431 1440 3496 negare
1485 3411 1708 3476 nolim.
1724 3409 1773 3496 ¹)

357 3661 405 3725 1)
451 3656 921 3712 Phavorinum
965 3655 1320 3726 potissimum
1356 3655 1609 3726 excipere
1652 3657 1828 3725 male,
1877 3655 2010 3726 quia
2047 3655 2116 3711 de
2155 3671 2221 3711 eo
2262 3655 2334 3709 ab
2376 3655 2505 3710 aliis

219 3739 338 3802 post
371 3739 595 3794 Pulchii
631 3737 896 3794 subtilem
939 3736 1392 3792 dissertationem
1429 3734 1817 3804 quaestionem
1855 3736 2036 3791 denuo
2074 3735 2395 3790 institutum
2432 3736 2502 3790 iri

225 3829 392 3883 spero,
448 3820 568 3874 Nec
604 3819 789 3874 minus
825 3836 915 3874 res
954 3818 1024 3873 de
1060 3817 1340 3873 nonnullis
1379 3815 1666 3872 Cornuti
1703 3814 1965 3872 editionis
1992 3815 2330 3870 Basileensis
2366 3816 2500 3869 arti—

223 3895 352 3952 culis
402 3902 658 3955 constare
709 3897 960 3968 videtur‚
1013 3899 1160 3969 quod
1212 3898 1310 3952 ille
1361 3917 1414 3968 p.
1451 3904 1519 3952 ’10
1572 3895 1881 3952 certissimo
1934 3897 2105 3952 evicit
2154 3897 2498 3965 argumento.

225 3971 489 4037 Quidnam
527 3996 658 4035 vero
697 3980 766 4034 de
803 3982 1029 4035 auctore
1075 3977 1306 4033 Violarii
1345 3977 1608 4044 efficitur,
1655 3978 1702 4031 si
1746 3977 2005 4032 librarius
2053 3976 2261 4031 saeculi
2298 3975 2501 4032 decimi

225 4054 390 4120 quinti
441 4059 532 4114 vel
585 4058 726 4114 sexti
777 4058 1052 4126 quaedam
1103 4075 1171 4112 ex
1221 4058 1561 4114 editionibus
1613 4057 1912 4113 correxerit
1967 4056 2057 4112 vel
2110 4057 2499 4127 descripserit?

226 4160 285 4171 -
321 4135 568 4207 Denique
605 4155 834 4207 moneo,
871 4138 1167 4193 Pulchium
1193 4159 1248 4209 p.
1279 4145 1348 4193 45
1379 4155 1491 4207 seq.
1532 4139 1704 4193 etiam
1733 4138 1801 4192 de
1831 4135 2245 4192 commentariis
2275 4138 2499 4194 Nonni

227 4208 354 4270 Abb
366 4220 525 4289 atis,
555 4217 836 4273 Eudociae
865 4217 1037 4288 fonte,
1073 4222 1222 4274 recte
1251 4219 1541 4288 iudicasse,
1580 4219 1729 4288 quod
1757 4219 2055 4287 postquam
2086 4215 2344 4286 egregius
2373 4218 2496 4276 cod.

230 4290 583 4370 Tubingcnsis
618 4299 678 4354 M
716 4303 766 4354 6.
796 4304 866 4354 40
893 4299 1199 4356 membran.
1229 4317 1372 4356 saec.
1400 4299 1503 4369 XI,
1545 4315 1655 4368 quo
1696 4298 1862 4369 Greg.
1892 4297 2029 4352 Naz.
2060 4296 2340 4354 orationes
2368 4313 2495 4352 con-
