3025 4892
1164 202 1595 285 HESYOHIUS.
2396 206 2523 270 163

219 363 474 444 νύασις
490 363 858 451 Ἡροδότου
885 370 1007 435 τοῦ
1039 368 1380 452 ἱστορικοῦ
1409 367 1791 452 ἐξάδελφος·
1831 368 2064 452 γε’γονε
2094 363 2222 455 γὰρ
2253 366 2521 436 Πανύα-

220 493 340 551 σις
424 472 852 561 Πολυάρχου,
926 469 961 541 ὃ
1039 473 1112 541 δὲ
1175 471 1541 557 Ἡρόδοτος
1610 471 1837 553 Λύξου
1916 475 2035 540 τοῦ
2118 473 2525 562 Πολυάρχου

219 577 548 665 ἀδελφοῦ.
627 580 806 658 τινὲς
861 579 934 647 δὲ
983 577 1065 647 οὐ
1115 578 1372 665 Λύξην,
1430 576 1599 647 ἀλλὰ
1635 576 1829 648 ‘Poeno
1874 578 1998 666 τὴν
2045 583 2294 667 μητέρα
2328 579 2525 667 Ἡρό-

217 684 442 753 δότου
466 685 902 765 Πανυάσιδος
939 682 1243 771 ἀδελφὴν
1280 683 1664 772 ἱστόρησαν.
1721 682 1758 753 ὁ
1798 685 1871 754 δὲ
1900 685 2253 766 Πανύασις
2289 689 2523 773 γέγονε

215 789 400 858 κατὰ
440 789 560 878 τὴν
609 791 718 879 οη’
768 789 1173 879 ὀλυμπιάδα,
1220 789 1384 858 κατὰ
1433 793 1513 859 δέ
1552 819 1741 872 τινας
1786 798 2007 884 πολλῷ
2054 794 2524 881 πρεσβύτερος·
2550 818 2576 857 5

215 898 342 964 καὶ
391 896 511 986 γὰρ
557 890 644 986 ἦν
689 900 794 967 ἐπὶ
830 904 968 965 τῶν
1007 902 1379 985 Περσικῶν.
1461 895 1767 987 ἀνῃρέθη
1806 899 1881 967 δὲ
1917 896 2048 967 ὑπὸ
2088 900 2526 987 Λυγδάμιδος

215 1010 358 1072 τοῦ
409 1012 636 1093 τρίτου
691 1004 1235 1092 τυραννήσαντος
1287 1002 1833 1092 Ἁλικαρνασσοῦ.
1942 1009 2016 1075 ἐν
2084 1006 2160 1074 δὲ
2222 1020 2526 1093 ποιηταῖς

214 1110 524 1179 τάττεται
572 1108 729 1199 μεθ’
766 1108 1081 1199 Ὅμηρον,
1127 1109 1292 1179 κατὰ
1340 1113 1419 1179 δέ
1458 1137 1648 1191 τινας
1692 1114 1801 1181 καὶ
1848 1110 2005 1199 μεθ’
2048 1111 2367 1181 Ἡσίοδον
2413 1114 2524 1181 καὶ

212 1216 637 1306 Ἀντίμαχον.
731 1224 976 1306 ἔγραψε
1032 1218 1106 1286 δὲ
1159 1219 1269 1285 καὶ
1309 1215 1754 1305 Ἡρακλειάδα
1810 1221 1883 1287 ἐν
1936 1225 2221 1309 βιβλίοις
2265 1221 2387 1306 ιδ’,
2435 1226 2527 1301 εἰς

217 1333 354 1411 ἔπη
401 1335 498 1415 Ιθ,
541 1324 804 1394 Ἰωνικὰ
852 1328 927 1394 ἐν
970 1328 1394 1417 πενταμέτρςο
1441 1326 1609 1415 (ἔστι
1659 1326 1733 1393 δὲ
1779 1324 1857 1393 τὰ
1902 1328 2054 1415 περὶ
2092 1326 2369 1415 Κόδρον
2415 1328 2525 1395 καὶ
2554 1350 2606 1389 10

216 1436 461 1518 Νηλέα
507 1434 619 1499 καὶ
665 1430 782 1511 τὰς
821 1428 1490 1520 Ἰωνικὰς“άποικίας)
1538 1437 1632 1512 εἰς
1670 1437 1791 1518 ἔπη
1841 1440 1915 1523 Ιζ.

409 1540 764 1607 DGXVIII.
850 1538 1266 1619 Πανύασις
1314 1536 1873 1627 Ἁλικαρνασσεὺς
1926 1540 2275 1629 νεώτερος,
2334 1542 2525 1629 φιλό-

223 1666 461 1733 σοφος.
550 1646 702 1735 περὶ
749 1644 1034 1734 ὀνείρων
1080 1651 1306 1732 βιβλία
1349 1645 1441 1729 β’.

409 1755 697 1823 DOXIX.
777 1753 1150 1840 Πάξαμος
1177 1808 1192 1821 .
1222 1807 1236 1822 .
1268 1807 1280 1819 .
1311 1752 1554 1839 λόγιος.
1640 1752 2075 1843 Ὀψαρτυτικὰ
2131 1752 2293 1823 κατὰ
2352 1774 2523 1822 στοι-

214 1876 435 1948 χεῖον,
491 1858 821 1929 Βοιωτικὰ
878 1863 952 1927 ἐν
998 1866 1284 1946 βιβλίοις
1327 1858 1419 1945 β’,
1473 1860 1996 1949 Αωδεκάτεχνον
2044 1865 2211 1951 (ἔστι
2258 1861 2331 1930 δὲ
2376 1862 2525 1949 περὶ
2554 1885 2605 1924 15

220 1972 528 2055 αἰσχρῶν
577 1968 984 2055 σχημάτων),
1032 1964 1299 2053 Βαφικὰ
1344 1971 1575 2051 βιβλία
1620 1967 1712 2053 β’,
1760 1968 2103 2057 Γεωργικὰ
2150 1969 2239 2055 β’.

409 2076 664 2143 DCXX.
738 2083 812 2142 Π
818 2074 1066 2153 άππος
1087 2071 1558 2159 Ἀλεξανδρεὺς
1604 2074 1997 2163 φιλόσοφος,
2033 2076 2327 2164 γεγονὼς
2360 2073 2524 2144 κατὰ

218 2180 346 2249 τὸν
414 2182 870 2269 πρεσβύτερον
922 2180 1294 2249 Θεοδόσιον
1350 2178 1473 2248 τὸν
1538 2182 1846 2266 βασιλέα,
1912 2180 2019 2251 ὅτε
2082 2183 2194 2250 καὶ
2250 2185 2439 2250 Θέων
2487 2179 2523 2249 ὅ

218 2289 606 2376 φιλόσοφος
640 2288 950 2377 ἤκμαζεν,
989 2288 1024 2357 ὁ
1072 2287 1332 2375 γράψας
1359 2292 1452 2366 εἰς
1488 2285 1610 2354 τὸν
1641 2294 2066 2375 Πτολεμαίου
2093 2276 2369 2357 κανόνα.
2423 2294 2532 2374 βι-·

217 2401 381 2481 βλία
430 2395 507 2463 δὲ
552 2394 794 2464 αὐτοῦ·
853 2400 1304 2483 Χωρογραφία
1361 2393 1820 2491 οίκουμενική,
1888 2398 1982 2474 εἰς
2034 2393 2116 2463 τὰ
2171 2393 2239 2461 δ’
2296 2400 2523 2480 βιβλία
2552 2418 2603 2456 20

217 2507 344 2587 τῆς
404 2508 833 2589 Πτολεμαίου
895 2502 1183 2589 μεγάλης
1242 2501 1639 2581 Συντάξεως
1705 2498 2096 2589 ὑπόμνημα,
2165 2499 2524 2587 Ποταμοὺς

221 2609 391 2688 τοὺς
441 2610 516 2675 ἐν
561 2608 814 2697 Λιβύῃ,
853 2608 866 2699 Ι
901 2606 1426 2696 Ὀνειροκριτικά.
1468 2607 1481 2698 Ι

375 2838 408 2885 2
441 2827 629 2890 Ξύλου
649 2838 694 2885 V
803 2837 836 2885 3
873 2828 1022 2893 τινὲς
1051 2826 1114 2883 δὲ
1147 2860 1214 2869 --
1244 2828 1539 2898 Περσικῶν
1568 2846 1675 2883 om.
1696 2835 1741 2882 V
1767 2828 1917 2893 τινὲς
1945 2829 2009 2886 δὲ
2042 2828 2110 2887 οὐ
2138 2834 2304 2885 θεῖον
2333 2827 2523 2900 Λύξην

222 2912 372 2966 coni.
410 2910 756 2979 Gutschmid3
795 2930 896 2981 pro
927 2906 1082 2965 Ῥοιώ
1121 2910 1332 2979 legitur
1365 2905 1533 2977 Δρυώ
1571 2926 1622 2963 v.
1653 2905 1953 2979 Ἡρόδοτος
2113 2918 2148 2965 4
2184 2909 2521 2980 Πολυάρχου

222 3010 328 3061 pro
361 2989 747 3059 Πανυάσιδος,
785 2992 928 3047 coni.
959 2992 1140 3060 Heyse
1249 2997 1280 3044 5
1317 2985 1384 3044 οὐ
1413 2990 1597 3059 πολλῷ
1627 2990 1796 3045 Daub
1825 2992 2005 3064 πολλῷ
2040 3022 2103 3031 -
2133 2984 2204 3061 ἦν
2234 3010 2340 3048 om.
2370 2992 2522 3046 Eud.

223 3078 252 3125 7
286 3069 689 3141 Ἁλικαρνασοῦ
729 3078 774 3125 V
921 3078 953 3125 8
989 3072 1248 3126 τέτατι-αι
1285 3075 1330 3121 Δ
1493 3067 1639 3125 κατὰ
1679 3070 1743 3125 δὲ
1787 3102 1854 3111 --
1888 3067 2080 3141 Ἄντίμ.
2118 3072 2178 3125 in
2215 3077 2260 3124 V
2299 3072 2403 3126 sub
2430 3073 2521 3131 fin,

222 3154 356 3207 add.
507 3160 538 3206 9
577 3148 652 3215 ὥς
691 3151 796 3222 ἔπη
836 3154 986 3208 Eud.
1136 3158 1196 3206 11
1238 3151 1336 3219 τῆς
1369 3145 1615 3221 Ἰωνικῆς
1651 3155 1861 3206 temere
1900 3154 2042 3206 coni.
2082 3153 2261 3223 Heyse

371 3231 651 3287 DCXVIII
689 3250 797 3289 om.
831 3232 1105 3287 Westerm.
1171 3232 1430 3286 Meminit
1464 3232 1805 3286 Artemidor.
1830 3230 1885 3299 ,Ι,
1924 3238 1957 3285 2
1996 3235 2054 3287 et
2090 3233 2159 3299 11,
2197 3239 2263 3287 35

372 3311 600 3367 DCXIX
639 3330 746 3371 om.
778 3314 1052 3367 Westerm.
1113 3311 1193 3365 Cf.
1232 3311 1435 3366 Muller
1461 3313 1539 3367 IV
1578 3331 1631 3381 p.
1662 3318 1782 3367 472.
1848 3312 2105 3368 Fortasse
2143 3312 2215 3367 ab
2243 3312 2521 3382 Hesychio
2566 3342 2571 3345 -

220 3394 432 3447 aliena..
508 3392 587 3449 Of.
627 3394 830 3447 Athen.
869 3392 945 3445 IX
981 3410 1034 3460 p.
1065 3397 1196 3458 376,
1237 3390 1436 3445 Pollux
1476 3393 1552 3447 VI
1591 3411 1635 3447 c.
1678 3401 1771 3459 103
1818 3394 2069 3448 Boisson.
2110 3396 2212 3447 An.
2254 3396 2277 3447 l
2314 3411 2368 3462 p.
2398 3400 2521 3460 413,

220 3472 578 3542 Volkmann,
617 3472 802 3541 Symb.
842 3491 896 3541 p.
929 3478 1031 3527 719
1131 3534 1136 3539 .
1199 3477 1264 3524 14
1309 3467 1496 3541 λόγιος
1546 3473 1615 3527 cf.
1650 3467 1967 3542 Ἕρμιππος
2006 3469 2290 3540 Βηρύτιος.
2337 3470 2525 3541 λόγιος

224 3551 457 3623 σφόδρα
487 3556 544 3607 et
572 3551 798 3615 Νάννος
817 3548 1252 3621 -’λογιώτατος.
1295 3551 1354 3605 Si
1377 3552 1731 3619 Hesychia-na
1759 3553 1860 3618 est,
1890 3552 2150 3607 lacunam
2179 3552 2309 3604 ante
2338 3550 2523 3620 λόγιος

222 3634 444 3689 indices
484 3635 722 3703 oportet.
793 3631 1040 3702 ἔγραψεν
1077 3634 1209 3701 post
1242 3628 1429 3699 λόγιος
1468 3648 1576 3685 om.
1607 3637 1733 3701 VB,
1772 3630 2039 3700 expunxit
2073 3631 2407 3701 Bernhardy

231 3722 296 3769 15
341 3709 617 3767 Βοιωτικά
657 3714 716 3766 et
742 3712 887 3765 infra
915 3709 1146 3781 Βαφικά
1176 3730 1322 3781 susp.
1353 3712 1719 3781 Bernhardyo
1748 3705 1993 3765 Βιωτικά
2022 3711 2226 3765 maluit
2252 3711 2522 3765 Hem-ster·

225 3795 450 3859 husius,
499 3789 815 3846 Βοιωτιακά
856 3793 1084 3859 Μιῖῑϊεν,
1129 3792 1220 3846 cui
1265 3790 1502 3845 historia
1548 3791 1915 3845 Romanensis
1960 3790 2129 3845 fuisse
2174 3790 2418 3859 videtur,
2466 3794 2525 3845 et

227 3873 554 3940 argumenti
582 3871 807 3940 quidem
834 3872 1206 3941 paederastici
1233 3873 1496 3926 monente
1529 3871 1922 3938 Gutschmidio,
1955 3872 2039 3925 ita
2065 3873 2129 3925 ut
2156 3870 2344 3925 omnia
2372 3872 2522 3924 recte

229 3970 286 4007 se
325 3951 597 4017 habeant;
635 3950 786 4004 idem
814 3948 1094 4021 γεωργικὰ
1125 3948 1181 4010 ς’
1222 3952 1614 4022 corrigendum
1647 3968 1767 4006 esse
1796 3952 1955 4019 vidit,
1994 3968 2122 4005 cum
2158 3952 2217 4004 in
2243 3951 2522 4020 fragmen-

229 4031 303 4086 tis
343 4030 652 4084 etiamnum
688 4030 747 4083 in
785 4028 1120 4100 Geoponicis
1158 4031 1394 4087 servatis
1434 4034 1579 4087 liber
1616 4034 1813 4088 tertius
1850 4027 2111 4085 laudetur

375 4108 574 4164 DCXX
610 4110 761 4164 Eud.
802 4129 854 4179 p.
886 4117 990 4166 604
1137 4118 1202 4166 18
1241 4110 1473 4181 βασιλέα
1516 4114 1679 4167 Θεοδ.
1719 4130 1847 4182 pars
1888 4112 2045 4165 codd.
2088 4114 2145 4165 et
2180 4112 2331 4165 Eud.

231 4198 296 4245 21
341 4186 642 4259 Ποταμούς
688 4192 746 4243 et
776 4186 973 4261 Ὀνειρ.
1013 4194 1251 4261 suspect.
1289 4193 1683 4262 BernhardyO,
1730 4190 1825 4260 qui
1872 4189 2262 4245 collectionem
2308 4191 2521 4247 mathe-

231 4271 501 4325 maticam
548 4270 770 4323 silentio
816 4272 1269 4339 praetermissam
1315 4273 1565 4327 miratur.
1627 4266 2063 4341 Ὀνειροκριτικά
2118 4272 2284 4327 alteri
2327 4274 2521 4343 Pappo

230 4351 432 4406 tribuit
473 4350 794 4405 Gutschmid

1994 4442 2098 4501 11*
