3025 4892
1137 201 1569 260 HESYchS.
2406 205 2493 272 39

167 360 438 448 τέχνην
487 361 790 450 ἰατρικήν
846 365 1008 453 (ἔχει
1065 362 1139 432 δὲ
1195 361 1407 444 ἰάσεις
1460 363 1749 451 φυσικὰς
1804 361 1935 434 ἀπό
1985 392 2190 435 τινων
2236 373 2495 456 βοηθη-

169 466 428 554 μάτων
475 474 592 556 τῆς
635 469 942 560 φύσεως).

363 577 596 646 CLVI.
669 581 936 657 Βωλος
989 577 1379 666 Μενδήσιος
1433 577 1924 667 Πυθαγόρειος.
2020 581 2173 666 περὶ
2226 584 2366 650 τῶν
2419 584 2493 651 έκ

164 686 287 770 τῆς
339 679 794 769 ἀναγνώσεως
838 689 975 753 τῶν
1023 688 1338 771 ἱστοριῶν
1397 690 1493 766 είς
1538 687 1880 754 ἐπίστασιν
1943 682 2115 773 ἡμᾶς
2159 683 2489 773 ἀγόντων,

165 789 329 876 περὶ
383 797 823 880 θαυμασίων,
869 791 1120 878 φυσικὰ
1159 790 1504 881 δυναμερά
1543 793 1703 882 (ἔχει
1750 791 1825 860 δὲ
1860 793 2011 877 περὶ
2050 796 2489 880 συμπαθειῶν
2518 814 2543 855 ⁵

163 897 284 964 καὶ
327 896 850 987 ἄντιπαθειῶν),
888 899 1122 986 <περὶ>
1161 889 1380 969 λίθων
1416 897 1583 969 κατὰ
1625 913 1975 987 στοιχεῖον,
2014 900 2164 987 περὶ
2195 905 2488 988 σημείων

168 1008 318 1072 τῶν
369 1007 446 1088 ἐξ
491 1003 688 1092 ἡλίου
732 1006 843 1072 καὶ
893 1006 1330 1092 numianus-nal
1367 1004 1617 1092 ἄρκτου
1660 1009 1770 1074 καὶ
1820 1005 2074 1093 λύχνου
2109 1007 2220 1075 καὶ
2258 1011 2489 1095 ἴριδος.

364 1113 626 1180 CLVII.
700 1109 1044 1192 Γαῖανὸς
1083 1108 1787 1200 Ἀράβιος-σοφιστής,
1847 1112 2153 1200 μαθητὴς
2208 1113 2493 1197 Ἀψίνου

168 1223 298 1286 τοῦ
353 1220 743 1306 Γαδαρέως·
789 1211 876 1306 ἦν
924 1217 997 1286 δὲ
1045 1221 1158 1287 ἐπί
1187 1245 1256 1288 τε
1295 1221 1684 1306 Μαξιμίνου
1726 1221 1837 1288 καὶ
1874 1224 2278 1307 Γορδιανοῦ.
2343 1224 2489 1291 έσο-

170 1329 550 1410 φίστευσεν
600 1328 675 1393 έν
719 1330 1020 1418 Βηρυτῷ.
1079 1325 1228 1412 περὶ
1276 1324 1649 1408 συντάξεως
1693 1332 1919 1412 βιβλία
1966 1327 2039 1414 ε’,
2086 1329 2327 1415 τέχνην
2373 1330 2487 1415 ‹5⁷1-
2520 1348 2569 1387 ¹0

159 1431 502 1520 .τορικη’ν,
548 1433 836 1519 μελέτας.

369 1541 666 1609 CLVIII.
739 1541 976 1618 Γάϊος
1015 1535 1354 1620 Ἰούλιος
1399 1547 1706 1626 Καῖσαρ
1763 1539 1800 1610 ὁ
1846 1547 2108 1630 πρῶτος
2160 1542 2492 1632 μοναρχή-

179 1665 320 1725 σας.
405 1638 603 1726 οὗτος
649 1651 908 1740 ἔγραψεθ
931 1647 1348 1733 μετάφρασιν
1383 1651 1523 1716 τῶν
1564 1644 1843 1732 Ἀράτου
1880 1650 2331 1737 φαινομένων,
2378 1651 2491 1718 καὶ

174 1753 434 1841 τέχνην
477 1749 936 1841 γραμματικὴν
983 1755 1360 1840 ῥωμαϊκῶς,
1405 1754 1514 1822 καὶ
1564 1757 1711 1842 περὶ
1756 1759 1879 1823 τοῦ
1925 1760 2109 1824 ίδίου
2150 1761 2327 1842 βίου.

367 1862 592 1928 CLIX.
667 1857 908 1940 Γάϊος
943 1866 1012 1927 Κ
1019 1873 1288 1946 αι’σαρ,
1327 1856 1401 1940 ὃς
1439 1861 1771 1950 ἐπεκλήθη
1802 1861 2239 1950 Καλλιγόλας.
2296 1866 2485 1952 ρητο-
2520 1880 2570 1919 ¹⁵

181 1965 394 2054 ρικὴν
439 1971 804 2055 ρωμαϊκῶς.

369 2076 556 2143 CLX.
645 2074 1004 2161 Γαληνὸς
1061 2070 1098 2142 ὁ
1163 2070 1649 2160 διασημότατος
1708 2074 1965 2160 ἰατρός,
2026 2077 2489 2164 Περγαμηνός,

183 2180 484 2266 γεγονώς
531 2183 636 2250 ἐπὶ
683 2181 977 2270 Μάρκου
1020 2181 1131 2248 καὶ
1169 2180 1496 2267 Κομόδου
1540 2179 1653 2247 καὶ
1699 2185 2113 2268 Περτίνακος
2157 2187 2291 2250 τῶν
2329 2191 2489 2252 Και-

185 2283 544 2374 σάρωνέν
581 2287 829 2377 Ῥώμῃ,
875 2287 1025 2368 υίὸς
1073 2293 1386 2366 Νίκωνος
1430 2287 1811 2374 γεωμέτρου
1854 2287 1963 2353 καὶ
2009 2284 2491 2377 ἀρχιτέκτονος,

182 2395 402 2463 πολλὰ
453 2396 866 2482 συντεταχώς
912 2394 1170 2482 ἰατρικά
1218 2421 1288 2463 τε
1332 2393 1444 2461 καὶ
1491 2395 1865 2480 φιλόσοφα,
1920 2397 2017 2460 ἔτι
2070 2419 2139 2461 τε
2186 2421 2481 2482 γραμμα-
2512 2415 2565 2452 20

181 2500 332 2568 τικὰ
381 2502 492 2569 καὶ
539 2501 886 2589 ῥητορικά,
942 2500 1136 2569 ἅτινα
1187 2499 1300 2569 διὰ
1346 2500 1422 2569 τὸ
1471 2505 1677 2569 πᾶσιν
1725 2498 1897 2568 εἶναι
1944 2498 2250 2587 γνώριμα
2294 2527 2489 2570 κατα-

190 2608 412 2692 λέγειν
460 2608 742 2695 ἄκαιρον
789 2606 1144 2700 ἡγησάμην
1189 2610 1263 2676 έν
1309 2611 1400 2699 τῷ
1447 2606 1751 2695 παρόντι.
1843 2608 1999 2693 έβίω
2046 2611 2159 2694 ἔτη
2207 2607 2283 2676 ο’.

367 2717 586 2783 CLXI.
661 2719 1094 2794 Γενέθλιος
1130 2720 1526 2800 Γενεθλίου,
1575 2722 2035 2804 Παλαιστῖνος,
2068 2718 2139 2784 ἐκ
2176 2720 2482 2802 Πετρῶν,

189 2821 533 2910 σοφιστής,
585 2821 896 2910 μαθητὴς
939 2825 1416 2889 Μινουκιανοῦ
1460 2822 1572 2889 καὶ
1615 2819 2016 2910 Ἀγαπητοῦ,
2065 2820 2485 2892 ἄντιπαιδεύ-

191 2986 322 3050 post
358 2983 714 3038 HolstenIum
750 2984 1108 3053 Bernhardy3
1149 2982 1384 3036 fortasse
1419 2982 1530 3052 leg.
1572 2976 1602 3035 ὃ
1643 2985 1742 3036 καὶ
1782 2978 2133 3052 Δημόκριτος
2289 2991 2315 3038 1
2356 3003 2483 3039 συν-

192 3061 406 3134 τὲθηκε
446 3061 647 3134 τέχνην
685 3062 985 3135 ᾇητορικήν
1024 3081 1131 3118 om.
1172 3060 1423 3131 ἱστορίαν
1459 3063 1559 3116 καὶ
1595 3062 1749 3116 Eud.

329 3143 500 3199 CLVI
537 3145 686 3199 Eud.
724 3162 778 3214 p.
822 3151 920 3199 161
1059 3151 1091 3198 3
1133 3140 1345 3210 ἔγραψε
1386 3143 1514 3196 add.
1557 3143 1707 3196 Eud.
1750 3142 1879 3209 περὶ
1916 3143 2029 3196 τῶν
2065 3145 2166 3213 τῆς
2202 3141 2331 3214 ἄγα.
2374 3163 2483 3200 om.

191 3217 253 3276 ἔκ
286 3224 440 3277 Eud.
549 3230 586 3278 4
619 3219 950 3294 ἀγαγόντων
986 3225 1131 3293 vuly.
1161 3223 1312 3277 Eud.
1352 3218 1613 3292 ἀγόντων
1649 3227 1750 3275 AV
1859 3227 1891 3276 5
1930 3224 2128 3293 διμερῆ
2167 3242 2270 3294 pro
2308 3227 2481 3280 δυνα-

189 3303 329 3373 μερά
363 3305 502 3358 coni.
532 3304 840 3370 Reinesius,
868 3322 1012 3374 susp.
1033 3303 1424 3374 Bernhardyo‚
1455 3300 1535 3357 ἔτι
1564 3319 1666 3372 pro
1698 3299 1814 3371 ἔχει
1843 3304 1984 3357 coni.
2013 3304 2303 3372 Kusterm,
2332 3306 2481 3361 idem

190 3385 315 3452 περὶ
362 3387 493 3440 ante
538 3388 718 3440 λίθων
754 3385 960 3439 addere
1008 3383 1232 3450 maluit,
1281 3373 1432 3451 qffld
1478 3383 1776 3451 probaizum
1823 3382 2062 3439 Miillero
2110 3402 2215 3454 ego
2263 3403 2483 3456 quoque

191 3466 456 3531 praetuli3
496 3467 626 3534 post,
652 3467 832 3519 λίθων
861 3464 1131 3519 librorum
1159 3479 1450 3517 numerum
1479 3463 1753 3518 excidisse
1784 3465 1949 3533 putat
1976 3464 2297 3520 Gutschmid

330 3540 529 3600 CLVII
566 3545 716 3600 Eud.
745 3565 799 3615 p.
835 3551 950 3600 171.
1011 3543 1089 3600 Cf.
1119 3561 1172 3598 v.
1197 3537 1416 3611 Ἀψίνης
1560 3550 1593 3598 8
1632 3540 1817 3614 ρήτωρ
1856 3544 1953 3598 καὶ
1992 3541 2261 3614 σοφιστής
2288 3547 2443 3601 Eud.

195 3630 224 3676 9
261 3627 586 3696 Μαξιμίνου
625 3644 762 3682 corr.
793 3627 1064 3680 Kusterus
1093 3625 1360 3692 Μαξίμου
1393 3626 1537 3693 vuly.
1567 3623 1717 3680 Eud.
1840 3620 2237 3692 έσοφίστευσεν
2276 3622 2340 3679 ἐν
2378 3633 2481 3694 Βη-

195 3708 364 3780 ρυτῷ,
413 3724 555 3774 quae
592 3708 764 3762 verba.
799 3707 859 3760 in
907 3707 1012 3762 fine
1051 3705 1199 3760 vitae
1245 3704 1457 3758 tradita
1492 3706 1647 3772 sunt,
1694 3705 1803 3759 huc
1851 3705 2192 3800 transposui,
2240 3707 2304 3758 ut
2348 3706 2485 3760 ordo

198 3788 389 3843 solitus
423 3790 688 3842 servetur.
763 3787 843 3841 cf.
882 3803 1024 3854 quae
1063 3785 1176 3839 dixi
1211 3804 1264 3838 v.
1300 3779 1605 3852 Ἀνακρέων

335 3867 555 3922 CLVIII
592 3885 699 3922 om.
715 3867 987 3923 Westerm.
1025 3865 1108 3920 De
1130 3867 1458 3920 Caesaribus
1486 3865 1773 3936 disputavi
1791 3863 1931 3918 Mus.
1945 3864 2119 3918 Rhen.
2134 3863 2423 3918 XXXVII.
2436 3883 2479 3919 ο.

334 3946 503 4001 CLIX
539 3965 647 4002 om.
680 3947 952 4001 Westerm.
999 3983 1006 3990 ·

333 4025 472 4082 CLX
520 4027 602 4082 cf.
647 4043 792 4094 quae
839 4026 955 4081 dixi
990 4025 1129 4080 Mus,
1167 4025 1342 4080 Rhen.
1382 4024 1587 4080 XXXV
1634 4043 1689 4095 p.
1730 4031 1863 4090 2083
1915 4024 2095 4088 Diels,
2136 4023 2378 4092 Doxogr.
2426 4043 2479 4094 p.

197 4112 294 4162 233
315 4125 428 4177 seq.
546 4115 615 4164 20
653 4109 749 4162 καὶ
785 4103 960 4160 πολλὰ
998 4112 1043 4158 V
1079 4124 1207 4161 mox
1233 4125 1291 4160 τε
1324 4123 1432 4161 om.
1461 4113 1505 4158 E
1633 4111 1697 4158 21
1736 4099 1904 4158 ἅτινα
1934 4135 2001 4143 -
2029 4100 2271 4171 παρόντι
2302 4119 2407 4160 om.
2440 4109 2485 4156 V

197 4186 426 4257 ideoque
467 4188 886 4257 suspectissimam
923 4190 1052 4240 sunt

331 4267 499 4323 CLXI
538 4268 689 4322 Eud.
728 4285 780 4336 p.
824 4272 940 4321 171.
1015 4266 1199 4320 Pauca
1237 4266 1543 4335 exscripsit?
1567 4263 2049 4331 Pseudo-Hesyoh.
2088 4280 2134 4317 c.
2178 4267 2243 4316 15

202 4351 261 4400 23
302 4349 620 4402 Γενεθλίου
658 4363 764 4401 om.
803 4346 954 4402 Eud.
