3025 4892
541 201 666 265 168
1467 198 1896 253 HESYCHIUS.

711 362 1124 431 DOXXXIX.
1199 369 1276 428 Π
1289 365 1321 427 ί
1331 387 1374 446 γ
1398 385 1500 445 ρη
1524 386 1556 438 ς
1603 357 1754 446 Κὰρ
1800 355 1929 427 ἀπὸ
1966 355 2487 445 Ἁλικαρνασοῦ,
2546 354 2817 444 ἀδελφὸς

529 468 938 557 Ἀρτεμισίας
973 472 1092 554 τῆς
1128 470 1201 536 ἐν
1235 481 1375 546 τοῖς
1401 468 1716 553 πολέμοις
1745 468 2145 553 διαφανοῦς,
2184 464 2577 534 Μαυσώλου
2603 490 2815 551 γυναι-

535 576 669 655 κός.
758 571 833 655 ὃς
895 579 976 663 τῇ
1028 572 1261 642 Ἰλιάδι
1307 576 1717 660 παρενέβαλε
1770 571 1935 641 κατὰ
1992 577 2221 659 στίχον
2276 575 2597 658 ἐλεγεῖον,
2656 570 2815 639 οὕτω

537 682 824 770 γράψας·
882 684 1118 769 εμῆνιν
1167 680 1348 749 ἄειδε
1395 678 1523 749 θεὰ
1572 677 1975 766 Πηληιάδεω
2026 677 2355 766 Ἀχιλῆος,
2418 683 2695 765 Μοῦσα,
2744 677 2819 746 σὺ

483 816 507 855 5
536 789 663 879 γὰρ
719 789 934 876 πάσης
988 786 1241 876 πείρατ’
1300 794 1469 875 ἔχεις
1516 789 1808 874 σοφίης’.
1902 792 2147 875 ἔγραψε
2192 787 2303 854 καὶ
2350 786 2472 855 τὸν
2520 792 2611 867 είς
2636 785 2819 873 Ὅμη-

539 924 664 985 ρον
714 895 1229 985 ἀναφερόμενον
1277 900 1637 982 Μαργίτην
1683 894 1793 962 καὶ
1840 899 2552 981 Βατραχομυομαχίαν.

719 1007 968 1073 DCXL.
1033 1006 1454 1090 Πίνδαρος
1493 1007 1819 1088 Θηβαῖος,
1864 1005 2287 1069 Σκοπελίνου
2332 1000 2506 1086 υἱός,
2550 999 2709 1069 κατὰ
2754 1001 2824 1067 δέ

537 1139 725 1192 τινας
773 1110 1208 1197 Δαϊφάντου,
1266 1106 1302 1177 ὃ
1355 1110 1465 1177 καὶ
1517 1112 1773 1196 μᾶλλον
1820 1104 2068 1194 ἀληθές
2124 1105 2191 1197 (ὁ
2238 1106 2364 1196 γὰρ
2416 1114 2823 1177 Σκοπελίνου

540 1220 721 1289 ἐστὶν
782 1217 1237 1305 ἀφανέστερος
1295 1217 1406 1285 καὶ
1460 1213 1834 1301 προσγενὴς
1889 1214 2312 1305 Πινδάρου),
2368 1215 2546 1296 τινὲς
2601 1215 2673 1284 δὲ
2724 1216 2823 1283 καὶ

460 1348 509 1387 10
543 1324 925 1411 Παγώνδου
981 1322 1343 1412 ἱστόρησαν
1399 1319 1627 1391 αὐτόν.
1720 1319 2025 1408 μαθητὴς
2083 1322 2157 1390 δὲ
2208 1327 2559 1411 Μυρτίδος
2610 1350 2823 1409 γυναι-

540 1432 688 1517 κός,
763 1430 1059 1519 γεγονώς
1119 1430 1286 1499 κατὰ
1349 1429 1474 1517 τὴν
1541 1428 1633 1511 ξε’
1702 1426 2117 1515 ὀλυμπιάδα,
2182 1429 2347 1498 κατὰ
2412 1428 2535 1517 τὴν
2590 1432 2824 1517 Ξέρξου

542 1545 890 1627 στρατείαν
956 1534 1054 1607 ὢν
1119 1540 1286 1607 ἐτῶν
1352 1535 1448 1624 μ’.
1546 1537 1655 1604 καὶ
1716 1534 2009 1623 ἀδελφὸς
2064 1537 2186 1623 μὲν
2242 1528 2329 1622 ἦν
2388 1536 2567 1630 αὐτῷ
2624 1536 2825 1623 ὄνομα

537 1644 868 1735 Ἐρωτίων
923 1646 1035 1713 καὶ
1096 1642 1244 1723 υίὸς
1308 1648 1733 1730 Δαΐφαντος,
1804 1645 2169 1731 θυγατέρες
2234 1643 2309 1711 δὲ
2374 1642 2669 1731 Εὔμητις
2727 1644 2823 1710 καὶ

540 1750 981 1840 Πρωτομάχη.
1053 1752 1164 1818 καὶ
1212 1751 1460 1837 συνέβη
1510 1746 1689 1842 αὐτῷ
1736 1754 1860 1818 τοῦ
1906 1756 2064 1836 βίου
2112 1749 2379 1836 τελευτὴ
2428 1750 2571 1820 κατ’
2619 1749 2804 1837 εὐχάς

431 1881 480 1923 ι5
543 1858 886 1946 αἰτήσαντι
940 1855 1068 1945 γὰρ
1127 1854 1200 1925 τὸ
1257 1854 1613 1925 κάλλιστον
1670 1854 1847 1948 αὑτῷ
1899 1860 2195 1944 δοθῆναι
2240 1862 2378 1926 τῶν
2426 1860 2499 1925 ἐν
2544 1863 2633 1950 τῷ
2678 1864 2815 1948 βίῳ,

541 1963 804 2052 ἀθρόον
869 1961 1076 2033 αὐτὸν
1137 1959 1514 2031 ἀποθανεῖν
1570 1964 1643 2030 έν
1698 1962 1964 2053 θεάτρῳ
2022 1961 2546 2051 άνακεκλιμένον
2602 1969 2693 2043 είς
2742 1961 2812 2031 τά

541 2074 662 2139 τοῦ
709 2070 1050 2158 ἐρωμένου
1095 2072 1426 2151 Θεοξένου
1471 2065 1683 2138 αὐτοῦ
1720 2068 1989 2157 γόνατα,
2036 2073 2203 2139 ἐτῶν
2248 2070 2368 2138 νε’.
2459 2076 2703 2158 ἔγραψε
2748 2071 2812 2137 δὲ

544 2179 617 2245 ἐν
673 2182 960 2265 βιβλίοις
1014 2176 1097 2259 ιζ’
1149 2181 1412 2265 Δωρίδι
1459 2178 1781 2263 διαλέκτῳ
1827 2180 2061 2245 ταῦτα·
2110 2174 2642 2264 Ὀλυμπιονίκας,
2698 2187 2824 2245 Πυ-

545 2290 886 2370 θιονίκας,
970 2284 1352 2372 Προσόδια,
1429 2286 1820 2372 Παρθένια,
1890 2281 2452 2372 Ἐνθρονισμούς,
2527 2282 2827 2372 Βακχικά,

465 2416 517 2455 20
546 2391 1080 2479 Δαφνηφορικά,
1127 2394 1465 2476 Παιᾶνας,
1511 2386 1979 2479 ὑπορχήματα,
2022 2387 2310 2476 ὕμνους,
2357 2391 2829 2478 διθυράμβους,

544 2499 802 2585 σκόλια,
855 2496 1168 2585 ἐγκώμια,
1206 2496 1533 2585 θρήνους,
1572 2499 1874 2584 δράματα
1912 2495 2189 2585 τραγικὰ
2230 2496 2337 2581 ιζ’,
2385 2496 2831 2585 ἐπιγράμματα

545 2604 735 2674 ε’πικὰ
794 2606 904 2673 καὶ
966 2604 1435 2691 καταλογάδην
1500 2604 1925 2707 παραινέσεις
1982 2618 2123 2683 τοῖς
2170 2601 2445 2691 ’Ἕλλησι
2507 2606 2618 2672 καὶ
2674 2604 2831 2672 ἄλλα

546 2720 836 2780 πλεῖστα.

688 2906 1016 2963 DCXXXIX
1053 2908 1204 2965 Eud.
1235 2926 1289 2977 p.
1322 2912 1440 2963 597.
1484 2906 1566 2963 Of.
1596 2926 1649 2962 v.
1685 2903 1989 2978 Τιμόλαος,
2015 2902 2243 2976 Ἰὃαῖοςς
2283 2908 2496 2978 Bergk,
2535 2909 2689 2965 Poefi.
2718 2910 2831 2977 Lyr.

546 3006 603 3057 p.
632 2993 736 3042 569
886 2993 912 3042 1
952 2990 1170 3058 Πίγνης
1205 2993 1306 3042 AV
1379 2989 1505 3055 Κᾶρ
1535 2992 1580 3039 V
1647 2983 2043 3055 Ἆλικαρνασοῦ
2081 2993 2182 3042 AV
2328 2996 2360 3044 3
2400 2986 2654 3058 ἐλεγείαν
2693 2996 2738 3042 Δ

546 3076 581 3123 4
619 3064 932 3138 οὐλομένην
968 3071 1098 3138 post
1128 3064 1369 3138 Ἀχιλῆος
1405 3067 1533 3123 add.
1563 3072 1725 3121 Anu
1752 3073 1868 3121 Ald-
1901 3086 2009 3123 om.
2039 3069 2191 3127 Eud.
2302 3064 2407 3139 γάρ
2448 3088 2515 3125 συ
2544 3074 2660 3125 ΔΙᾱ.
2692 3070 2829 3123 Eud.

548 3154 580 3202 6
618 3149 990 3218 Μαργαρίτην
1030 3153 1180 3202 BVE

689 3226 880 3281 DCXL
927 3227 1078 3283 Eud.
1118 3247 1172 3297 p.
1211 3232 1331 3283 598.
1409 3228 1489 3283 Cf.
1531 3228 1723 3298 Steph.
1770 3230 1898 3299 Byz.
1946 3225 2137 3291 Κυνὸς
2182 3230 2447 3298 κεφαλαί.
2524 3230 2606 3285 De
2652 3229 2835 3285 tabula

547 3307 855 3363 carminum
893 3307 961 3362 cf.
1001 3309 1213 3378 Bergk,
1251 3309 1406 3365 Poet.
1445 3310 1572 3379 Lyr.
1596 3309 1619 3340 ⁴
1655 3328 1709 3379 p.
1741 3317 1844 3366 367
1866 3327 1999 3380 seq„
2037 3310 2227 3378 Daub,
2266 3310 2335 3364 de
2374 3308 2528 3367 Suid.
2567 3330 2621 3380 p.
2654 3316 2754 3365 422

551 3393 579 3442 7
621 3388 871 3459 Θηβαῖος
897 3388 1040 3457 vuly.
1072 3389 1224 3445 Eud.
1253 3390 1541 3445 revocavit
1571 3390 1846 3447 Westerm.
1890 3391 2092 3463 Θηβῶν
2122 3406 2190 3443 ex
2217 3394 2318 3443 AV
2352 3391 2549 3445 contra
2576 3388 2833 3460 Hesychii

549 3485 758 3523 morem
793 3470 1067 3537 praetulit
1101 3469 1436 3542 Bernhardy
1565 3476 1597 3526 8
1639 3464 1668 3525 ὃ
1711 3470 1808 3525 καὶ
1846 3466 2232 3539 ἀληθέστερον
2269 3470 2420 3525 Eud.
2464 3504 2468 3508 -
2538 3465 2568 3523 ὁ
2610 3466 2716 3540 γὰρ
2745 3472 2835 3523 Σκ.

549 3579 615 3587 -
650 3545 921 3617 γυναικός
949 3566 1057 3605 om.
1086 3551 1239 3606 Eud.
1353 3558 1385 3605 9
1425 3548 1700 3622 συγγενὴς
1727 3551 1867 3608 coni.
1898 3552 2174 3609 Kusterus
2202 3551 2644 3622 προγενέστερος
2669 3553 2835 3607 Bern-

547 3629 724 3699 hwrdy
832 3627 1125 3699 Πινδάρου
1164 3631 1265 3687 τοῦ
1307 3624 1501 3698 ἑτέρου
1542 3631 1633 3687 vel
1667 3632 1769 3687 τοῦ
1812 3626 2094 3701 διασήμου
2135 3630 2269 3685 addi
2306 3632 2487 3689 voluit
2522 3634 2793 3689 Kasterus

552 3716 616 3764 10
653 3706 975 3780 Παγώνδου
1013 3727 1150 3768 corr.
1189 3712 1457 3777 Gaisford
1493 3703 1836 3780 Πάγωνίδου
1872 3712 2015 3781 vulq.
2065 3705 2244 3766 αὐτὸν
2280 3712 2380 3765 καὶ
2426 3715 2721 3782 ὒῙυρτίδος
2754 3732 2835 3781 γυ·

548 3787 762 3861 ναικός,
799 3787 1059 3862 μαθητὴς
1086 3791 1279 3847 Λάσου
1316 3786 1350 3860 ἢ
1380 3793 1706 3861 Σιμωνίδου
1741 3793 1993 3847 Pearson
2106 3797 2168 3845 11
2212 3786 2289 3847 οε’
2328 3793 2531 3848 maluit
2558 3793 2837 3849 Reimsius

553 3876 617 3924 12
656 3868 924 3940 στρατιὰν
959 3876 1121 3925 ΔΒΗ
1157 3876 1275 3926 ΔΙᾱ.
1317 3871 1469 3927 Eud.
1624 3873 1722 3927 καὶ
1760 3868 2013 3941 ἀδελφὸς
2049 3902 2117 3911 -
2158 3868 2515 3941 Πρωτομάχη
2554 3889 2666 3929 om.
2694 3873 2833 3927 Eud.

550 3946 732 4021 ὄνομα
761 3970 909 4022 susp.
1005 3958 1068 4006 13
1100 3952 1431 4020 Δαΐφαντος
1461 3968 1597 4005 corr.
1628 3953 1870 4009 edissores
1891 3949 2218 4022 Διόφαντος
2249 3951 2381 4007 libri
2460 3959 2524 4008 15
2555 3951 2836 4023 αἰτήσαντι

552 4062 616 4071 -
647 4028 861 4100 γόνατα
891 4032 1220 4101 compilavit
1260 4031 1735 4103 Pseudo-Hesych.
1776 4051 1820 4088 ο.
1851 4040 1923 4089 54
2028 4030 2128 4088 τὸν
2168 4032 2293 4101 βίον
2332 4027 2659 4099 ἀπαλλάξαι
2694 4032 2835 4088 Eud.

553 4118 618 4168 17
653 4110 956 4178 Φιλοξένου
976 4117 1023 4163 V
1121 4110 1185 4166 δὲ
1210 4112 1544 4182 Bernhardy
1571 4108 1660 4166 πε’
1681 4112 1871 4169 Rohde
1898 4176 1903 4185 ¹
1974 4119 2039 4168 18
2070 4112 2445 4183 Νεμεονίκας,
2470 4107 2838 4183 Ἰσθμιονίκας

552 4192 685 4247 addi
711 4193 833 4247 vult
852 4194 1127 4249 Kusterus
1199 4197 1265 4245 21
1296 4188 1492 4246 σκόλια
1525 4184 1557 4258 ἢ
1592 4187 1840 4264 ἐγκώμια
1861 4194 2029 4249 Daub
2104 4189 2363 4262 δράματα
2384 4193 2453 4247 de
2482 4189 2838 4263 dithyrambis

553 4274 734 4342 accipi
759 4273 962 4329 maluit
988 4274 1348 4329 Hermannus
1456 4276 1525 4325 22
1554 4271 1614 4324 in
1642 4268 1810 4329 ἐπικὰ
1842 4274 2018 4329 latere
2048 4289 2309 4327 versuum
2349 4290 2641 4327 numerum
2673 4270 2837 4341 suspi-

555 4354 712 4408 catus
749 4355 835 4408 esf,
859 4354 1042 4425 Ber-qk
1072 4350 1268 4426 ἐπιγρ.,
1299 4350 1486 4407 πάντα
1516 4346 1687 4407 §mua
1716 4353 1752 4409 i.
1784 4370 1830 4411 e.
1861 4371 2026 4411 versu
2054 4351 2369 4423 composita
2396 4352 2521 4409 coll.
2552 4370 2603 4407 v.
2634 4354 2837 4408 Νίκαν·
