3025 4892
527 240 568 303 6
1459 233 1887 291 HESYCHIUS.

704 402 844 469 XV.
917 401 1325 486 Αἰσχρίων
1376 402 1838 483 Μιτυληναῖος
1884 393 2226 481 ἐποποιός,
2276 391 2349 475 ὃς
2395 395 2837 481 συνεξεδήμει

519 506 928 596 Ἀλεξάνδρῳ
975 507 1064 596 τῷ
1117 508 1474 572 Φιλίππου.
1556 493 1643 590 ἦν
1689 501 1765 570 δὲ
1802 499 2297 590 Ἀριστοτέλους
2332 500 2671 590 γνώριμος
2720 500 2837 567 καὶ

527 612 888 700 ἐρώμενος,
954 609 1044 691 ὥς
1103 614 1494 700 Νίκανδρος
1559 607 1595 677 ὁ
1647 607 2116 697 Ἀλεξανδρεὺς
2181 609 2259 677 ἐν
2318 611 2415 696 τῷ
2477 607 2629 694 περὶ
2692 611 2839 675 τῶν

524 719 1018 809 Ἀριστοτέλους
1062 721 1404 804 μαθητων.

475 849 500 888 5
706 829 884 894 XVI.
962 823 1359 911 Αἰσχύλος
1412 820 1772 910 Ἀθηναῖος
1826 783 2163 911 τραγικός,
2220 821 2369 902 υίὸς
2422 821 2545 910 μεν
2602 818 2841 908 Εὐφο-

529 940 806 1024 ρίωνος,
853 928 1146 1018 ἀδελφὸς
1183 930 1257 997 δὲ
1298 927 1635 1017 Ἀμεινίου
1675 925 2177 1017 [Εὐφορίωνος]
2223 931 2334 997 καὶ
2374 934 2842 1015 Κυναιγείρου

527 1045 663 1108 ’τῶν
720 1043 814 1119 εἰς
862 1039 1267 1123 Μαραθῶνα
1323 1034 1865 1123 άριστευσάντων
1920 1035 2057 1123 ἅμα
2114 1033 2312 1127 αὐτῷ.
2406 1041 2552 1123 ἔσχε
2600 1034 2677 1103 δὲ
2723 1035 2841 1102 καὶ

528 1145 720 1227 υἱοὺς
773 1142 1128 1232 τραγικοὺς
1185 1143 1343 1231 δύο,
1401 1141 1817 1232 Εὐφορίωνα
1869 1144 1981 1211 καὶ
2037 1139 2375 1211 Εὐαίωνα.
2475 1139 2839 1228 ἠγωνίζετο

532 1255 606 1322 δὲ
655 1249 855 1331 αὐτὸς
892 1253 966 1320 ε’ν
1003 1254 1082 1339 τῇ
1125 1249 1178 1318 0'
1220 1249 1619 1337 ὀλυμπιάδι,
1661 1253 1829 1319 ἐτῶν
1866 1246 1963 1318 ὢν
2000 1252 2089 1319 κε’.
2150 1241 2345 1342 οὗτος
2382 1253 2643 1337 πρῶτος
2682 1240 2841 1333 εὗρε

457 1379 508 1417 10
536 1370 918 1448 προσωπεῖα
967 1355 1157 1426 δεινὰ
1208 1358 1369 1442 [καὶ]
1419 1357 1720 1446 χρώμασι
1765 1359 2161 1445 κεχρισμένα
2198 1362 2373 1445 ἔχειν
2408 1354 2566 1437 τοὺς
2610 1383 2841 1445 τραγιί

530 1466 722 1552 κούς,
766 1466 877 1532 καὶ
924 1477 1066 1544 ταῖς
1112 1461 1437 1552 ἀρβύλαις
1481 1477 1622 1543 τοῖς
1666 1465 2106 1550 καλουμένοις
2162 1463 2474 1552 ἐμβάταις
2518 1469 2838 1551 χρῆσθαι.

532 1579 780 1662 ἔγραψε
827 1571 901 1639 δὲ
946 1573 1057 1639 καὶ
1106 1573 1358 1657 ἐλεγεῖα
1412 1571 1523 1639 καὶ
1570 1574 1944 1661 τραγῳδίας
1989 1570 2068 1657 ρ’,
2122 1576 2315 1650 νίκας
2371 1571 2445 1638 δὲ
2492 1566 2668 1639 εἷλεν
2714 1571 2846 1657 κη’,

534 1685 602 1750 oc
646 1680 720 1749 δὲ
758 1680 1184 1766 τρισκαίδεκά
1222 1697 1410 1764 φασι,
1449 1660 1691 1764 φυγών
1731 1679 1805 1746 δὲ
1844 1681 1938 1759 είς
1974 1683 2295 1746 Σικελίαν
2337 1677 2449 1746 διὰ
2494 1677 2568 1746 τὸ
2608 1693 2845 1748 πεσεῖν

531 1787 611 1856 τὰ
673 1790 852 1874 ἰκρία
913 1785 1461 1870 ἐπιδεικνυμένου
1512 1782 1754 1870 αὐτου,
1818 1782 2111 1872 χελωνης
2157 1767 2612 1872 ἐπιρριφείσης
2656 1784 2843 1854 αὐτω

371 1929 376 1936 ·
454 1910 508 1950 15
535 1893 665 1964 ὑπὸ
723 1892 921 1962 ἀετοῦ
978 1893 1303 2012 φέροντος
1361 1888 1525 1959 κατα
1590 1893 1707 1978 τῆς
1764 1895 2056 1978 κεφαλῆς
2115 1889 2445 1979 ἀπωλετο,
2507 1895 2673 1961 ἐτων
2735 1893 2847 1979 νη’

537 2000 914 2088 γενόμενος.

715 2108 925 2175 XVII.
1000 2111 1393 2190 [Αἴσωπος
1428 2103 1872 2194 Μιθριδάτου
1908 2103 2361 2192 ἄναγνωστης.
2410 2111 2657 2195 ἔγραψε
2688 2107 2845 2193 περὶ

538 2213 810 2301 Ἑλένης
858 2215 960 2301 (ἐν
1008 2242 1059 2282 ω
1100 2232 1264 2300 φησι
1302 2217 1503 2281 Πᾶνα
1544 2211 1750 2301 ἰχθὺν
1787 2221 2140 2281 καλεισθαι
2176 2213 2472 2300 κητώδη,
2521 2216 2593 2282 ἐν
2631 2213 2846 2303 τούτω

543 2320 618 2389 δὲ
663 2318 783 2388 τὸν
831 2318 1182 2408 ἆστερίτην
1237 2325 1442 2388 λίθον
1500 2317 1963 2408 εὑρίσκεσθαι,
2024 2317 2097 2400 ὃς
2141 2316 2273 2391 ὑπὸ
2328 2323 2419 2412 τῷ
2468 2318 2631 2411 ἡλίῳ
2678 2282 2845 2388 ἀνά-

473 2443 527 2482 2⁰
553 2453 808 2515 πτεται,
863 2436 1046 2496 ποιεῖ
1084 2425 1158 2494 δὲ
1204 2450 1370 2514 προς
1415 2427 1705 2516 φίλτρα).
1796 2432 2040 2513 ἔγραψε
2094 2428 2204 2494 καὶ
2251 2426 2688 2515 Μιθριδάτου
2745 2429 2845 2514 ἐγ-

541 2535 842 2622 κωμιον.]

717 2644 956 2711 XVIII.
1041 2649 1409 2721 Αἴσωπος
1464 2638 1727 2727 Σάμιος
1785 2637 1826 2729 ἢ
1884 2641 2300 2731 Σαρδιανός,
2360 2639 2705 2728 Εὐγείτων
2772 2641 2847 2710 δε

685 2857 787 2911 XV
833 2857 985 2912 Eud.
1032 2872 1086 2926 p.
1139 2862 1255 2912 119.
1332 2855 1412 2911 cf.
1464 2855 1671 2911 Zonar.
1719 2874 1773 2926 p.
1815 2861 1898 2910 73.
1982 2857 2064 2912 De
2102 2873 2169 2912 eo
2216 2857 2285 2914 cf.
2332 2856 2553 2924 Naeke,
2602 2856 2848 2912 Choeril.

543 2957 597 3007 p.
631 2945 758 3004 1923
797 2938 1069 3005 Diintzer‚
1106 2936 1208 3006 Ep.
1247 2935 1315 2990 fr.
1354 2936 1422 3006 ΙΙ,
1460 2953 1514 3005 p.
1553 2941 1679 3004 1253
1716 2936 1920 2991 Mfiner
1956 2937 2035 2990 IV
2072 2956 2125 3006 p.
2156 2943 2260 2992 462
2381 2942 2415 2989 4
2452 2931 2764 3007 ὑφηγεῖται
2804 2958 2849 2992 s.

543 3020 634 3074 fin.
675 3019 801 3072 add.
839 3018 990 3072 Eud.

686 3097 816 3151 XVI
855 3097 935 3153 Of.
975 3098 1185 3151 Schoell
1218 3097 1276 3150 in
1305 3095 1600 3151 Bitschelii
1628 3096 1829 3150 Aesch.
1861 3095 2013 3164 Sept.
2043 3115 2097 3167 p.
2130 3103 2159 3150 7
2262 3103 2297 3151 2
2333 3091 2704 3166 Εὐφορίωνος
2741 3117 2847 3168 pro

545 3180 802 3247 suspecto
831 3176 1034 3230 habuit
1053 3177 1345 3244 Westmm„
1374 3175 1605 3230 seclusit
1626 3177 1833 3230 Schoell
1914 3183 1945 3229 5
1974 3171 2240 3245 τραγικός
2260 3192 2366 3232 om.
2388 3182 2432 3229 V
2507 3182 2539 3230 8
2571 3172 2848 3231 Εὐαίωνα

544 3263 591 3311 A
627 3275 734 3313 ree.
758 3258 1031 3312 Westerm.
1062 3256 1270 3311 Schoell
1300 3251 1568 3328 Εὖβίωνα
1587 3260 1685 3307 BE
1713 3257 1901 3309 Βίωνα
1928 3257 2073 3325 vuly.
2177 3263 2207 3310 9
2239 3251 2283 3310 ο’
2307 3273 2444 3311 corr.
2470 3257 2744 3311 Meursius
2776 3259 2846 3312 de

545 3338 697 3391 arch.
734 3336 804 3405 ΙΙ,
834 3343 865 3390 2
900 3335 1026 3390 eoll.
1065 3334 1216 3390 Suid.
1255 3356 1306 3392 v.
1346 3337 1656 3403 Πρατίνας;
1693 3335 1957 3406 probavit
1992 3336 2245 3403 Clinton,
2278 3337 2406 3390 fast.
2444 3355 2499 3405 p.
2531 3343 2597 3390 23
2639 3338 2762 3401 Kr.;
2804 3341 2849 3391 θ

547 3418 679 3472 libri
706 3415 800 3482 ξθ’
832 3415 1188 3471 Gasaubonus
1310 3421 1374 3469 10
1413 3415 1507 3469 καὶ
1540 3433 1646 3473 om.
1676 3421 1723 3469 A
1749 3415 1906 3470 uncis
1935 3415 2162 3470 inclusit
2190 3415 2424 3482 Schoell,
2461 3417 2559 3470 καὶ
2596 3412 2850 3486 χρώμασι

525 3500 654 3551 'om.
685 3500 832 3548 BVE
870 3492 1121 3566 χρώμασι
1170 3512 1236 3550 ex
1275 3495 1491 3550 duobus
1529 3495 1653 3551 Par.
1697 3496 1984 3551 revocavit
2020 3495 2324 3563 KusteruS,
2372 3511 2479 3550 om.
2518 3497 2663 3566 vuly.
2715 3493 2851 3558 τοὺς

545 3572 871 3648 τραγῳδοὺς
905 3577 1267 3646 Bernhardy,
1313 3578 1414 3630 auf.
1446 3577 1556 3631 hoe
1604 3578 1704 3632 aut
1744 3572 1876 3638 τοὺς
1920 3571 2221 3644 τραγικοὺς
2266 3570 2576 3643 ὑποκριτὰς
2622 3575 2849 3646 flagitat

548 3659 808 3725 Dindorf
943 3664 1007 3711 11
1047 3657 1295 3726 χρῆσθαι
1330 3657 1689 3727 Bernhardy,
1738 3658 2010 3712 Westerm.
2022 3698 2040 3723 ,
2078 3656 2287 3711 Schoell
2359 3657 2677 3725 κεχρῆσθαι
2712 3657 2848 3711 libri

553 3747 617 3794 13
648 3737 708 3794 οἷ
737 3772 801 3779 ——
832 3755 973 3808 φασι
1000 3737 1215 3791 habent
1241 3741 1288 3789 A
1314 3741 1431 3790 Ald.
1465 3755 1571 3792 om.
1597 3742 1809 3789 anu
1921 3743 1986 3791 13
2016 3735 2098 3807 ξη’
2132 3739 2430 3805 Hermann,
2460 3754 2549 3806 op.
2578 3736 2631 3789 II
2659 3755 2711 3806 p.
2743 3742 2847 3806 161

689 3818 842 3873 XVII
889 3817 1042 3873 Eud.
1089 3835 1143 3886 p.
1195 3821 1312 3870 114.
1385 3816 1600 3872 Eadem
1656 3818 1843 3888 glossa
1898 3818 1957 3871 in
2008 3817 2213 3871 Suidae
2267 3817 2447 3871 lexico
2500 3816 2740 3870 iberatur
2796 3837 2849 3871 v.

550 3897 732 3967 ἰχθῦς.
808 3897 888 3953 Of.
925 3897 1344 3965 Westermann,
1391 3897 1673 3967 Mythogr.
1720 3916 1772 3967 p.
1818 3904 1932 3952 199.
1983 3898 2295 3968 Descripsit
2339 3897 2846 3968 Pseudo-Hesyeh.

551 3995 596 4032 c.
649 3984 730 4034 12.
819 3978 905 4044 Ex
970 3976 1206 4031 Ptolem.
1273 3976 1705 4046 Hephaestionis
1768 3977 2015 4032 hisssoriis
2078 3978 2299 4032 fluxisse
2364 3980 2529 4048 putat
2583 3978 2852 4045 Hercher,

551 4058 804 4113 Glaubw.
844 4058 896 4110 d.
935 4057 1079 4110 Pssol.
1119 4074 1172 4125 p.
1213 4061 1317 4110 295
1357 4055 1482 4111 coll.
1520 4056 1683 4112 Phot.
1722 4058 1856 4113 bibl.
1895 4077 1950 4128 p.
1994 4064 2094 4112 146
2125 4075 2238 4128 seq.
2306 4058 2503 4126 Itaque
2551 4075 2683 4110 num
2730 4058 2852 4112 vita

547 4133 785 4206 ideoqiie
841 4137 1193 4206 Hesychiana
1247 4135 1322 4191 sit
1376 4136 1631 4204 dubium,
1698 4139 2068 4208 expungenda
2114 4155 2181 4192 ex
2225 4137 2409 4192 indice
2459 4136 2847 4191 Waehsmuth.

553 4218 740 4284 Symb.
780 4235 835 4287 p.
880 4222 997 4272 140.
1137 4223 1202 4271 19
1239 4213 1341 4270 τὸν
1378 4213 1563 4285 άστερ.
1604 4223 1704 4269 AV
1740 4217 1841 4273 τὸν
1879 4235 1984 4272 om.
2024 4219 2169 4289 vuly.

696 4297 878 4350 XVIII
915 4303 982 4350 22
1020 4293 1323 4367 Σαρδανός
1358 4301 1405 4349 A
1511 4291 1777 4365 Εὖγαίων
1818 4297 2092 4363 ΜειήεῙσθ,
2129 4297 2289 4354 Anal.
2329 4315 2382 4366 p.
2423 4302 2517 4364 61,
2555 4296 2760 4350 Mfiller
2798 4299 2849 4351 II

557 4391 610 4440 p.
656 4380 720 4427 16
767 4371 1023 4443 Εὗγείων
1047 4374 1320 4444 ‚Cuperua
1345 4370 1634 4444 Εὖγείτων
1671 4377 1861 4431 tuetur
1889 4378 2131 4432 Welcker
