3025 4892
597 215 683 281 80
1522 214 1952 273 HESYCHIUS.

593 403 727 465 μου
761 378 871 446 καὶ
917 381 1254 466 Ταρραίου
1292 378 1366 445 ἐν
1402 381 1692 463 βιβλίοις
1727 379 1819 464 γ’,
1856 348 2273 465 μετάφρασιν
2302 375 2695 466 Ἑλληνικῶς
2727 382 2856 446 τῶν

596 487 908 572 ιστοριῶν
949 478 1379 552 Σαλουστίου
1412 489 1534 553 τοῦ
1552 482 1925 572 Ρωμαϊκοῦ
1964 489 2305 572 ἱστορικοῦ
2344 486 2615 554 καὶτῶν
2641 494 2859 553 καλου-

595 592 818 679 μένων
874 588 1083 659 αὐτοῦ
1128 593 1433 679 Βέλλων,
1498 590 1943 678 γενεθλιακὸν
2001 597 2095 672 εἰς
2144 590 2500 681 Ἀδριανόν
2549 598 2857 680 Καίσαρα,

592 696 708 764 καὶ
753 695 938 765 ἄλλα.

541 828 568 869 5
773 798 1052 874 COOIII.
1107 805 1561 892 Ζηνόδοτος
1581 804 1908 895 Ἐφέσιος,
1938 804 2250 886 ἐποποιὸς
2277 804 2388 872 καὶ
2416 803 2857 894 γραμματικός,

595 912 899 999 μαθητὴς
951 917 1073 980 τοῦ
1126 917 1410 1000 Φιλητᾶ,
1467 913 1572 981 ἐπὶ
1621 918 2045 1000 Πτολεμαίου
2090 911 2384 999 γεγονὼς
2428 916 2553 981 τοῦ
2598 936 2857 1001 πρωτου,

597 1016 671 1099 ὃς
725 1019 834 1087 καὶ
891 1022 1152 1107 πρῶτος
1203 1022 1338 1087 τῶν
1383 1016 1674 1108 Ὁμήρου
1731 1019 2108 1107 διορθωτὴς
2154 1020 2413 1106 ἐγένετο
2468 1019 2584 1087 καὶ
2628 1022 2751 1087 τῶν
2791 1019 2856 1084 ἐν

591 1124 1052 1217 Ἀλεξανδρείᾳ
1106 1130 1571 1213 βιβλιοθηκῶν
1616 1126 1913 1215 προύστη
1968 1127 2079 1195 καὶ
2137 1125 2297 1206 τοὺς
2347 1129 2594 1205 παῖδας
2640 1130 2857 1191 Πτολε-

597 1239 801 1319 μαίου
847 1234 1258 1301 ἐπαίδευσεν.

517 1362 570 1403 ιο
777 1340 1054 1408 GOCIV.
1144 1342 1598 1426 Ζηνόδοτος
1647 1336 2117 1427 Ἀλεξανδρεὺς
2176 1338 2659 1428 γραμματικός,
2712 1336 2745 1407 ὁ
2793 1340 2856 1405 ἐν

596 1443 780 1513 ἄστει
845 1451 1134 1534 κληθείς.
1179 1506 1196 1525 ,
1235 1444 1402 1534 πρὸς
1463 1445 1544 1514 τὰ
1610 1442 1725 1513 ὑπ’
1784 1444 2217 1534 Ἀριστάρχου
2280 1446 2703 1535 ἀθετούμενα
2756 1449 2857 1513 τοῦ

595 1555 876 1638 ποιητοῦ
917 1558 1249 1641 [ἕγραψε],
1286 1551 1453 1641 πρὸς
1491 1552 1824 1622 Πλάτωνα
1860 1555 2011 1642 περὶ
2047 1556 2252 1642 θεων,
2288 1554 2439 1643 περὶ
2477 1560 2594 1643 τῆς
2628 1552 2859 1640 ’-Ομηρι

596 1661 716 1745 κῆς
761 1666 1150 1747 συνηθείας,
1197 1659 1422 1739 λύσεις
1446 1658 1821 1748 Ὁμηρικῶν
1860 1658 2331 1750 άπορημάτων,
2379 1667 2473 1741 εἰς
2507 1660 2633 1769 τὴν
2660 1658 2856 1727 Ἡσιό-

599 1770 727 1834 δου
772 1772 1138 1852 θἐογονίαν
1184 1767 1294 1833 καὶ
1342 1764 1512 1834 ἄλλα
1560 1766 1797 1854 συχνά.

520 1898 570 1938 15
780 1874 1018 1941 GOCV.
1077 1871 1359 1959 Ζήνων
1413 1872 1914 1961 Τελευταγόρου
1954 1872 2279 1963 Ἐλεάτης,
2327 1876 2699 1963 φιλόσοφος
2739 1876 2856 1941 τῶν

598 1981 992 2065 ἐγγιζόντων
1058 1979 1443 2071 Πυθαγόρᾳ
1501 1980 1613 2047 καὶ
1680 1986 2080 2074 Δημοκρίτῳ
2144 1984 2308 2052 κατὰ
2372 1984 2534 2063 τοὺς
2597 1982 2859 2072 χρόνους

599 2078 717 2173 (ἦν
769 2083 900 2173 γὰρ
959 2084 1062 2152 ἐπὶ
1118 2090 1234 2173 τῆς
1291 2086 1399 2174 οη’
1458 2084 1939 2177 ὀλυμπιάδος),
1996 2090 2316 2177 μαθητὴς,
2353 2091 2775 2178 Ξενοφάνους
2818 2083 2856 2173 ἢ

598 2196 1052 2280 Παρμενίδου.
1147 2198 1435 2286 ἔγραψεν
1497 2197 1752 2282 ἔριδας,
1812 2194 2123 2282 ἐξήγησιν
2169 2200 2304 2265 τῶν
2345 2194 2855 2285 Ἐμπεδοκλέους,

595 2298 766 2387 πρὸς
809 2296 966 2379 τοὺς
1011 2299 1430 2387 φιλοσόφους
1465 2301 1614 2389 περὶ
1662 2300 1945 2388 φύσεως.
2040 2303 2313 2387 [τοῦτόν
2350 2324 2561 2393 φασιν
2608 2299 2855 2391 εὑρετὴν

599 2528 877 2602 ἕλληνιστί
909 2533 1060 2589 Eud.
1099 2530 1322 2588 Bekker.
1381 2534 1463 2589 De
1500 2532 1610 2587 hae
1647 2533 1992 2603 messaphrasi
2030 2534 2097 2589 cf.
2130 2534 2371 2607 Teuffel,
2409 2536 2519 2595 Liss.
2549 2537 2613 2591 R.
2642 2542 2671 2602 ἓ
2699 2539 2803 2603 205,
2828 2538 2855 2586 7

597 2620 630 2669 3
672 2616 846 2686 βελῶν
883 2614 1014 2668 libri
1059 2612 1268 2685 βέλλων
1305 2631 1444 2668 corr.
1475 2616 1651 2669 Anon.
1691 2615 1842 2685 apud
1870 2613 2029 2670 Voss.
2067 2616 2197 2672 hist.
2238 2616 2433 2673 Graec.
2473 2638 2528 2689 p.
2567 2624 2667 2673 262
2686 2614 2857 2681 Weet„

597 2696 851 2751 laudavit
876 2695 1168 2749 Reinesius
1205 2698 1263 2749 et
1299 2696 1496 2762 Daub,
1536 2696 1693 2750 stud.
1730 2714 1785 2765 p.
1826 2702 1891 2749 47

740 2773 951 2829 CCCIII
987 2775 1140 2829 Eud.
1170 2793 1223 2845 p.
1255 2779 1374 2827 322.
1435 2772 1513 2827 Cf.
1546 2774 1737 2841 Daub,
1776 2774 1933 2829 stud.
1971 2793 2025 2844 p.
2056 2782 2124 2830 80
2144 2794 2255 2846 seq.
2377 2786 2407 2833 6
2451 2778 2687 2847 Φιλητοῦ
2714 2775 2858 2839 Eud„

599 2872 740 2924 quae
779 2856 964 2925 pergit
1000 2853 1213 2924 ἔγραψε
1253 2854 1381 2923 περὶ
1419 2850 1877 2910 αὖθυποτάκτων
1924 2856 2021 2910 καὶ
2067 2851 2476 2913 άνυποτάκτων
2514 2860 2613 2913 rel.
2651 2858 2858 2917 omissiS,

598 2953 741 3006 quae
789 2935 997 3005 scripta
1039 2936 1185 2990 inter
1227 2934 1527 2989 subditicia
1570 2934 1877 2991 Herodiani
1921 2934 2215 2991 redeuntia
2256 2937 2480 3009 (Lentz,
2526 2937 2807 2992 Herodian.
2839 2934 2859 2986 I

596 3035 650 3086 p.
687 3016 812 3086 XV)
856 3015 1170 3071 temeritati
1213 3015 1440 3071 lectoris
1489 3016 1724 3071 alicuius
1772 3016 1962 3071 deberi
1988 3019 2173 3085 putat
2212 3018 2408 3087 Daub,
2458 3019 2681 3073 aliunde
2723 3018 2859 3072 illata

599 3114 718 3151 esse
751 3098 928 3152 Pulch
955 3116 1008 3165 p.
1039 3102 1106 3151 85
1221 3102 1322 3152 aut
1357 3096 1626 3166 δευτέρου
1666 3116 1803 3153 corr.
1840 3095 2064 3152 videtur
2101 3098 2199 3151 auf.
2234 3096 2533 3167 γεγονότος
2571 3099 2859 3170 legendum,

598 3177 697 3232 sed
726 3177 793 3232 cf.
824 3176 1046 3244 Rohde‚
1084 3176 1225 3231 Mus,
1256 3180 1430 3232 Rhen.
1461 3177 1695 3231 XXXIII
1722 3198 1777 3248 p.
1811 3184 1930 3245 173,
1969 3178 2067 3247 qui
2094 3177 2175 3232 nil
2214 3178 2603 3248 corrigendum
2640 3198 2749 3235 esse
2783 3180 2861 3233 do-

599 3257 718 3311 cuit
744 3257 869 3312 coll.
889 3275 940 3313 v.
967 3257 1206 3325 Φιλητᾶς
1227 3258 1414 3326 Κῶος;
1436 3258 1535 3311 τοῦ
1556 3254 1780 3327 πρώτου
1802 3274 1908 3313 om.
1922 3259 2072 3313 Eud.
2150 3265 2179 3313 7
2201 3258 2313 3313 τῶν
2332 3258 2545 3314 delevib
2560 3260 2862 3327 Bernhardy

741 3335 949 3391 CCCIV
989 3338 1138 3392 Eud.
1178 3358 1231 3407 p.
1271 3345 1390 3395 322.
1467 3337 1548 3393 Cf
1588 3339 1793 3394 Zonar.
1832 3358 1886 3409 p.
1925 3344 2029 3393 956
2187 3348 2250 3396 12
2291 3340 2519 3411 ἔγραψε,
2544 3338 2859 3411 transposuiss

596 3418 824 3486 Bekker,
861 3419 992 3473 ansse
1032 3416 1243 3487 ἔγραψε
1282 3418 1633 3489 interpunxit
1659 3429 1719 3487 A,
1759 3415 1822 3483 ὃς
1858 3422 1985 3489 post
2012 3424 2244 3490 κληθείς
2272 3421 2399 3477 add.
2431 3423 2621 3490 Daub,
2663 3420 2861 3477 &erbum

597 3500 810 3555 removi
922 3506 986 3554 13
1023 3494 1436 3579 άπορρημάτων
1473 3505 1521 3552 Δ
1556 3501 1707 3557 Eud
1822 3507 1886 3554 14
1922 3496 2064 3555 ἄλλα
2101 3500 2277 3556 πολλά
2312 3502 2457 3571 vuly.
2488 3502 2640 3558 Eud.
2704 3493 2854 3571 συχνά

598 3584 749 3633 ARV
785 3598 913 3633 τινα
947 3584 990 3630 Ε

741 3658 923 3715 CCCV
960 3660 1110 3713 Eud.
1141 3678 1194 3727 p
1226 3664 1347 3715 323.
1395 3659 1581 3715 Schol.
1611 3659 1827 3715 Platon.
1858 3661 1935 3715 VI
1962 3680 2015 3731 p.
2045 3668 2149 3716 279
2177 3662 2365 3716 Herm.
2395 3664 2545 3731 quod
2576 3660 2855 3717 describere

595 3741 762 3796 liber:
812 3735 1007 3808 Ζήνων
1045 3736 1074 3793 ὀ
1109 3733 1394 3808 Ἐλεάτης,
1433 3740 1799 3809 Παρμενίδου
1837 3739 2126 3813 μαθητής,
2165 3739 2405 3811 φυσικὸς
2444 3741 2749 3813 φιλόσοφος
2780 3739 2855 3795 καὶ

596 3817 880 3887 πολιτικὸς
917 3816 990 3883 ὡς
1027 3814 1280 3889 άληθῶς·
1321 3816 1412 3875 διὸ
1451 3821 1551 3875 καὶ
1586 3816 1727 3889 πρὸς
1763 3819 2044 3891 Περικλέα
2080 3822 2503 3893 παραβάλλεται
2531 3824 2857 3893 φαινομέναις

597 3921 735 3955 οντα
772 3898 1057 3955 πολιτικόν
1087 3901 1176 3970 (de
1205 3902 1418 3955 Pericle
1448 3900 1518 3956 cf.
1542 3920 1589 3957 v.
1612 3899 1925 3971 Μέλισσος).
1970 3900 2175 3957 τουτου
2204 3900 2563 3973 Πυθόδωρος
2593 3898 2855 3975 ἀκροατής,

597 3974 662 4042 ὃς
698 3980 796 4034 καὶ
837 3977 897 4035 έν
926 3982 1277 4077 Παρμενίδη
1297 3978 1516 4051 μνήμης
1542 3976 1776 4050 ἠξίωται
1814 3977 1889 4044 ὡς
1920 3977 2242 4052 Ἀντιφῶντι
2279 3984 2377 4052 τῆς
2416 3986 2715 4046 συνουσίας
2743 3978 2855 4037 ἑκεί-

597 4082 698 4131 νης
726 4056 1024 4131 μεταδούς,
1051 4056 1188 4130 παρ’
1212 4052 1279 4115 οὗ
1303 4059 1568 4151 Κέφαλος
1597 4057 1626 4114 ὁ
1657 4061 2036 4132 Κλαζομένιος
2064 4058 2270 4132 μαθών
2300 4060 2642 4127 διδάσκαλος
2672 4062 2857 4131 γέγονε,

597 4144 781 4211 quode
811 4143 880 4199 cf.
908 4140 1189 4197 Metbauer
1216 4160 1270 4211 p.
1301 4148 1394 4209 59,
1433 4140 1531 4210 qui
1560 4142 1629 4197 de
1657 4141 1939 4213 Hesychio
1968 4142 2253 4197 dubitavit
2389 4149 2455 4197 17
2496 4142 2598 4199 σθ’
2629 4162 2696 4199 ex
2722 4143 2855 4208 Diog.

597 4222 692 4290 1X,
717 4229 784 4277 29
825 4223 1215 4293 corrigendum
1245 4240 1364 4277 esse
1391 4241 1494 4293 pro
1525 4222 1615 4291 οη’
1657 4223 1874 4279 censuib
1890 4224 2203 4292 Reinesius3
2234 4227 2366 4294 post
2394 4242 2516 4280 eum
2549 4226 2719 4295 Diels,
2744 4224 2857 4277 Mus.

596 4300 774 4355 Rhen.
803 4302 982 4355 XXXI
1010 4322 1062 4372 p.
1095 4308 1189 4357 35:
1222 4303 1289 4359 cf.
1320 4303 1535 4372 Rohde,
1565 4305 1637 4360 ib.
1659 4304 1894 4358 XXXIII
1922 4323 1975 4374 p.
2006 4309 2108 4357 205
2138 4306 2254 4359 not.
2356 4304 2534 4359 18'Cf.
2557 4306 2858 4369 Stallbaum‚

599 4378 817 4450 Proleg.
847 4382 907 4435 in
933 4384 1115 4436 Parm.
1144 4401 1198 4452 p.
1229 4388 1297 4438 28
1411 4389 1475 4437 19
1514 4399 1631 4453 seq.
1672 4385 1741 4438 ab
1777 4383 2059 4455 Hesychio
2088 4382 2275 4439 alienu.
2302 4401 2419 4441 esse
2449 4386 2701 4457 suspicor
