3025 4892
581 200 708 265 160
1501 197 1935 253 HESYCHIUS.

576 360 774 439 τικός.
857 357 1320 446 Αἰγυπτιακὴν
1365 364 1763 443 θεολογίαν,
1803 356 1816 447 Ι
1854 361 2166 443 μυθικῶν
2194 342 2469 443 ’βιβλίον
2507 355 2601 441 α’,
2644 355 2866 432 λύσεις
2924 436 2928 440 ¹

574 471 712 535 τῶν
757 469 1062 553 μυθικῶς
1107 467 1509 553 εἰρημένων,
1556 462 1919 543 ὑποθέσεις
1962 468 2057 544 εἰς
2103 467 2523 551 Σιμωνίδην,
2583 460 2863 549 Τρωικά,

576 572 619 641 ἅ
663 598 840 651 τινες
887 577 981 652 εἰς
1026 569 1146 641 τὸν
1187 570 1585 657 Ἀθηναῖον,
1628 570 1803 651 τινὲς
1849 570 1925 639 δὲ
1970 574 2065 650 εἰς
2107 567 2229 638 τὸν
2275 569 2544 658 Πάριον
2591 568 2865 655 ἀνήνεγ-

577 708 721 749 καν.
815 685 1061 768 ἔγραψε
1107 678 1218 746 καὶ
1265 682 1571 767 ἱστορίαν
1620 681 1821 747 ἰδίαν.
1861 676 1875 768 Ι

520 824 546 865 5
751 807 1016 874 DOVII.
1090 801 1579 890 Παλαμήδης
1618 799 1986 880 Ἐλεατικὸς
2029 803 2495 890 γραμματικός.
2572 798 2863 887 κωμικὴν

573 913 683 980 καὶ
729 910 1053 1000 τραγικὴν
1099 913 1311 998 λέξιν,
1356 907 1919 997 Ὁνοματολόγον,
1963 906 2328 997 ὑπόμνημα
2374 913 2470 987 εἰς
2515 911 2863 993 Πίνδαρον

575 1018 696 1089 τὸν
743 1020 1044 1105 ποιητήν.

747 1144 1046 1211 DOVIII.
1111 1141 1603 1229 Παλαμήδης
1630 1147 1989 1212 Ναυπλίου
2028 1142 2139 1209 καὶ
2168 1142 2546 1228 Κλυμένης,
2580 1137 2864 1227 ’Λργεῖος

573 1249 902 1329 ἐποποιός.
993 1241 1081 1337 ἦν
1137 1248 1210 1317 δὲ
1268 1240 1462 1329 οὗτος
1519 1246 1799 1330 ἀνεψιὸς
1847 1254 1973 1316 τοῦ
2018 1250 2343 1334 βασιλέως
2379 1246 2862 1336 Ἀγαμέμνονος

498 1386 548 1424 ιο
575 1357 741 1445 πρὸς
785 1356 1053 1445 μητρός,
1103 1361 1250 1443 ἔσχε
1298 1355 1374 1423 δὲ
1420 1353 1688 1442 εὐφυῶς
1732 1355 1900 1444 πρός
1942 1380 2013 1423 τε
2059 1360 2475 1442 φιλοσοφίαν
2525 1355 2635 1422 καὶ
2679 1379 2863 1437 ποιη-

571 1462 785 1550 τικήν,
823 1465 932 1531 καὶ
970 1462 1241 1553 εὑρετὴς
1275 1464 1510 1550 γέγονε
1547 1466 1669 1531 τοῦ
1707 1461 1761 1545 ζ’
1802 1468 2135 1550 στοιχείου
2175 1464 2285 1531 καὶ
2321 1466 2447 1531 τοῦ
2483 1462 2565 1529 θ’
2603 1462 2709 1529 καὶ
2743 1465 2863 1529 τοῦ

572 1570 652 1657 φ’
697 1570 808 1638 καὶ
853 1574 976 1639 τοῦ
1021 1570 1110 1657 χ’,
1157 1570 1407 1657 ψήφων
1458 1595 1528 1638 τε
1573 1570 1683 1637 καὶ
1729 1574 1995 1638 πεσσῶν
2038 1572 2151 1637 καὶ
2196 1567 2427 1654 κύβων
2464 1569 2577 1637 καὶ
2613 1570 2863 1656 μέτρων

570 1677 684 1744 καὶ
745 1680 1087 1764 σταθμῶν.
1185 1676 1265 1743 τὰ
1328 1676 1402 1743 δὲ
1463 1674 1799 1763 ποιήματα
1858 1674 2070 1744 αὐτοῦ
2128 1674 2480 1763 ἠφανίσθη
2542 1672 2673 1745 ὑπὸ
2730 1678 2862 1743 τῶν

564 1781 1055 1871 Ἀγαμέμνονος
1109 1782 1468 1873 ἀπογόνων
1529 1781 1641 1851 διὰ
1696 1788 2070 1868 βασκανίαν
2126 1782 2277 1867 (καὶ
2332 1780 2467 1852 ὑπὸ
2518 1787 2640 1852 τοῦ
2680 1780 2863 1867 Ὁμή-

493 1918 545 1959 15
574 1896 759 1978 ρου>.
844 1876 1324 1975 [ὑπολαμβάνω
1365 1891 1440 1957 δὲ
1486 1891 1598 1958 καὶ
1642 1889 1766 1958 τὸν
1809 1888 2092 1976 ποιητὴν
2112 1888 2410 1978 Ὅμηρον
2459 1888 2624 1957 αὐτὸ
2670 1893 2861 1957 τοῦτο

571 2000 1021 2083 πεπονθέναι,
1066 1998 1177 2065 καὶ
1222 2000 1556 2085 μηδεμίαν
1600 2000 1721 2065 τοῦ
1768 1995 2020 2083 ἀνδρὸς
2065 1996 2336 2084 μνήμην
2380 1998 2837 2084 ποιήσασθαι]

748 2125 978 2192 DOIX.
1049 2120 1581 2200 Παλλάδιος
1625 2123 2021 2199 Παλλαδίου
2068 2128 2482 2202 Μεθωναῖος
2531 2120 2862 2208 σοφιστής.

570 2231 806 2317 γέγονε
865 2230 939 2298 δὲ
987 2232 1091 2299 ἐπὶ
1138 2230 1667 2298 Κωνσταντίνου
1710 2230 1833 2294 τοῦ
1879 2228 2218 2311 βασιλέως.
2310 2230 2460 2315 περὶ
2506 2231 2641 2297 τῶν
2686 2252 2859 2313 παρα

559 2333 910 2424 Ῥωμαίοις
957 2337 1231 2425 ἑορτῶν,
1289 2335 1629 2418 διαλέξεις,
1676 2333 1922 2419 λόγους
1968 2333 2359 2422 διαφόρους,
2404 2333 2862 2422 Ὀλυμπιακόν,

493 2470 544 2509 20
571 2443 1064 2532 πανηγυρικόν,
1113 2439 1478 2511 δικανικόν.

572 2641 886 2711 suspicatus
938 2644 1026 2695 est
1075 2638 1422 2702 Gutschmid,
1478 2634 1577 2704 qui
1632 2634 1823 2689 omnia
1878 2654 2020 2705 quae
2076 2640 2381 2708 sequuntur
2438 2637 2513 2693 ad
2564 2637 2863 2693 Parianum

571 2720 816 2789 rettulit,
854 2720 1117 2790 μυθικῶν
1153 2721 1201 2792 β.
1231 2714 1293 2772 α’
1333 2733 1369 2769 a
1403 2714 1551 2769 libro
1586 2715 1718 2782 περὶ
1754 2710 2007 2772 ἀπίστων
2044 2736 2156 2773 ιιοιι
2193 2718 2477 2773 diversum
2516 2735 2636 2773 esse
2670 2721 2831 2773 ratus

575 2808 601 2854 1
643 2797 829 2862 λύσεις
875 2817 942 2853 ex
978 2804 1025 2853 Δ
1063 2802 1135 2856 et.
1174 2799 1310 2853 Par.
1342 2796 1619 2850 Kusterus
1655 2789 1988 2867 αλληγορίας
2026 2798 2177 2853 Eud.
2216 2800 2339 2861 λίας
2373 2800 2519 2867 υιιῑ9.
2558 2800 2696 2853 vett.
2736 2800 2861 2853 edd.

573 2886 606 2934 2
649 2881 916 2949 Τρωικῶν
946 2880 1266 2949 fragmenta
1293 2877 1453 2932 dedit
1482 2877 1693 2931 Mueller
1720 2876 1773 2929 II
1800 2896 1854 2946 p.
1884 2878 2009 2933 338
2020 2896 2133 2946 seq.
2244 2884 2277 2932 3
2316 2878 2448 2948 quia
2483 2896 2685 2949 nempe
2714 2879 2861 2933 idem

572 2962 661 3015 est
695 2962 928 3029 uterque

711 3049 914 3106 DCVII
951 3050 1102 3104 Eud.
1132 3066 1184 3117 p.
1207 3054 1326 3103 600.
1367 3047 1448 3102 cf.
1479 3046 1723 3114 Forster,
1752 3047 1892 3102 Mus.
1921 3047 2100 3103 Rhen.
2126 3046 2279 3101 XXX
2306 3065 2361 3117 p.
2384 3054 2486 3101 331
2510 3064 2643 3117 seq„
2680 3046 2861 3113 Daub,

573 3130 726 3185 stud.
766 3149 820 3200 p.
854 3136 955 3184 116
1078 3135 1111 3184 5
1143 3126 1465 3189 Ἐλεατικὸς
1501 3131 1717 3179 ABER
1749 3121 2012 3197 Ἐλεάτης
2048 3129 2191 3197 υιιῖ9.
2222 3128 2393 3197 Eud„
2430 3128 2581 3196 quod
2618 3128 2863 3197 praefert

571 3209 800 3264 For-ster
920 3215 952 3263 6
989 3203 1405 3277 ὄνοματολόγον
1443 3206 1628 3275 ipsum
1666 3209 2095 3275 grammaticum
2133 3209 2299 3263 vocat
2334 3208 2536 3263 Athen.
2568 3206 2646 3260 IX
2672 3226 2727 3276 p.
2759 3213 2858 3261 39⁷

712 3295 938 3350 DCV111
974 3297 1126 3360 Eud.
1164 3315 1217 3366 p.
1248 3301 1368 3350 594.
1435 3296 1514 3350 Cf.
1555 3296 1696 3350 Mus,
1734 3296 1911 3351 Rhen.
1952 3297 2159 3351 XXXV
2194 3317 2248 3367 p.
2280 3304 2382 3351 219
2514 3301 2547 3349 8
2584 3294 2863 3365 Κλιμένης

570 3374 898 3444 vu19.Eud.
936 3374 1180 3445 Λιμένης
1214 3382 1258 3427 Ε
1297 3373 1591 3446 Κλυμένης
1618 3382 1659 3429 Β
1796 3383 1828 3430 9
1868 3366 1940 3444 ἦν
1978 3374 2043 3431 δὲ
2082 3368 2247 3439 οὗτος
2284 3378 2343 3431 et
2380 3373 2504 3444 ἔσχε
2542 3407 2615 3415 -
2649 3396 2861 3443 ποιητι-

571 3452 677 3523 κὴν
697 3472 804 3509 οιιι.
827 3461 881 3507 A.
958 3463 1017 3509 11
1049 3453 1117 3510 θ’
1137 3473 1274 3511 corr.
1295 3458 1502 3511 Kuster
1503 3474 1572 3510 us
1598 3452 1655 3509 π’
1676 3456 1824 3523 libri,
1851 3458 2035 3511 totum
2062 3457 2248 3511 locum
2277 3456 2606 3525 compilavit
2624 3455 2863 3510 Pseudo—

571 3535 800 3605 Hesyeh.
833 3553 878 3590 o.
909 3542 992 3590 33.
1056 3534 1324 3591 Cadmum
1353 3535 1634 3591 Milesium
1663 3536 1767 3590 has
1796 3534 2033 3590 literas
2016 3536 2293 3591 invenisse
2322 3534 2466 3588 dixit
2492 3530 2665 3589 schol.
2696 3534 2859 3589 Dion.

569 3616 718 3683 apud
757 3616 890 3671 vill.
929 3616 1134 3673 Aneed.
1173 3617 1226 3671 II
1264 3635 1314 3686 p.
1350 3622 1450 3672 187
1600 3622 1668 3670 14
1704 3618 1833 3685 post
1870 3618 2185 3687 βασκανίαν
2224 3616 2349 3672 add.
2388 3620 2435 3669 Δ
2471 3614 2569 3669 καὶ
2605 3610 2721 3670 ὑπὸ
2761 3618 2860 3670 τοῦ

562 3689 806 3764 Ὁμήρου
843 3694 1076 3765 reliquis
1115 3695 1348 3750 omissis.
1425 3695 1729 3765 Sequentia.
1766 3712 1874 3749 om.
1913 3696 2067 3754 Eud.
2106 3714 2173 3751 ex
2209 3697 2335 3752 Par.
2372 3695 2623 3751 restituit
2656 3695 2860 3749 Kaste-

568 3790 683 3843 νιιε,
722 3790 845 3829 eum
884 3779 1054 3830 antea
1089 3775 1310 3830 codices
1349 3776 1408 3829 et
1443 3775 1571 3830 edd.
1598 3776 1680 3829 nil
1716 3776 2068 3845 praestarent
2101 3776 2211 3830 nisi
2247 3770 2630 3845 ὑπολαμβάνω
2668 3772 2734 3829 δὲ
2766 3774 2861 3829 καὶ

491 3880 505 3902 ι
568 3851 669 3908 τὸν
695 3852 1066 3923 ποιήσασθαι,
1103 3855 1253 3924 quod
1281 3856 1565 3925 supplevit
1591 3856 1705 3911 Leo
1734 3855 1976 3911 Allatius
2003 3856 2076 3909 de
2103 3860 2247 3927 patr.
2277 3854 2439 3909 Hom.
2470 3872 2515 3909 e.
2546 3860 2581 3907 4
2608 3849 2861 3925 ὑπολαμ-

569 3934 723 4005 βάνω
763 3938 825 3993 δὲ
866 3939 962 3993 καὶ
999 3936 1099 3993 τὸν
1140 3932 1380 3992 Ἰλιακὸν
1425 3933 1672 4007 πόλεμον
1709 3933 2077 4005 ποιήσασθαι.
2150 3934 2275 4004 Ipse
2312 3933 2613 3990 lectionem
2652 3934 2778 3988 cod.
2817 3940 2862 3986 A

567 4020 851 4087 revocavi,
889 4018 1145 4088 quamvis
1184 4035 1250 4073 ex
1285 4016 1517 4085 reliquis
1556 4015 1833 4071 detortam

711 4097 886 4152 DOIX
923 4098 1074 4153 Eud.
1112 4118 1166 4168 p.
1197 4102 1318 4151 588.
1387 4095 1468 4151 Cf.
1505 4094 1711 4149 Mfiller
1747 4096 1826 4151 IV
1860 4114 1915 4165 p.
1946 4103 1978 4151 3
2126 4102 2191 4152 17
2234 4091 2556 4158 Παλλάδιος
2592 4126 2658 4135 -
2698 4114 2860 4165 σοφι·

569 4174 701 4246 στής
735 4179 793 4232 in
831 4196 1005 4248 marg.
1035 4183 1082 4232 Δ
1118 4179 1216 4234 rel.
1257 4176 1495 4245 omissiS,
1534 4177 1861 4230 Παλλαδίου
1900 4192 2007 4229 om.
2038 4176 2189 4231 Eud.
2228 4174 2423 4245 itaque
2462 4192 2609 4243 susp.

575 4264 638 4313 18
679 4257 888 4327 ἔγραψε
930 4259 1059 4329 περὶ
1087 4260 1238 4314 Eud.
1313 4258 1458 4363 Huie
1495 4253 1765 4314 Libanius
1801 4256 2069 4325 epistolas
2106 4256 2379 4325 quasdam
2416 4255 2726 4324 inscripsit,
2766 4273 2855 4309 ve-

569 4338 657 4391 lut
691 4355 779 4405 ep.
819 4344 922 4393 546
