3025 4892
1111 211 1673 270 PROLEGOMENA.
2360 213 2533 268 Lxm

235 379 588 460 apparent,
644 397 838 460 quam
895 375 964 440 in
1011 375 1414 459 Hieronymo
1465 367 1537 442 et
1577 376 1646 441 in
1696 374 1945 441 Graeca
1993 374 2341 460 Sophronii
2395 399 2530 442 ver·

237 482 440 546 sione.
519 481 871 546 Potissima
917 485 1156 547 autem·
1181 481 1316 547 eius
1363 481 1460 546 rei
1506 483 1799 567 exempla
1843 486 2024 565 sunt,
2071 481 2242 565 quod
2287 504 2343 548 v·
2397 485 2532 546 Φί-

235 591 402 652 λων
444 585 833 666 Ἰουδαῖος
878 589 946 654 in
993 587 1228 654 Suidae
1276 589 1412 653 vita
1455 589 1697 674 legitur
1740 587 1889 674 περὶ
1932 583 2288 653 Ἰουδαίων.
2330 585 2418 670 α’,
2464 589 2529 652 in

242 692 634 777 Hieronymi
687 697 760 760 de
803 695 1084 772 Iudaeis,
1139 696 1206 760 in
1253 693 1603 780 Sophronii
1656 693 1807 780 περὶ
1866 690 2247 777 Ἰουδαίων,
2310 695 2530 778 paullo

237 806 398 884 post
442 802 508 865 in
557 800 792 867 Suidae
837 801 976 866 vita
1021 798 1170 884 περὶ
1223 802 1348 866 τοῦ
1393 800 1742 879 Μωυσέως
1785 802 1972 884 βίου,
2028 802 2124 877 είς
2175 795 2257 865 τὰ
2300 823 2529 885 χερου-

235 911 394 991 βίμ,
447 905 744 974 τουτέστι
790 902 912 991 τὴν
958 909 1292 991 φλογίνην
1340 906 1715 992 ῥομφαίαν,
1770 909 1865 985 εἰς
1918 901 2042 990 τὴν
2088 903 2532 991 πεντάτευχον

239 1013 596 1091 Μωυσέως
637 1011 747 1078 καὶ
804 1015 900 1090 εἰς
943 1007 1161 1078 αὐτὸν
1199 1014 1337 1080 τῶν
1384 1015 1695 1098 Μωυσῆν
1742 1010 1933 1097 λόγοι
1980 1009 2131 1100 ε’ῗ),
2190 1015 2259 1078 iu
2304 1012 2530 1078 Hiero·

235 1120 426 1205 nymi
481 1142 701 1186 eorum
758 1122 900 1186 loco
958 1121 1289 1207 leguntur:
1349 1126 1496 1186 sunt
1536 1126 1595 1186 et
1637 1121 1771 1186 alia
1823 1121 1953 1186 eius
1972 1125 2393 1206 ‘monumenta
2435 1121 2531 1186 in-

227 1229 437 1310 9enii,
497 1249 654 1310 quae
711 1229 782 1292 in
826 1231 1071 1292 nostras
1115 1215 1343 1294 manus
1399 1248 1527 1292 non
1574 1232 2009 1310 pervenerant,
2066 1227 2136 1292 in
2182 1225 2532 1312 Sophronii

237 1331 374 1400 εἰσὶ
418 1332 528 1399 καὶ
583 1333 768 1419 ἕτερα
826 1329 1336 1418 συγγράμματα,
1395 1328 1581 1400 οὔπω
1639 1336 1736 1411 είς
1787 1330 1904 1410 τὰς
1952 1329 2113 1418 ἐμὰς
2166 1344 2389 1419 χεῖρας
2434 1332 2533 1400 ἐλ-

235 1436 480 1506 θόντα.
569 1441 648 1506 In
693 1465 750 1506 v.
801 1435 1174 1524 Ἰώσηπος
1227 1444 1444 1505 autem
1490 1438 1721 1506 Suidas
1770 1441 2040 1524 praebet
2085 1441 2201 1523 τῆς
2251 1434 2533 1504 Ἰουδαϊ-

233 1548 364 1630 κῆς
425 1540 893 1631 ἀρχαιολογίας
959 1543 1230 1630 λόγους,
1294 1545 1732 1630 Hieronymus
1795 1546 2259 1628 Antiquitatum
2330 1547 2534 1630 libros,

239 1652 650 1738 Sophronias
695 1654 811 1736 τῆς
855 1648 1326 1737 ἀρχαιολογίας
1369 1647 1642 1736 λόγους,
1703 1674 1761 1718 v.
1810 1645 2244 1728 Ἰουστῖνος
2300 1649 2531 1718 Suidas

236 1746 322 1845 τῇ
374 1757 718 1849 συγκλήτῳ
753 1754 1128 1844 Ῥωμαίων,
1175 1757 1442 1823 Hieron.
1485 1760 1757 1841 senatui,
1802 1755 2002 1843 Soph.
2046 1759 2127 1844 τῇ
2163 1755 2533 1847 συγκλήτῳ,

237 1885 396 1928 mox
432 1866 500 1928 in
539 1865 762 1930 eadem
804 1866 939 1930 vita
969 1864 1202 1930 Suidas
1241 1857 1539 1950 ἀρχηγοῦ
1577 1865 1712 1930 τῶν
1748 1865 1823 1930 ἐν
1846 1858 2117 1954 ’Ἐφέσῳ
2160 1859 2532 1948 Ἰουδαίων,

237 1969 510 2036 Hieron.
544 1973 892 2054 principem
937 1972 1343 2054 Iudaeorum,
1391 1969 1589 2056 Soph.
1636 1964 1938 2055 ἀρχηγοῦ
1982 1971 2121 2036 τῶν
2160 1965 2531 2053 Ἰουδαίων,

237 2099 300 2142 v.
349 2073 757 2162 Θεόδωρος
805 2077 1038 2145 Suidas
1083 2075 1400 2161 θαύματα
1446 2071 1614 2162 ὑπὲρ
1653 2073 2073 2161 ἅνθρωπον,.
2101 2076 2370 2144 Hieron.
2414 2080 2533 2144 mi-

236 2183 486 2266 racula,
541 2181 738 2268 Soph.
790 2182 1137 2270 θαύματα,
1197 2208 1346 2252 mox
1398 2183 1628 2249 Suidas
1686 2180 2105 2268 ἐτελεύτησεν
2162 2180 2262 2248 ἐπ’
2315 2180 2531 2269 Λύρη·

238 2290 504 2371 λιανοῦ,
551 2307 676 2374 qua
713 2291 790 2356 de
835 2315 904 2357 re
951 2297 1171 2360 tacent
1209 2291 1649 2376 Hieronymus
1696 2295 1763 2354 et
1800 2289 2229 2375 SophroniuS,
2276 2313 2333 2356 v,
2373 2288 2491 2355 Δά
2510 2327 2532 2338 ·

239 2413 488 2480 μασος
535 2396 763 2464 Suidas
811 2401 1057 2483 ἔγραψε
1101 2396 1212 2464 καὶ
1259 2394 1428 2464 ἄλλα
1472 2393 1714 2476 πολλά,
1771 2419 1935 2482 quae
1982 2419 2106 2461 om.
2151 2394 2417 2462 Hieron.
2466 2401 2532 2462 et

241 2503 458 2588 Sopb„
505 2527 560 2568 v.
597 2499 1058 2591 Ἐπιφάνιος
1106 2505 1337 2572 Suidas
1377 2506 1884 2580 Κωνσταντείας
1920 2505 2036 2586 τῆς
2073 2499 2359 2587 Κύπρου
2396 2495 2561 2568 &ui-⁸

238 2627 516 2692 σκοπος,
570 2612 688 2694 τῆς
739 2607 1066 2696 πρότερον
1113 2615 1537 2696 Σαλαμίνης,
1590 2610 1857 2677 Hieron.
1904 2610 2097 2694 Cypri
2140 2611 2534 2676 Salaminiae

235 2716 576 2800 epsseopus,
637 2716 830 2802 Soph.
886 2714 1174 2804 Κύπρου
1228 2723 1486 2802 Σαλαμ.
1542 2717 1669 2801 ἐπ.,
1726 2742 1786 2785 v.
1842 2713 2255 2794 Μεθόδιος
2303 2715 2532 2783 Suidas

221 2825 524 2905 Λυκίας,
571 2817 720 2905 ἤτοι
776 2820 1132 2907 Πατάρων,
1179 2824 1448 2890 Hieron.
1493 2825 1747 2910 Lyciae,
1792 2823 1989 2909 Soph.
2037 2826 2289 2902 Λυκίας
2335 2825 2418 2888 al.

419 2937 561 3002 Iam
607 2936 691 3002 ad
737 2938 1145 3022 propositum
1186 2944 1485 3006 nostrum
1526 2940 1809 3006 transire
1846 2939 2083 3004 licebit.
2157 2937 2318 3004 Oum
2358 2940 2531 3004 enim

234 3043 554 3107 eiusmodi
619 3044 811 3127 lociS,
875 3067 1038 3129 quos
1103 3047 1504 3132 enumeravi,
1568 3067 1773 3131 neque
1835 3068 1910 3110 ex
1974 3046 2179 3111 multo
2236 3046 2531 3111 uberiore

235 3147 609 3234 Sophronio
648 3147 717 3236 (i.
747 3171 796 3214 e.
837 3150 1036 3243 etiam
1063 3149 1494 3239 Hieronymo)
1532 3151 1799 3218 Suidam
1840 3175 1959 3216 sua
1993 3151 2287 3218 hausisse
2324 3174 2531 3237 neque

237 3279 320 3320 ex
357 3256 564 3340 ipsius
609 3256 872 3342 ingenio
911 3258 1232 3340 addidisse
1269 3259 1613 3346 probabile
1652 3261 1757 3344 sit,
1803 3258 1962 3324 duos
1998 3259 2281 3326 vitarum
2315 3260 2531 3325 fontes

237 3361 570 3428 adhibitos
629 3385 770 3454 esse
825 3365 1106 3448 patebit,
1165 3367 1336 3451 quod
1391 3370 1563 3432 certe
1618 3389 1659 3431 a
1705 3364 1941 3431 Suidae
1997 3366 2249 3430 ratione
2305 3367 2531 3450 procul

236 3468 591 3534 abhorrere
647 3470 788 3555 quis
845 3474 947 3536 est
1000 3473 1112 3557 qui
1168 3473 1469 3558 ignoret}>
1560 3473 1789 3557 Itaque
1842 3495 1918 3538 ex
1964 3472 2261 3536 Philonis
2310 3472 2531 3538 Iudaei

235 3563 491 3662 glossa,
547 3576 692 3660 quis
739 3573 973 3642 Suidae
1021 3579 1338 3644 eiusmodi
1383 3581 1552 3644 vitas
1601 3579 2058 3664 suppeditarit,
2111 3579 2291 3644 nullo
2339 3601 2571 3663 opere·

149 3717 154 3720 ·
237 3683 600 3747 edocemur.
692 3683 903 3758 Quam
951 3683 1008 3750 si
1054 3686 1414 3752 accuratius
1463 3687 1937 3768 examinamus,
1983 3692 2136 3769 post
2180 3685 2381 3750 verba
2426 3682 2531 3750 λό-

233 3811 350 3870 γοι
405 3784 465 3852 ε’
514 3788 684 3852 vitae
733 3789 955 3853 ordine
1001 3790 1400 3876 compositae
1446 3795 1517 3856 et
1562 3793 1895 3878 eleganter
1939 3792 2239 3857 redactae
2286 3792 2529 3856 exitum

212 3886 384 3958 'esse
439 3898 622 3978 patet
672 3892 925 3981 (eadem
979 3895 1049 3960 in
1107 3899 1304 3963 verba
1363 3898 1601 3964 desinit
1656 3900 1855 3964 etiam
1910 3899 2046 3964 vita
2100 3899 2183 3964 ab
2238 3897 2531 3963 Eudocia

115 4067 123 4073 ,
237 4024 302 4086 p.
331 4001 455 4065 721
481 4022 610 4086 seq.
639 3999 1012 4087 descripta),
1040 4005 1237 4069 verba
1265 4004 1536 4089 λέγουσι
1564 4007 1807 4072 τοῦτον
1833 4043 1908 4052 -
1934 4000 2265 4089 ὠφέλειαν
2294 4007 2529 4088 ἔχοντα

235 4127 320 4169 ex
361 4106 586 4170 eodem
617 4105 882 4172 Suidam
927 4107 1108 4174 fonte
1145 4111 1227 4174 ad
1273 4113 1538 4177 verbum
1578 4111 2027 4197 adscripsisse,
2072 4111 2241 4175 unde
2276 4111 2529 4195 reliqua

387 4266 439 4332 1)
475 4262 596 4318 Hac
617 4228 692 4318 ’κέ
729 4264 965 4320 fortasse
1000 4265 1200 4322 Suidas
1236 4266 1470 4336 fallitur,
1508 4265 1643 4335 quia
1677 4267 1737 4322 in
1766 4266 2063 4336 sophronii
2099 4268 2217 4324 vitu.
2244 4270 2411 4324 antea
2446 4269 2525 4324 10-

239 4342 394 4413 gitur
431 4342 512 4405 είς
547 4343 714 4398 πέντε
753 4341 954 4414 λόγους
989 4345 1296 4410 Μωυσέως.

2058 4567 2100 4578 ‘-
