3025 4892
1144 176 1574 232 HESYCHIUS.
2282 186 2291 193 ’
2376 179 2503 241 125

364 313 837 403 COCGLXV1.
873 341 1274 425 Κρατῖνος
1306 336 1793 422 Καλλιμήδους,
1808 333 2164 422 Ἀθηναῖος
2190 340 2499 424 κωμικός,

169 438 502 524 λαμπρὸς
565 439 688 508 τὸν
745 446 1154 529 χαρακτῆρα,
1221 441 1589 529 φιλοπότης
1646 441 1722 509 δὲ
1766 442 1877 509 καὶ
1932 446 2263 511 παιδικῶν
2308 442 2499 531 ἡττη-

168 545 403 630 μένος.
514 539 603 633 ’ἦν
661 547 736 615 δὲ
789 552 905 635 τῆς
960 545 1235 635 ἀρχαίας
1295 551 1662 638 κωμῳδίας.
1754 553 2000 637 ἔγραψε
2062 549 2136 619 δὲ
2198 548 2500 638 δράματα

161 651 306 737 κα’,
363 655 650 740 ἐνίκησε
699 654 774 722 δὲ
819 654 917 723 θ’.

361 762 865 829 OOGOLXVII.
922 760 1408 849 Κρεώφυλος
1448 758 1878 842 Ἀστυκλέους
1919 771 2083 843 Χῖος
2128 759 2169 851 ἢ
2218 762 2497 850 Σάμιος,
2526 786 2550 824 5

170 867 540 947 ἐποποιός.
641 868 817 948 τινὲς
873 868 948 935 δὲ
1003 865 1212 936 αὐτὸν
1269 867 1637 955 ἱστόρησαν
1683 864 1976 956 Ὁμήρου
2031 869 2334 957 γαμβρὸν
2392 870 2495 937 ἐπὶ

165 980 516 1063 θυγατρί,
557 978 629 1043 οἰ
663 975 737 1042 δὲ
774 982 978 1062 φίλον
1009 976 1222 1061 μόνον
1260 977 1610 1061 γεγονέναι
1650 972 2169 1063 αὐτὸνὉμήρου
2205 978 2496 1062 λέγουσι,

164 1079 288 1145 καὶ
339 1077 870 1169 ὑποδεξάμενον
890 1080 1186 1170 Ὅμηρον
1233 1086 1466 1167 λαβεῖν
1513 1079 1670 1169 παρ’
1724 1081 1935 1151 αὐτοῦ
1971 1082 2046 1152 τὸ
2084 1088 2335 1170 ποίημα
2372 1081 2494 1169 τὴν

168 1190 295 1271 τῆς
349 1192 690 1274 Οἰχαλίας
735 1186 1008 1256 ἅλωσιν.

359 1294 887 1362 GOOOLXVIII.
973 1300 1290 1383 Κρίτων
1343 1290 1702 1382 Ἀθηναῖος
1748 1295 2152 1382 φιλόσοφος,
2219 1294 2492 1383 Σωκρά·
2523 1319 2573 1357 10

169 1426 338 1481 τους
400 1400 754 1488 μαθητής,
812 1397 886 1480 ὃς
939 1400 1050 1469 καὶ
1098 1407 1390 1488 γνησίως
1437 1404 1706 1488 διετέθη
1754 1401 1920 1488 πρὸς
1966 1401 2340 1491 Σωκράτην
2384 1404 2493 1470 καὶ

169 1504 248 1572 τὰ
299 1505 492 1593 πρὸς
537 1506 661 1594 τὴν
708 1513 937 1595 χρείαν
982 1508 1198 1575 πάντα
1247 1510 1480 1576 ἐδίδου
1519 1506 1722 1596 αὐτῷ.
1796 1515 2043 1596 ἔγραψε
2089 1511 2496 1598 Σωκράτους

167 1610 588 1701 ἀπολογίαν.

356 1721 820 1789 OOOGLXIX.
895 1726 1220 1811 Κρίτων
1258 1722 1632 1811 Πιεριῶτης
1678 1722 1899 1811 (πόλις
1946 1722 2021 1791 δὲ
2065 1726 2494 1803 Μακεδονίας

170 1827 364 1894 ἐστὶν
418 1825 466 1914 ἡ
516 1830 814 1917 Πιερία),
865 1828 1213 1916 ἱστορικός.
1297 1834 1543 1916 ἔγραψε
1590 1829 2049 1917 Παλληνιακοί,
2090 1830 2101 1921 Ι
2142 1838 2487 1916 Συρακου-
2521 1850 2571 1890 1⁵

171 1937 318 2001 σῶν
360 1940 594 2003 κτίσιν
636 1935 681 2026 Ι,
721 1935 1049 2025 Περσικά,
1089 1934 1103 2025 Ι
1142 1935 1488 2022 Σικελικά,
1539 1942 2005 2024 Συρακουσῶν
2040 1937 2434 2026 περιήγησιν
2474 1923 2490 2015 Ι

169 2041 283 2108 καὶ
334 2043 501 2129 περὶ
547 2046 664 2129 τῆς
707 2040 915 2130 ἀρχῆς
959 2047 1094 2111 τῶν
1143 2042 1587 2139 Μακεδόνων.

359 2150 786 2220 CCCCLXX.
844 2155 1160 2237 Κρίτων
1208 2149 1458 2231 Νάξιος
1506 2149 1857 2239 ἱστορικός.
1916 2156 2207 2240 ἔγραψεν
2237 2148 2486 2220 Ὀκταεν

172 2260 462 2344 τηρίδα,
511 2253 597 2343 ἢν
644 2255 956 2340 Εὐδόξου
1001 2262 1187 2344 φασί.

176 2392 324 2400 -ᾕ-

325 2480 697 2536 CGOOLXVI
733 2481 886 2537 Eud.
926 2499 980 2550 p.
1011 2486 1116 2535 445
1271 2485 1304 2533 2
1343 2482 1676 2549 φιλοποτίας
1703 2487 1748 2534 V
1840 2479 2149 2552 φιλοπότης
2186 2514 2249 2521 -
2290 2500 2481 2551 κωμῳ-

183 2558 310 2621 δίας
335 2578 470 2629 om.
510 2562 660 2617 Eud.
738 2561 994 2617 Ceterum
1033 2560 1100 2617 cf.
1141 2559 1344 2615 Suidas
1382 2578 1434 2616 v.
1469 2556 1698 2615 Ἐπειοῦ
1738 2559 2080 2631 δειλότερος,
2120 2565 2178 2617 eb
2215 2578 2357 2630 quae
2396 2577 2485 2614 ex—

175 2639 372 2703 posuit
411 2640 672 2696 Meineke
710 2640 736 2693 1
772 2656 826 2710 p.
857 2647 926 2696 46
947 2658 1088 2710 seq.,
1137 2658 1378 2710 quocum
1417 2640 1771 2695 conseniaiens
1816 2642 1988 2696 verba
2024 2640 2121 2696 καὶ
2155 2672 2214 2679 —-
2248 2636 2481 2709 ἡττημέ-

178 2735 274 2781 νος
315 2720 532 2775 Suidae
571 2721 764 2775 deberi
798 2723 938 2791 puto

323 2799 719 2855 COGCLXVII
757 2802 906 2855 Eud.
938 2819 990 2869 p.
1023 2806 1140 2854 445.
1181 2800 1341 2855 Phoe.
1371 2802 1476 2855 leX.
1508 2819 1562 2855 v.
1584 2796 1941 2870 Κρεώφυλος.
1981 2800 2353 2870 Of.Welcke1·,
2382 2802 2481 2870 Ep.

181 2876 384 2945 cyclus
425 2900 481 2951 p.
521 2887 625 2935 219
655 2898 770 2948 seq.
837 2881 1032 2935 Liceat
1066 2881 1208 2935 mihi
1241 2882 1525 2951 integrum
1564 2880 1875 2936 describere
1917 2881 2089 2935 schol.
2129 2881 2347 2936 Platon.
2386 2880 2484 2951 (VI

177 2974 230 3024 p.
261 2965 367 3015 361
402 2963 643 3030 Herm.):
690 2958 1032 3030 Κρεώφυλος
1072 2966 1236 3031 Χίος,
1285 2956 1569 3021 ἐποποιός.
1653 2957 1802 3021 τινὲς
1848 2957 1912 3015 δὲ
1961 2955 2137 3015 αὐτὸν
2186 2957 2485 3029 ἴστόρησαν

149 3096 160 3109 ‚
178 3039 442 3112 ’γαμβρὸν
461 3037 703 3111 Ὁμήρου
736 3037 826 3096 ἐπὶ
855 3042 1126 3111 θυγατρί,
1172 3042 1270 3095 καὶ
1299 3034 1386 3095 ὅτι
1414 3034 1841 3109 ’ὑποδεξάμενος
1863 3034 2109 3109 ’Όμηρον
2150 3038 2314 3108 ἔλαβε
2344 3036 2480 3109 παρ’

181 3114 362 3173 αὐτοῦ
396 3116 463 3175 τὸ
495 3123 710 3191 ποίημα
733 3123 832 3191 τῆς
859 3117 1109 3185 Ἰλιάδος.
1140 3122 1220 3176 Cf.
1243 3121 1462 3177 Unizers.
1483 3140 1537 3190 p.
1562 3124 1647 3189 88,
1678 3121 1734 3173 et
1754 3137 1894 3188 quae
1916 3120 2170 3190 exposuit
2190 3121 2485 3187 Mettauer‚

181 3196 248 3250 de
287 3201 468 3255 schol.
507 3201 651 3256 Plat.
690 3202 824 3257 font.
857 3222 911 3272 p.
943 3208 1011 3256 54
1031 3220 1164 3272 seq„
1206 3203 1302 3270 qui
1339 3200 1490 3256 haud
1526 3200 1677 3254 recte
1716 3200 1788 3253 ad
1816 3199 2019 3254 Boethi
2054 3200 2228 3255 Stoici
2265 3201 2480 3255 lexicon

183 3274 543 3335 Platonicum
581 3282 801 3336 rettulit
982 3289 1011 3338 7
1053 3281 1114 3337 οἰ
1155 3281 1219 3337 δὲ
1259 3284 1425 3352 φίλον
1473 3276 1651 3335 αὐτὸν
1690 3275 1933 3351 Ὁμήρου
1972 3275 2146 3349 μόνον
2186 3280 2483 3350 γεγονέναι

184 3356 337 3414 Eud.
493 3368 525 3415 8
563 3357 700 3430 παρ’
729 3354 851 3417 om.
890 3363 1041 3418 Eud.

142 3506 146 3513 Ι
325 3440 744 3495 COCOLXVIII
781 3442 932 3496 Eud.
971 3461 1026 3511 p.
1057 3448 1179 3499 449.
1236 3444 1318 3497 Cf.
1357 3444 1518 3513 Diog.
1550 3442 1620 3511 ΙΙ,
1653 3447 1772 3510 121,
1810 3440 1909 3510 qui
1948 3442 2203 3511 dialogos
2242 3442 2481 3499 Critonis

185 3531 518 3575 enumerans
554 3521 889 3591 Apologiam
935 3521 1158 3576 silentio
1205 3523 1601 3593 praehermisit.
1675 3522 1837 3575 Hunc
1886 3523 2183 3589 articulum
2234 3522 2483 3592 sequitur

186 3596 374 3662 glossa
423 3601 483 3654 in
528 3601 688 3655 libris
730 3602 882 3655 Suid.
920 3605 1144 3670 praeter
1181 3607 1283 3656 Av
1331 3604 1550 3671 Κρίτων
1590 3600 1803 3671 ἔγραψε
1848 3599 2053 3656 Γετικά
2096 3603 2187 3657 vel
2226 3605 2358 3672 (BE)
2400 3600 2479 3671 ἔγ.

192 3670 250 3727 ἒν
289 3686 411 3743 τοῖς
452 3685 731 3751 Γετικοῖς,
770 3697 913 3750 quae
954 3697 1061 3734 om.
1100 3682 1505 3749 Eud.‚·eadem
1544 3683 1875 3749 repetuntur
1913 3700 1979 3735 ex
2016 3683 2203 3751 glossa
2242 3684 2417 3736 Γεσοί

328 3759 685 3815 COCOLXIX
721 3761 872 3815 Eud.
911 3778 966 3829 p.
1007 3765 1126 3817 438.
1204 3761 1285 3815 Cf.
1324 3762 1530 3817 Mffller
1567 3762 1645 3815 ΠΙ
1680 3781 1737 3831 p.
1779 3769 1881 3817 373
2031 3768 2096 3816 14
2134 3758 2293 3822 πόλις
2330 3754 2477 3831 v‘uzy.

192 3832 250 3887 δὲ
282 3833 430 3910 αὕτη
461 3840 612 3894 Eud.
645 3834 787 3908 αὕτη
811 3856 916 3895 om.
940 3843 1040 3891 Av
1152 3846 1218 3893 15
1246 3837 1575 3911 Παλληνικιὶ
1603 3860 1733 3911 pars
1762 3841 1885 3896 libr.
1910 3859 2015 3896 om.
2039 3841 2189 3895 Eud.
2288 3847 2353 3895 16
2381 3844 2477 3893 Σι·

191 3917 422 3974 κελιακά
462 3925 508 3972 Δ
554 3938 660 3975 om.
701 3926 746 3972 V
796 3920 856 3973 in
891 3920 1039 3973 Eud.
1072 3920 1308 3988 Villois„
1357 3938 1692 3990 quamquam
1745 3922 1954 3990 legitur
2012 3920 2072 3974 in
2128 3922 2245 3975 cod.
2286 3920 2481 3991 Paris,

97 4046 101 4051 .
190 3992 388 4055 iniuria
439 3999 666 4055 seclusit
710 3998 982 4053 Westerm.
1068 4000 1326 4055 Ceterum
1384 3999 1683 4071 Σικελικά,
1740 4005 1954 4071 Συρακ.
2001 4002 2205 4070 κτίσιν,
2262 4004 2476 4070 Συρακ.

193 4076 519 4149 περιήγησιν
556 4080 627 4132 ab
675 4080 854 4133 altero
893 4079 1143 4146 Critone,
1198 4080 1545 4148 Syracusano
1595 4082 1884 4150 videlicet,
1942 4078 2261 4150 conscripta
2310 4082 2479 4137 fuisse

195 4158 350 4219 putat
392 4157 730 4213 Gutschmid.
797 4162 934 4228 Συρ.
975 4161 1155 4214 κτίσιν
1193 4164 1251 4215 et
1287 4157 1508 4231 περιήγ.
1547 4162 1737 4231 partes
1784 4161 1916 4215 libri
1952 4161 2265 4215 Σικελικῶν
2312 4162 2478 4218 fuisse

201 4236 557 4298 probabiliter
592 4242 757 4307 putat
792 4239 962 4293 Daub

332 4317 659 4372 CCCCLXX
697 4320 846 4375 Eud.
886 4320 924 4374 l.
955 4336 1002 4375 c.
1040 4338 1182 4387 quae
1219 4321 1420 4392 incipit
1457 4322 1555 4377 καὶ
1594 4318 1783 4391 ἕτερος
1810 4322 1965 4392 Κρίτ.
1994 4326 2070 4376 Ν.
2180 4330 2245 4377 18
2284 4318 2478 4393 ἄστρο-
