3025 4892
1149 221 1579 280 nnschus.
1850 290 1859 300 ‚
2420 219 2505 284 29

181 382 698 467 βασιλεύοντος
725 385 1151 470 Πτολεμαίου
1187 386 1310 450 τοῦ
1343 381 1777 468 Φιλαδέλφου
1809 380 1921 448 καὶ
1958 381 2083 449 τοῦ
2118 375 2256 467 μετ’
2298 375 2509 448 αὐτὸν

185 493 334 558 τοῦ
393 489 858 577 Φιλοπάτορος
897 489 1012 558 καὶ
1055 489 1342 576 προέστη
1388 493 1506 576 τῆς
1547 492 1669 557 τοῦ
1710 489 2033 575 βασιλέως
2068 485 2509 574 βιβλιοθήκης

182 594 382 681 μετὰ
423 593 897 682 Ἀπολλώνιον,
944 600 1090 676 ἔτος
1123 593 1313 681 ἄγων
1361 593 1485 682 ξβ’.
1560 595 2073 674 διασκευασθεὶς
2118 593 2193 664 δὲ
2229 591 2318 672 ὡς
2354 599 2506 679 βου-

181 700 500 788 λόμενος
551 701 724 791 πρὸς
777 699 1048 790 Εὐμενῆ
1104 715 1380 790 φυγεῖν,
1435 699 1787 788 ἐφυλάχθη
1845 701 1922 770 ἐν
1976 701 2199 786 εἱρκτῇ
2256 697 2507 786 χρόνον

175 807 384 878 τινά.
441 807 696 898 ἠφείθη
737 810 811 878 δὲ
845 810 958 878 καὶ
993 806 1125 878 ὑπὸ
1161 811 1652 896 στραγγουρίας
1687 811 1980 898 τελευτᾷ,
2016 811 2127 892 ἔτη
2162 804 2503 893 βεβιωκὼς
2532 837 2559 876 ⁵

187 913 328 996 οζ’.
431 915 914 1004 συγγράμματα
959 914 1036 984 δὲ
1081 911 1294 984 αὐτοῦ
1338 913 1521 984 πάνυ
1564 913 1797 984 πολλά.

395 1023 561 1092 CIV.
639 1022 1233 1112 Ἀριστώνυμος
1285 1021 1598 1110 κωμικός.
1686 1023 1823 1091 τῶν
1880 1019 2242 1108 δραμάτων
2296 1017 2509 1089 αὐτοῦ

185 1130 396 1198 ἐστιν
425 1127 660 1210 Ἥλιος
705 1132 948 1217 ῥιγῶν,
995 1126 1088 1209 ὥς
1127 1127 1486 1215 Ἀθήναιος
1537 1130 1613 1198 ἐν
1660 1136 2271 1214 Δειπνοσοφισταῖς
2300 1179 2316 1196 .
2342 1179 2361 1196 .
2389 1179 2405 1196 .

394 1236 530 1306 CV.
580 1233 860 1323 Ἀρίων
897 1242 1356 1323 Μηθυμναῖος
1391 1233 1689 1321 λυρικός,
1726 1233 2043 1314 Κυκλέως
2070 1233 2239 1319 υἱός,
2276 1234 2509 1321 γε’γονε

189 1341 380 1412 κατὰ
435 1341 561 1430 τὴν
605 1342 718 1430 λη’
764 1341 1164 1431 ὀλυμπιάδα.
1252 1340 1430 1421 τινες
1485 1339 1561 1409 δὲ
1614 1341 1727 1410 καὶ
1780 1337 2093 1428 μαθητὴν
2136 1336 2511 1429 Ἀλκμᾶνος
2538 1374 2590 1414 ιο

193 1449 585 1538 ἱστόρησαν
639 1447 870 1518 αὐτὸν.
959 1453 1206 1535 ἔγραψε
1261 1447 1337 1516 δὲ
1383 1445 1671 1538 ᾅσματα,
1714 1451 2031 1534 προοίμια
2080 1451 2175 1527 εἰς
2220 1453 2341 1535 ἔπη
2392 1447 2511 1539 ,432

189 1560 474 1646 λέγεται
525 1557 639 1626 καὶ
696 1559 1020 1644 τραγικοῦ
1077 1554 1332 1642 τρόπου
1378 1551 1649 1642 εὑρετὴς
1692 1555 2044 1641 γενέσθαι,
2098 1555 2206 1622 καὶ
2254 1558 2513 1641 πρῶτος

195 1664 424 1752 χορὸν
465 1667 703 1752 στῆσαι
741 1663 854 1732 καὶ
881 1661 1317 1750 διθύραμβον
1345 1653 1529 1746 ασαι,
1564 1663 1677 1730 καὶ
1707 1657 2043 1750 ὀνομάσαι
2068 1660 2145 1730 τὸ
2175 1659 2511 1751 ᾀδόμενον

191 1769 342 1839 ὑπὸ
390 1775 517 1839 τοῦ
563 1772 770 1858 χοροῦ
787 1820 806 1854 ,
849 1769 963 1837 καὶ
1010 1767 1364 1860 Σατύρους
1409 1772 1811 1855 εἰσενεγκεῖν
1858 1773 2143 1858 ἔμμετρα
2179 1770 2513 1900 λέγοντας.

195 1876 562 1963 [φυλάττει
609 1876 686 1946 δε
719 1875 796 1946 τὸ
841 1902 898 1944 ω
943 1876 1054 1944 καὶ
1092 1875 1198 1944 ἐπὶ
1242 1878 1555 1963 γενικῆς]
2534 1905 2587 1946 15

391 1985 562 2054 CVI.
628 1979 701 2050 Α
708 1981 947 2070 ρκαδι
964 2009 1048 2062 ος
1094 1981 1547 2069 γραμματικὸς
1584 1978 1977 2071 Ἀντιοχεύς.
2050 1987 2313 2070 ,ἔγραψε
2358 1982 2509 2069 περὶ

199 2088 716 2177 ὀρθογραφίας,
761 2089 912 2177 περὶ
957 2087 1332 2170 συντάξεως
1375 2092 1510 2158 τῶν
1554 2093 1679 2158 τοῦ
1724 2087 1936 2176 λόγου
1971 2092 2218 2178 μερῶν,
2265 2085 2512 2176 ὀνομα-

199 2196 408 2266 τικὸν
455 2195 862 2285 θαυμάσιον.

393 2304 596 2373 CVII.
662 2301 1164 2393 Ἀρκεσίλαος
1212 2300 1456 2390 [ὄνομα
1501 2302 1770 2389 κύριον]
1818 2302 2197 2392 φιλόσοφος
2224 2357 2240 2374 .
2272 2357 2287 2373 .
2316 2357 2331 2373 .

392 2411 626 2480 CVIII.
679 2407 1091 2498 Ἀρκτῖνος
1136 2409 1362 2496 Τήλεω
1399 2411 1522 2478 τοῦ
1559 2409 1843 2478 Ναύτεω
1880 2405 2249 2498 ἀπογόνου,
2288 2408 2508 2498 Μιλή-
2536 2441 2591 2480 20

201 2554 375 2609 codd.
407 2549 541 2622 μετ’
569 2559 626 2606 1
654 2557 772 2608 Διὰ.
813 2553 894 2610 Cf.
925 2551 1140 2620 Rohde‚
1167 2553 1309 2608 Mus.
1339 2551 1514 2607 Rhen.
1536 2552 1773 2607 XXXIII
1796 2571 1850 2624 Ρ.
1884 2559 1985 2609 167
2014 2556 2131 2609 not.
2160 2551 2193 2609 3
2306 2561 2333 2609 1
2373 2571 2512 2625 opus

205 2635 443 2691 videtur
488 2633 878 2690 emendatione
913 2633 1271 2703 Bmmhardyi
1315 2649 1352 2687 a
1395 2633 1806 2690 Westmnanno
1849 2635 2101 2705 recepta:
2156 2632 2396 2692 διέτεινε
2444 2634 2509 2690 δὲ

201 2711 376 2784 μέχρι
415 2715 772 2784 Πτολεμαίου
817 2714 918 2769 τοῦ
961 2711 1343 2783 Φιλοπάτορος
1389 2714 1487 2768 καὶ
1533 2714 1633 2769 τοῦ
1672 2709 1797 2783 μετ’
1838 2709 2015 2769 αύτὸν
2061 2717 2184 2784 βασ.
2254 2714 2509 2770 Ceterum

199 2795 387 2850 verba
427 2794 550 2865 βασ.
589 2824 656 2833 -
696 2790 872 2848 πολλά
919 2793 978 2848 in
1023 2793 1281 2849 omnibus
1327 2791 1490 2848 libris
1536 2795 1667 2864 post
1704 2792 2050 2864 Aristonymi
2094 2794 2298 2850 comici
2337 2795 2511 2850 vitam

200 2874 504 2944 leguntur.
541 2871 742 2942 Bequ,
769 2873 877 2927 Lit.
907 2871 999 2927 Gr.
1029 2892 1084 2943 p.
1114 2879 1218 2928 292
1246 2875 1364 2928 not.
1393 2879 1480 2928 47.
1540 2871 1620 2926 cf.
1651 2873 1831 2941 Daub,
1862 2873 1931 2928 de
1959 2872 2113 2930 Suid.
2142 2893 2197 2946 p.
2227 2880 2349 2930 410.
2426 2876 2512 2932 Ad

203 2951 654 3022 Aristophanem
691 2951 1023 3021 Byzantium
1060 2953 1312 3023 spectare
1347 2951 1560 3022 primus
1595 2952 1741 3008 vidit
1778 2953 2030 3009 Meineke
2064 2955 2090 3008 I
2126 2973 2179 3024 p.
2214 2961 2313 3010 197
2345 2973 2460 3024 seq.

204 3041 238 3088 3
280 3028 698 3106 βουλευόμενος
734 3038 779 3086 A
924 3037 956 3086 5
995 3027 1267 3116 βεβιοκως
1303 3037 1349 3085 A

361 3103 483 3158 CIV
522 3103 674 3159 Eud.
710 3121 765 3174 p.
798 3108 918 3160 116.
983 3103 1064 3158 Cf.
1103 3103 1416 3160 MeinekeI
1450 3122 1506 3175 p.
1540 3109 1641 3159 197
1752 3109 1785 3158 8
1824 3099 1900 3168 ὥς
1930 3099 2040 3160 ’Aa
2072 3123 2185 3174 seq.
2216 3120 2325 3161 om.
2355 3105 2508 3160 Eud.

203 3185 342 3240 add.
383 3183 483 3238 καὶ
519 3179 664 3238 αλλα
700 3181 876 3238 πολλὰ
915 3180 1320 3254 συγγράμματα
1347 3178 1530 3240 αύτοῧ
1558 3179 1917 3252 εὑρίσκονται
1951 3181 2122 3255 λόγου
2159 3180 2325 3253 αξια,
2364 3202 2508 3255 qnae

203 3267 390 3320 verba
425 3281 496 3319 ex
529 3263 918 3320 additamento
954 3265 1014 3318 in
1051 3264 1172 3319 vita
1205 3262 1464 3335 Byzantii
1501 3265 1729 3320 extante
1765 3265 2024 3336 profecta
2056 3281 2180 3320 esse
2215 3267 2378 3336 patet

207 3346 422 3401 Athen.
449 3343 554 3398 Vn
589 3361 643 3414 p.
673 3349 781 3400 284
816 3346 876 3399 et
910 3349 1012 3400 287

357 3423 454 3479 CV
489 3423 643 3479 Eua.
679 3430 888 3494 p.115.
944 3423 1026 3478 Cf.
1067 3420 1857 3495 Steph.Byz.v.Mniovpm;
1896 3425 2076 3495 Daub‚
2115 3425 2185 3482 de
2214 3426 2360 3481 Viol.
2390 3445 2443 3496 p.
2476 3432 2509 3480 8

207 3511 240 3560 9
271 3501 422 3571 υἴός,
448 3499 711 3574 μαθητὴς
732 3498 901 3573 mnu.
924 3504 1076 3559 Eud.
1188 3509 1255 3559 10
1282 3499 1373 3574 λη’
1405 3503 1550 3574 plur.
1578 3503 1729 3573 libri,
1757 3506 1907 3575 quod
1934 3508 2149 3562 rectum
2180 3523 2297 3562 ense
2326 3508 2509 3562 osten-

209 3585 298 3639 dit
327 3583 536 3650 Rome,
563 3582 704 3637 Mus.
735 3582 910 3637 Rhen.
940 3582 1176 3638 XXXIII
1203 3602 1256 3655 p.
1287 3589 1390 3638 201
1419 3587 1537 3640 not.
1611 3581 1707 3653 κη’
1746 3590 1840 3638 Br-
1868 3585 2137 3654 Gatsford
2174 3584 2277 3642 καθ’
2306 3586 2508 3640 Reim-

207 3665 332 3718 sius
454 3669 519 3717 11
559 3660 668 3731 ἔπη
709 3664 768 3738 β
802 3679 1094 3719 numerum
1134 3664 1396 3720 vitiosum
1434 3681 1553 3719 esse
1588 3663 1814 3733 putavit
1849 3666 2210 3737 Bernhardy,
2257 3665 2509 3720 effictum

211 3760 335 3798 esse
371 3745 538 3813 putat
563 3743 766 3808 Hiller,
803 3742 944 3798 Mus.
973 3744 1150 3800 Rhen.
1179 3743 1416 3798 XXXIII
1443 3762 1496 3814 Ρ.
1528 3749 1631 3798 522
1762 3751 1829 3800 13
1866 3739 2001 3821 ᾆσαι
2039 3746 2137 3800 καὶ
2172 3746 2282 3800 del.
2319 3745 2505 3814 Βατιὺ,

211 3815 351 3896 ᾆσαι
387 3822 486 3878 καὶ
523 3817 680 3893 ὄνομ.
718 3819 818 3878 τὸν
853 3817 944 3898 ᾆδ.
975 3823 1420 3880 Hennaea-husius
1550 3829 1618 3878 14
1656 3821 1931 3896 ἔμμετρον
1967 3831 2013 3879 A
2135 3831 2199 3880 15
2238 3822 2526 3893 φυλάττει

212 3921 332 3973 seq.
369 3904 450 3974 gl.
487 3902 914 3974 grammaticam
953 3903 1231 3974 continet3
1268 3900 1540 3974 φυλάττει
1578 3903 1642 3960 δὲ
1681 3905 1780 3959 καὶ
1818 3901 1913 3960 ἐπὶ
1947 3906 2178 3975 γενικῆς
2211 3911 2257 3959 A
2294 3903 2507 3974 φυλάτ-

213 4003 372 4039 τεται
410 3980 475 4038 δὲ
514 3982 611 4038 καὶ
647 3987 693 4034 V
731 3978 1003 4050 φυλάττει
1038 3979 1102 4038 τὸ
1141 4005 1186 4038 ω
1223 3985 1324 4039 rel.
1354 4001 1462 4040 om.
1491 3985 1645 4039 Eud.

361 4062 483 4118 CVI
518 4063 671 4119 Eud.
699 4079 753 4132 p.
788 4067 888 4118 109
1002 4069 1064 4118 17
1105 4059 1424 4130 συντάξεων
1451 4071 1498 4120 V
1534 4079 1768 4133 sequens
1804 4065 1916 4118 τῶν
1944 4081 2054 4119 om.
2083 4069 2129 4117 A
2214 4059 2508 4135 ὄνομαστι·

215 4139 322 4198 κόν
356 4143 504 4215 moly.
654 4149 720 4198 18
753 4142 856 4198 καὶ
890 4144 1024 4198 ante
1061 4147 1239 4213 θαυμ.
1278 4145 1407 4201 add.
1437 4150 1483 4198 A
1576 4196 1583 4200 .

360 4223 507 4277 CVII
545 4223 638 4280 Cf..
665 4220 830 4292 Πίος.
867 4223 962 4290 IV,
989 4229 1060 4278 28
1088 4241 1200 4292 seq.
1269 4223 1525 4295 Expnnxi
1562 4223 1810 4292 glossam
1846 4223 2292 4292 grammaticam.
2348 4224 2508 4282 Cete-

216 4322 344 4359 rum
385 4304 454 4360 ef.
491 4322 544 4361 v.
580 4297 806 4375 ’Διτύλας

364 4383 540 4438 CVIII
604 4390 674 4438 20
707 4377 993 4454 Ἀρκτῆνος
1029 4389 1075 4437 A
