3025 4892
1148 214 1581 272 PRAEFATIO.
2466 221 2515 275 V

217 377 370 442 duxi
423 378 766 444 nonnullas
824 377 1173 462 addidisse,
1238 401 1400 462 quae
1455 379 1735 445 fortasse
1794 380 2105 465 Hesychii
2156 404 2289 447 non
2344 386 2513 467 sunt,

219 490 415 551 quam
453 467 612 532 alias
659 466 984 550 omisisse,
1031 488 1192 552 quas
1230 489 1375 532 vere
1413 467 1863 552 Hesychianas
1912 493 2051 535 esse
2097 470 2204 536 hic
2250 472 2355 536 vel
2400 471 2511 536 1119

219 557 482 621 sentiat.

397 645 689 710 Tertium
735 646 1012 730 denique
1058 645 1436 710 uncinorum
1475 666 1677 731 genus
1714 649 1782 711 in
1817 647 1947 712 illis
1984 648 2135 713 vitis
2178 649 2513 733 collocavi,

217 734 450 819 quibus
497 737 712 818 plures
759 735 863 800 vel
901 735 1186 800 eiusdem
1232 735 1513 800 nominis
1562 737 1662 800 vel
1700 736 2120 802 similitudine
2158 759 2509 824 congruen-

212 824 298 888 tis
347 825 698 908 scriptores
746 823 1047 890 confusos
1095 845 1234 888 esse
1282 824 1663 889 certissimis
1720 826 2010 890 concludi
2057 830 2277 909 potest
2321 849 2508 912 argu·

213 913 482 995 mentis,
525 913 780 978 lineolis
830 913 1210 996 simpliciter
1248 913 1442 978 rectis
1481 909 1495 1000 Ι
1588 932 1769 998 119119,
1817 915 1870 979 91
1908 937 2071 1000 91199
2115 915 2197 978 ad
2234 916 2508 982 alterum

213 1002 668 1088 cognominem
705 1005 1030 1085 spectant,
1065 1001 1411 1084 duplicatis
1451 997 1484 1089 ΙΙ
1523 997 1537 1088 Ι
1568 1051 1582 1080 ,
1629 1024 1793 1086 91199
1832 1003 1913 1068 ad
1949 1005 2241 1088 tertium,
2287 1027 2507 1089 quam-

212 1113 408 1178 quam
455 1092 780 1175 plerisque
827 1091 984 1156 locis
1021 1090 1424 1174 Hesychiine
1459 1091 1662 1156 lateat
1704 1113 1883 1157 error
1930 1115 2013 1156 an
2057 1093 2508 1176 epitomatoris

214 1202 300 1244 an
347 1181 550 1265 ipsius
589 1179 825 1244 Suidae
872 1203 952 1244 an
1000 1179 1274 1263 denique
1320 1179 1567 1244 librarii
1613 1181 1883 1246 alicuius
1923 1182 2061 1246 iure
2108 1187 2327 1265 potest
2373 1205 2509 1247 am-

209 1269 380 1354 bigi3
433 1274 502 1333 at
545 1268 942 1353 Hesychium
989 1269 1204 1352 ipsum
1252 1290 1500 1333 errasse
1546 1270 1785 1354 ubique
1831 1270 1964 1335 fere
2010 1271 2344 1354 probabile
2392 1277 2509 1338 est.

211 1357 388 1434 Quas
426 1358 643 1441 omisi,
681 1359 1218 1441 quotiescunque,
1264 1358 1645 1440 praesertim
1692 1380 1837 1422 cum
1886 1361 1999 1423 alii
2045 1360 2223 1424 aliud
2268 1381 2507 1444 expun-

157 1525 166 1532 ·
208 1447 454 1530 xerint,
497 1469 634 1511 rem
680 1469 812 1511 non
859 1447 1020 1510 satis
1067 1446 1321 1510 firmam
1371 1468 1511 1512 esse
1556 1453 1963 1531 perspectam
2003 1449 2359 1529 habebam,
2402 1471 2507 1514 ve-

209 1537 340 1620 lut,
385 1540 460 1600 ut
504 1558 702 1600 unum
751 1535 1016 1601 afferam
1065 1535 1455 1619 exemplum,
1501 1537 1569 1601 in
1616 1535 1952 1602 Theonum
2001 1538 2171 1602 vitis.

387 1624 736 1689 Difficilius
785 1629 1000 1689 autem
1047 1629 1190 1689 erat
1227 1625 1541 1708 iudicatu,
1588 1647 1904 1709 quaenam
1952 1627 2235 1692 vitarum
2284 1626 2507 1692 Suida-

205 1737 444 1779 narum
486 1718 705 1797 partes
752 1715 981 1778 merito
1019 1712 1349 1797 Hesychio
1398 1713 1866 1779 abiudicandae
1915 1716 2069 1798 sint,
2116 1738 2509 1800 quamquam

205 1804 366 1868 illae
415 1803 672 1887 quidem
718 1803 940 1868 multis
987 1803 1057 1866 in
1109 1802 1400 1866 articulis
1449 1801 1751 1867 Suidanis
1800 1827 1839 1868 a
1894 1805 2137 1869 criticis
2194 1806 2298 1869 vel
2351 1829 2506 1890 pau-

205 1894 412 1978 lisper
473 1893 541 1956 in
605 1891 708 1956 his
774 1892 1260 1976 quaestionibus
1317 1893 1591 1956 versatis
1649 1892 1788 1956 sine
1854 1914 2090 1978 magno
2149 1915 2339 1977 opere
2403 1894 2509 1958 de-

209 1983 431 2046 notari
476 1985 770 2066 possunt.
851 1980 999 2066 Ipse
1046 1979 1338 2064 equidem
1384 1980 1549 2046 Mus,
1596 1979 1800 2045 Rhen.
1838 1981 2087 2047 XXXV
2125 2004 2185 2065 p.
2219 1984 2339 2047 191
2378 2005 2507 2067 999.

210 2092 526 2155 magnum
574 2069 1158 2134 additamentorum
1207 2091 1546 2134 numerum
1604 2071 1964 2134 examinavi
2023 2093 2225 2156 eaque
2272 2093 2311 2136 a
2356 2072 2507 2136 vitis

205 2158 645 2242 Hesychianis
695 2159 971 2240 seiunxi,
1018 2159 1187 2243 quod
1240 2157 1527 2222 officium
1563 2162 1792 2243 postea
1831 2159 2028 2224 etiam
2056 2159 2278 2243 Daub‚
2326 2158 2506 2226 Stud.

205 2272 268 2332 p.
311 2249 442 2312 124
481 2269 612 2332 seq.
659 2247 884 2312 eadem
931 2268 1058 2329 qua
1105 2248 1273 2311 solet
1309 2247 1685 2330 prolixitate
1731 2249 2078 2330 praestitit.
2160 2248 2252 2313 Et
2289 2271 2501 2314 meam

205 2337 736 2402 dissertationem
784 2341 851 2400 et
887 2336 1151 2419 Daubii,
1199 2335 1410 2419 quoad
1448 2336 1661 2420 potui,
1704 2337 2081 2420 priusquam
2130 2337 2211 2400 ad
2259 2342 2507 2402 textum

205 2425 525 2509 Hesychii
588 2425 1054 2490 restituendum
1118 2424 1408 2508 adhibui,
1473 2428 1770 2489 accurate
1834 2430 2277 2509 perscrutatus
2344 2449 2503 2512 sum.

203 2515 380 2580 Illud
448 2537 599 2580 vero
663 2536 834 2579 nunc
900 2536 1000 2577 me
1066 2515 1296 2578 addere
1368 2518 1652 2597 oportet,
1735 2514 1903 2598 quod
1976 2515 2171 2580 nimis
2252 2515 2507 2600 neglexi

204 2605 374 2670 Mus.
418 2603 624 2669 Rhen.
670 2604 714 2667 l.
755 2626 808 2669 c.
857 2599 1090 2668 Suidae
1138 2603 1309 2668 enim
1346 2603 1696 2668 nonnullas
1737 2603 1905 2668 vitas
1950 2603 2509 2688 philosophorum,

204 2693 513 2777 quoniam
571 2716 647 2757 ex
691 2695 876 2777 parte
931 2693 1062 2777 legi
1119 2693 1318 2756 etiam
1377 2692 1547 2774 apud
1595 2690 1861 2757 Cedren.
1906 2691 1938 2755 I
1984 2716 2044 2776 p.
2084 2693 2215 2757 270
2255 2715 2347 2776 sq.
2395 2690 2504 2778 (cf.

204 2805 372 2867 quae
409 2782 648 2847 contuli
686 2782 1146 2865 Anaxagorae,
1194 2780 1694 2863 Anaximandri,
1732 2780 2057 2867 Thaletis)
2096 2781 2371 2864 ostendi,
2409 2783 2504 2846 ita

201 2877 276 2936 ut
325 2871 650 2937 communi
697 2893 776 2935 ex
822 2870 1187 2954 Byzantino
1233 2871 1414 2933 fonte
1461 2868 1716 2952 utrique
1763 2871 2171 2935 manaverint
2221 2905 2296 2916 --
2348 2892 2499 2933 nam

203 2983 431 3025 errans
459 2959 818 3025 Gedrenum
847 2981 924 3022 ex
953 2957 1151 3023 Suida
1188 2980 1305 3022 sua
1333 2959 1688 3040 sumpsisse
1716 2963 1907 3044 putat
1934 2959 2178 3041 Diels,
2216 2957 2505 3043 Doxogr.

203 3074 263 3133 p.
306 3049 459 3132 156,
503 3087 574 3094 —
618 3053 963 3132 postquam
999 3046 1180 3112 Diels
1230 3048 1269 3110 1.
1308 3068 1358 3110 9.
1415 3046 1688 3111 alterum
1738 3045 2009 3111 Oedreni
2066 3047 2313 3112 fontem
2362 3069 2502 3111 esse

203 3138 556 3222 Hippolyti
583 3136 1174 3220 Philosophumena
1203 3136 1523 3221 sagaciter
1552 3135 1789 3218 docuit,
1829 3141 2101 3220 utroque
2132 3136 2199 3199 in
2230 3135 2504 3202 Cedreni

203 3229 386 3294 fonte
423 3228 758 3310 alteroque
795 3223 1027 3289 Suidae
1074 3225 1314 3308 placita
1350 3223 1897 3307 Philosophorum
1940 3225 2352 3308 potissimum
2402 3247 2502 3289 ex-

205 3317 424 3381 titisse
477 3316 794 3399 suspicor,
840 3315 1074 3398 quibus
1122 3313 1422 3378 videlicet
1467 3313 1684 3377 nullus
1732 3314 1911 3378 locus
1956 3315 2024 3378 in
2070 3313 2505 3398 Hesychianis

207 3406 367 3470 vitis
396 3405 585 3469 datus
614 3404 836 3485 fuerit,
871 3426 998 3487 9119
1027 3403 1104 3466 de
1134 3424 1201 3466 re
1230 3424 1565 3485 compares
1594 3400 2041 3484 Hesychianas
2072 3403 2239 3466 vitas
2270 3401 2503 3467 Demo-

209 3494 362 3560 criti
408 3516 551 3559 cum
591 3493 935 3577 Hippolyti
980 3490 1068 3575 (p.
1105 3491 1235 3556 565
1284 3490 1539 3576 Diels),
1585 3491 1917 3574 Archelai,
1964 3490 2374 3574 Empedoclis
2423 3493 2501 3570 al.

210 3581 400 3659 Quod
439 3582 494 3646 si
532 3579 779 3646 rectum
818 3585 944 3663 est,
981 3580 1280 3645 omnibus
1318 3581 1385 3644 in
1424 3579 1577 3644 vitis
1615 3579 2047 3663 Hesychianis
2086 3579 2505 3663 philosopho-

208 3693 358 3736 rum
402 3671 645 3754 placita
693 3674 760 3734 et
795 3670 1104 3752 dogmata
1148 3672 1374 3752 utpote
1422 3666 1658 3733 Suidae
1704 3690 1899 3736 manu
1946 3691 2023 3732 ex
2070 3669 2276 3733 altero
2322 3668 2504 3732 fonte

210 3759 435 3823 addita
486 3781 606 3824 nec
661 3759 874 3824 minus
929 3757 1316 3823 removenda
1373 3779 1513 3822 esse
1568 3757 1891 3840 videntur,
1950 3780 2144 3841 quam
2196 3758 2505 3821 nonnulla

209 3847 796 3933 apophthegmata,
850 3869 1014 3930 quae
1061 3847 1166 3910 hic
1211 3847 1361 3911 inde
1419 3869 1466 3910 9.
1504 3847 1611 3912 fin.
1659 3846 1939 3911 vitarum
1996 3849 2341 3911 occurrunt
2395 3843 2503 3930 (cf.

209 3937 456 4019 Θαλῆς,
504 3935 972 4019 Κλέοβουλος,
1007 3937 1340 4018 Νεοκλῆς,
1388 3932 1748 4017 Πιττακός,
1796 3932 2041 3999 Σόλων
2088 3933 2216 4020 aL).

392 4024 650 4109 Restat,
697 4029 771 4089 ut
807 4047 928 4109 pro
964 4025 1044 4089 iis
1085 4025 1329 4110 gratias
1367 4024 1674 4107 referam,
1722 4045 1884 4107 quae
1930 4023 2263 4106 praestitit
2301 4023 2377 4087 A.
2416 4022 2503 4086 de
2626 4078 2630 4082 .

210 4236 356 4286 quae
401 4217 733 4272 arctioribus
774 4215 1028 4272 terminis
1075 4216 1427 4282 cohibentur,
1479 4215 1636 4270 velut
1678 4215 1754 4284 gl.
1800 4219 2146 4281 Καρκῖνος
2188 4209 2314 4269 ’Aca
2362 4215 2503 4268 mul·

209 4291 412 4412 {aeque
451 4288 612 4343 aliae.
682 4290 949 4412 Agtamen
985 4288 1043 4342 in
1080 4287 1166 4341 his
1203 4286 1622 4354 quaestionibus
1660 4302 1779 4341 sero
1817 4300 2143 4339 consensum
2182 4284 2501 4338 criticorum

237 4377 332 4414 ore
367 4377 531 4416 nemo
569 4375 719 4414 nesci
749 4401 761 4412 .
