3025 4892
1149 223 1577 286 HEsYcHIUS.
1752 313 1757 326 ι
2420 223 2503 294 67

205 387 246 462 ὃ
299 393 681 482 νομοθέτης
715 389 1143 482 μεμφόμενος
1176 394 1294 480 τῆς
1328 390 1584 474 πόλεως
1616 389 1974 478 κάθαρσιν.
2036 389 2149 458 καὶ
2185 393 2507 483 παροιμία

205 499 322 569 ‘va
365 498 852 590 Ἐπιμενίδειον
899 501 1142 590 δέρμα’
1190 500 1297 568 ἐπὶ
1338 504 1476 570 τῶν
1522 497 1926 584 ἀποθέτων].

395 607 636 675 CCLV.
704 605 1098 688 Ἐπίνικος
1151 606 1262 676 καὶ
1318 603 1520 687 αὐτὸς
1576 604 1883 695 κωμικός.
1962 608 2101 674 τῶν
2148 603 2507 695 δραμάτων

207 711 426 782 αὐτοῦ
473 716 656 783 ἐστιν
690 712 1290 802 ’Τποβαλλόμεναῃ
1335 710 1426 794 ῶς
1464 711 1841 802 Ἀᾶῄναιος.

395 820 670 891 CCLVI.
751 818 1066 909 Ἐπιφά
1088 847 1174 889 νι
1195 846 1231 888 ο
1253 847 1287 901 ς
1342 818 1739 890 Οὐλπιανοῦ
1784 827 2115 907 Πετραῖος
2160 818 2505 906 σοφιστής,
2533 841 2561 882 s

207 926 583 1008 παιδεύσας
618 931 691 995 ἔν
726 953 796 997 τε
833 924 1001 1017 αὐτῇ
1039 927 1152 996 καὶ
1189 929 1268 1002 ἐν.
1295 924 1631 1016 Ἀθήναις.
1683 933 1931 1016 ἔγραψε
1966 926 2117 1013 περὶ
2153 930 2512 1006 κοινωνίας

207 1034 326 1102 καὶ
373 1037 705 1124 διαφοράς
739 1037 876 1102 τῶν
916 1033 1239 1121 στάσεων,
1283 1035 1881 1122 προγυμνάσματα,
1926 1033 2213 1122 μελέτας,
2260 1029 2511 1121 δημάρ-

209 1167 406 1228 χους,
451 1140 968 1231 πολεμαρχικόν,
1015 1139 1260 1228 λόγους
1304 1138 1785 1222 ἐπιδεικτικοὺς
1827 1146 1946 1209 καί
1982 1167 2135 1209 τινα
2181 1139 2512 1228 σύμμικτα

209 1247 641 1339 θεωρήματα.

395 1355 705 1424 CCLVII.
781 1353 1242 1443 Ἐπιφάνιος
1299 1358 1812 1434 Κωνσταντείας
1863 1357 1980 1443 τῆς
2036 1351 2320 1442 Κύπρου
2377 1354 2512 1421 ἐπί-
2543 1375 2595 1416 ιο

213 1481 494 1549 σκοπος,
549 1466 667 1550 τῆς
724 1462 1055 1551 πρότερον
1100 1468 1514 1551 Σαλαμίνης.
1599 1467 1846 1550 ἔγραψε
1888 1457 2055 1530 κατὰ
2098 1463 2333 1529 πασῶν
2376 1461 2515 1527 τῶν

213 1570 542 1657 αἱρέσεων
577 1568 842 1656 λόγους,
886 1565 931 1637 ἃ
967 1568 1265 1658 πανάρια
1300 1570 1633 1656 λέγονται,
1666 1568 1780 1637 καὶ
1820 1569 2009 1656 ἕτερα
2043 1566 2281 1653 πολλά,
2318 1563 2515 1635 ἅτινα

211 1672 398 1763 παρὰ
444 1674 570 1764 μὲν
603 1679 739 1745 τῶν
775 1676 1324 1770 πεπαιδευμένων
1364 1674 1476 1744 διὰ
1512 1673 1593 1744 τὰ
1630 1671 2013 1764 πράγματα,
2048 1670 2227 1760 παρὰ
2269 1670 2343 1740 δὲ
2378 1674 2518 1741 τῶν

219 1784 512 1850 ἰδιωτῶν
551 1780 666 1850 διὰ
698 1780 780 1850 τὰ
817 1781 1077 1871 ῥήματα
1115 1779 1663 1870 ἀναγινώσκεται.
1731 1783 2002 1872 τελευτᾷ
2040 1777 2516 1868 ἐσχατογήρως.

398 1898 743 1984 CCLVIH.
792 1895 1261 1988 Ἐπίχαρμος
1305 1896 1595 1983 Τιτύρου
1628 1892 1670 1984 ἢ
1709 1895 2017 1986 Χιμάρου
2052 1896 2163 1963 καὶ
2198 1897 2518 1983 Σηκίδος,
2549 1917 2603 1958 15.

217 2002 694 2092 Συρακούσιος
734 2000 778 2093 ἢ
827 2007 899 2073 ἐκ
953 2006 1206 2084 πόλεως
1258 2006 1579 2090 Κραστοῦ
1633 2006 1771 2071 τῶν
1826 2005 2174 2089 Σικανῶν,
2238 1998 2316 2082 ὃς
2367 1991 2521 2089 εὗρε

215 2108 346 2197 τὴν
417 2116 776 2202 κωμῳδίαν
851 2112 946 2180 ἐν·
992 2109 1466 2198 Συρακούσαις
1531 2107 1668 2198 ἅμα
1739 2108 2009 2202 Φόρμω.
2118 2111 2380 2192 ἐδίδαξε
2446 2107 2521 2178 δὲ

221 2216 531 2306 δράματα
577 2220 716 2305 νβ’,
761 2215 852 2298 ὥς
880 2218 973 2306 ,δὲ
1020 2216 1266 2298 Λύκων
1313 2222 1504 2305 φησί,
1550 2217 1661 2285 λε’.
1732 2215 1908 2296 τινες
1954 2218 2030 2285 δὲ
2067 2214 2277 2286 αὐτὸν
2314 2220 2522 2310 Κῷον

219 2324 612 2411 ἀνέγραψαν
675 2329 811 2394 τῶν
869 2323 1030 2412 μετὰ
1079 2323 1374 2412 Κάδμου
1431 2327 1526 2404 είς
1580 2328 1899 2391 Σικελίαν
1961 2322 2521 2411 μετοικησάντων,

219 2427 414 2498 ἄλλοι
464 2430 764 2519 Σάμιον,
810 2429 1002 2499 ἄλλοι
1049 2429 1392 2521 Μεγάρων
1436 2433 1575 2498 τῶν
1619 2432 1695 2498 ἐν
1741 2435 2039 2522 Σικελίᾳ.
2126 2421 2214 2518 ἦν
2262 2429 2337 2499 δὲ
2382 2426 2513 2517 πρὸ
2547 2449 2600 2489 20

220 2540 359 2604 τῶν
405 2541 760 2626 Περσικῶν
807 2542 917 2625 ἔτη
968 2536 1022 2610 ς’
1063 2535 1406 2605 διδάσκων
1443 2539 1519 2606 ἐν
1556 2537 2056 2626 Συρακούσαις·
2102 2538 2178 2606 ἐν
2217 2536 2292 2606 δὲ
2324 2533 2514 2624 Ἀθή-

223 2670 375 2724 ναις
420 2641 675 2732 Εὖέτης
717 2646 828 2714 καὶ
875 2641 1247 2731 Εὐξενίδης
1290 2644 1402 2712 καὶ
1448 2642 1733 2725 Μύλλος
1767 2646 2254 2716 ἐπεδείκνυντο.

227 2868 579 2923 enumeravit
613 2867 754 2922 Eud.
790 2887 845 2939 p.
873 2873 978 2924 261
1008 2884 1123 2937 seq.
1163 2870 1222 2923 et
1263 2872 1372 2922 οοᾱ.
1410 2874 1531 2922 Par.
1560 2873 1701 2924 2600
1728 2868 1767 2925 1.
1798 2885 1871 2937 ο.ς
1910 2869 1982 2924 de
2009 2869 2217 2939 quibus
2239 2887 2294 2925 v.
2318 2865 2524 2922 Mfiller

225 2948 306 3004 IV
342 2967 399 3018 p.
437 2954 543 3004 404

372 3027 561 3087 CCLV
596 3031 748 3086 Eud.
787 3047 843 3100 p.
872 3036 994 3085 290.
1051 3027 1310 3085 Meineke
1338 3029 1364 3083 Ι
1389 3047 1445 3099 Ρ.
1475 3035 1597 3084 481.
1653 3027 1737 3084 De
1763 3029 2042 3099 Hesychio
2080 3030 2308 3086 dubitat
2332 3029 2523 3098 Daub,

227 3110 300 3164 de
329 3108 484 3164 Suid.
513 3109 553 3167 1.
581 3127 628 3165 ο.
736 3116 772 3165 4
807 3105 883 3174 ῶς
911 3142 980 3152 -
1008 3111 1138 3166 exit.
1166 3128 1275 3166 om.
1305 3110 1458 3166 Eud.
1524 3109 1605 3166 Of.
1644 3111 1848 3165 Athen.
1886 3109 1964 3164 XI
1999 3130 2055 3182 Ρ.
2091 3116 2215 3180 469,
2252 3115 2377 3178 479,
2417 3115 2521 3166 500

374 3188 586 3245 CCLVI
622 3191 775 3248 Eud.
813 3211 867 3262 p.
905 3197 1028 3261 28⁷,
1065 3208 1208 3261 quae
1244 3208 1354 3247 om.
1392 3187 1711 3255 παιδεύσας
1739 3221 1806 3231 —-
1838 3186 2099 3264 Ἀθήναις
2242 3197 2273 3247 7
2311 3193 2523 3262 δημαρ-

228 3265 392 3340 χικὸν
428 3270 522 3325 vel
558 3266 940 3341 δημαρχικούς
973 3272 1192 3328 mavult
1228 3274 1502 3328 Kmterm
1644 3278 1679 3326 8
1714 3272 2141 3343 πολεμαρχικῶν
2179 3276 2226 3324 A

375 3347 615 3404 CCLVII
659 3349 1062 3421 Hieronymus·
1077 3350 1345 3419 Sophron.
1367 3368 1432 3407 ὀ.
1475 3358 1594 3406 114.
1668 3351 1932 3422 Hesychii
1975 3351 2152 3408 vitam
2200 3368 2323 3408 esse
2358 3351 2534 3408 docui

227 3429 371 3486 Mus.
413 3429 586 3485 Rhen.
626 3427 834 3483 XXXV
870 3447 922 3498 p.
953 3435 1060 3483 200
1204 3435 1273 3484 10
1309 3433 1637 3502 Σαλαμίνης
1664 3436 1711 3485 A
1746 3435 2071 3502 Σαλαμῖνος
2106 3427 2530 3503 υω19.Κύπρου

233 3511 562 3579 Σαλαμίνης
599 3503 780 3564 ἐπισκ.
820 3508 985 3578 Soph.
1096 3514 1163 3563 14
1198 3513 1482 3578 περίεστιν
1519 3530 1650 3581 αχρι
1685 3512 1857 3566 τοῦδε
1895 3512 1993 3566 καὶ
2020 3509 2103 3596 ἐν
2128 3509 2343 3588 ἐσχάτῳ
2380 3510 2526 3588 γήρα

231 3592 463 3666 ποικίλα
502 3586 795 3644 συντάττει
831 3587 1238 3660 συγγράμματα
1276 3590 1441 3660 Soph.

379 3668 642 3724 CCLVIII
680 3665 831 3725 Eud.
871 3688 924 3739 Ρ.
965 3676 1070 3727 290
1235 3677 1301 3726 15
1343 3667 1619 3742 Τιτύρρου
1656 3677 1703 3726 A
1752 3670 2006 3744 Χιμάρου
2043 3671 2377 3742 Bernhardy
2412 3691 2524 3742 χει·

237 3747 455 3822 μάρρου
493 3755 538 3802 A
579 3745 854 3825 χειμάρου
890 3750 963 3808 al.
1108 3753 1355 3820 Σηκίδος
1391 3751 1535 3807 coni.
1572 3751 1903 3822 Bernhardy
1949 3753 2162 3814 σικίδος
2206 3751 2338 3807 libri
2421 3785 2429 3794 ·
2490 3745 2526 3820 ἢ

233 3826 498 3900 Χιμάρου
538 3861 604 3876 ..-
643 3833 1035 3903 Σηκίδοςιοω.
1073 3831 1226 3887 Eud.
1282 3832 1375 3888 cf.
1417 3832 1609 3900 Sfieph.
1648 3831 1775 3901 Byz.
1813 3851 1864 3888 v.
1903 3829 2158 3899 Κραστός
2276 3840 2341 3888 16
2378 3836 2527 3902 Κρα-

237 3911 372 3966 ovo&
401 3911 600 3980 scripsi
626 3928 752 3966 cum
783 3912 973 3982 Steph.
993 3913 1122 3980 Byz.
1143 3931 1198 3982 p.
1220 3919 1340 3982 382,
1367 3919 1449 3982 13,
1479 3929 1590 3982 quo
1619 3913 1687 3966 de
1718 3917 1841 3967 loco
1870 3913 1939 3970 cf.
1958 3911 2175 3983 Rohde,
2194 3912 2335 3968 Mus,
2353 3915 2528 3968 Rhen.

234 3990 468 4047 XXXIV
497 4010 550 4061 p.
573 3997 675 4046 569
705 3987 963 4061 Κράστου
991 3992 1136 4061 vuly.
1239 3992 1432 4047 κανῶν
1458 4008 1563 4062 pro
1599 3995 1725 4048 Σικ.
1755 3997 1945 4048 und.
1974 3993 2128 4047 Eud.
2254 3999 2321 4048 18
2356 3989 2454 4065 ηβ’
2482 3999 2529 4046 V

237 4067 340 4144 μβ’
384 4087 523 4126 corr.
562 4071 761 4142 Beryk.
799 4069 920 4128 rell.
959 4088 1100 4126 com.
1139 4071 1238 4127 att.
1276 4089 1331 4145 p.
1366 4078 1465 4127 149
1503 4067 1599 4143 νβ’
1636 4074 1783 4143 vulg.
1825 4067 1880 4126 δ’
1913 4067 2236 4137 Ἑλικώνιος
2278 4090 2381 4144 pro
2463 4071 2527 4128 δὲ

234 4147 439 4206 Λύκων
477 4151 618 4206 coni.
657 4151 874 4219 Rohde,
914 4150 1064 4220 quod
1095 4151 1439 4222 improbavit
1465 4153 1664 4221 Daub,
1700 4152 1770 4206 de
1801 4151 1954 4206 said.
1984 4171 2037 4222 p.
2069 4158 2174 4207 470
2199 4153 2317 4207 not.
2347 4157 2417 4207 55
2453 4147 2529 4215 ὥς

235 4229 300 4286 δὲ
339 4225 544 4286 Λύκων
577 4261 640 4270 -
671 4231 804 4287 exst.
834 4248 942 4286 om.
970 4231 1122 4287 Eud.
1233 4238 1304 4287 20
1339 4225 1412 4302 ἦν
1451 4230 1514 4288 δὲ
1556 4233 1669 4286 τῶν
1704 4229 1812 4302 πρὸ
1851 4232 1963 4286 τῶν
2000 4234 2072 4284 Π.
2101 4236 2148 4285 A
2264 4237 2332 4287 22
2370 4227 2531 4288 Μύλ-

231 4316 328 4375 λος
363 4329 506 4367 corr.
538 4312 788 4368 Meimke
825 4313 849 4366 Ι
885 4330 941 4381 Ρ.
971 4318 1038 4367 26
1076 4313 1274 4374 Μῦλος
1307 4317 1354 4366 A
1391 4308 1587 4375 Μύλας
1622 4313 1767 4382 vuly.
1824 4309 2061 4367 Enetem
2096 4314 2155 4366 et
2180 4312 2529 4369 Euxenidem

231 4395 458 4467 praeter
500 4393 729 4448 Suidam
771 4394 1051 4449 neminem
1088 4409 1552 4450 commemorasse
1589 4393 1735 4450 vidit
1772 4394 2024 4451 Meimlce
2059 4393 2096 4447 1.
2127 4410 2175 4452 0.

2030 4482 2105 4538 5*
