3025 4892
495 213 533 274 8
1422 206 1849 263 HESYCHIUS.

674 375 842 440 XXI.
900 369 1202 459 ’Ἀκρων
1253 368 1765 455 Ἀκραγαντῖνος
1802 367 2058 457 ἰατρός,
2096 367 2243 447 υίὸς
2268 367 2803 454 Ξένωνος,-ἐσο-

495 485 850 567 φίστευσεν
898 480 972 545 ἐν
1017 491 1162 556 ταῖς
1202 474 1520 562 Ἀθήναις
1555 477 1689 561 ἅμα
1730 471 2183 562 Ἐμπεδοκλεῖ·
2233 479 2413 542 ἔστιν
2461 464 2588 540 οὖν
2636 496 2803 560 πρε-

496 586 816 672 σβύτερος
863 581 1356 670 Ἱπποκράτους.
1445 587 1695 667 ἔγραψε
1752 582 1903 667 περὶ
1964 585 2263 668 ἰατρικῆς
2322 583 2586 668 Δωρίδι
2650 583 2807 646 δια-

498 696 731 783 λέκτῳ,
786 691 936 777 περὶ
990 692 1244 777 τροφῆς
1298 685 1618 773 ὑγιεινῶν
1665 692 1929 773 βιβλίον
1966 685 2046 754 α’.
2131 691 2268 754 ἔστι
2316 686 2389 754 δὲ
2435 687 2546 753 καὶ
2594 676 2805 764 οὗτος

445 826 469 863 5
497 803 657 875 τῶν,
687 825 840 867 τινα
892 795 1235 881 πνεύματα
1290 794 1868 881 σημειωσαμένων.
1975 798 2097 878 [εἰς
2161 797 2406 862 τοῦτον
2482 795 2807 878 ἐποίησεν

495 906 937 992 Ἐμπεδοκλῆς
989 898 1410 970 τωθαστικὸν
1471 901 1848 988 ἐπίγραμμα
1886 897 1936 972 ,“
1954 897 2165 986 ἄκρον
2226 896 2461 985 ἰατρὸν
2500 897 2803 986 ’Ἄκρων’

493 1013 1038 1100 Ἀκραγαντῖνον,
1081 1006 1333 1095 πατρὸς
1378 1005 1613 1093 ἄκρου,
1658 1005 1930 1094 κρύπτει
1975 1005 2273 1094 κρημνὸς
2318 1004 2521 1091 ἄκρος
2564 1010 2809 1090 πατρί-

502 1125 619 1200 δος
662 1113 1090 1205 ἄκροτάτης”.
1180 1112 1356 1192 τινὲς
1402 1112 1478 1180 δὲ
1521 1110 1645 1181 τόν
1692 1111 2009 1197 δεύτερον
2057 1117 2287 1199 στίχον
2325 1111 2499 1180 οὕτω
2546 1114 2809 1199 προφέ-

502 1252 736 1314 ρονται
777 1220 1194 1309 “οἰκροτοῖτης
1250 1223 1556 1307 κορυφῆς
1608 1218 1861 1306 τύμβος
1918 1217 2123 1304 ἄκρος
2176 1217 2505 1307 κατέχει”.
2597 1217 2809 1286 τοῦτό

430 1357 480 1395 10
507 1359 684 1412 τινες
730 1331 1125 1416 Σιμωνίδου
1172 1327 1381 1414 φασὶν
1429 1323 1649 1409 εἷναι.]

681 1438 889 1506 XXII.
983 1433 1304 1512 Ἀκύλας
1367 1431 1770 1519 φιλόσοφος,
1844 1431 2078 1519 σχόλια
2152 1430 2387 1520 λογικὰ
2452 1430 2817 1520 γεγραφὼς
2876 1517 2885 1528 .

505 1546 656 1632 περὶ
704 1545 1189 1627 συλλογισμῶν.

683 1650 920 1716 ΧΧΙΙΙ.
990 1646 1311 1726 Ἀκύλας
1342 1699 1356 1713 .
1387 1698 1400 1712 .
1430 1698 1446 1714 .
1483 1644 1945 1734 γραμματικὸς,
1976 1648 2086 1714 καὶ
2133 1646 2451 1733 μουσικός
2480 1700 2493 1714 .
2524 1701 2537 1714 .
2568 1701 2581 1714 .

684 1757 921 1824 XXIV.
1000 1752 1508 1837 Ἀλέξανδρος
1572 1756 1883 1839 Αἰγαῖος,
1951 1752 2329 1841 φιλόσοφος
2390 1776 2821 1841 περιπατητι-

429 1893 479 1931 15
507 1864 653 1947 κός,
710 1860 1110 1940 διδάσκαλος
1163 1861 1484 1946 Νέρωνος
1536 1862 1658 1925 τοῦ
1712 1861 2033 1945 βασιλέως
2078 1859 2225 1948 ,ἅμα
2280 1860 2657 1947 Χαιρήμονι
2711 1865 2815 1951 τῷ
2910 1851 2920 1856 ’
2995 1907 2997 1914 ·

504 1968 876 2060 φιλοσόφῳ.
966 1964 1122 2035 υἱόν
1170 1965 1245 2033 δὲ
1293 1970 1440 2052 ἔσχε
1477 1970 1768 2033 Καίλιον
1816 1963 2048 2052 ὄνομα.
2144 1958 2369 2054 [οὗτος
2420 1967 2634 2036 ἐκάλει
2682 1966 2817 2035 τὸν

509 2079 798 2165 Νέρωνα
860 2071 1075 2159 πηλὸν
1145 2076 1369 2160 αἵματι
1432 2073 1883 2160 πεφυρμένον.
1989 2077 2212 2142 κακῶν
2286 2078 2643 2162 μαθητῶν,
2717 2072 2820 2153 ῶς

511 2182 724 2270 οἶμαι,
771 2186 1077 2259 κακίονες
1119 2183 1189 2248 οἱ
1231 2181 1650 2247 διδάσκαλοι·
1701 2176 1976 2265 διδακτὴ
2013 2178 2143 2266 γὰρ
2183 2178 2417 2267 ἀρετή,
2463 2182 2573 2248 καὶ
2609 2187 2818 2248 κακία

509 2287 808 2375 ἄσκητή.]
903 2292 1039 2354 ἔστι
1095 2285 1170 2353 δὲ
1232 2286 1342 2353 καὶ
1408 2287 1630 2371 ἕτερος
1685 2283 2201 2370 Ἀλέξανδρος
2258 2285 2823 2376 Ἀφροδισιεὺς

431 2424 484 2463 20
511 2393 917 2482 φιλόσοφος,
973 2395 1083 2461 καὶ
1149 2391 1350 2472 ἄλλος
1407 2387 1441 2459 ὁ
1497 2396 1975 2478 Νουμηνίου
2030 2392 2381 2481 σοφιστής,
2446 2393 2558 2460 καὶ
2612 2392 2823 2475 ἄλλος

513 2501 918 2580 Κλαύδιος
972 2505 1376 2588 χρηματίσας
1421 2497 1773 2586 σοφιστής,
1827 2498 1938 2566 καὶ
1995 2501 2214 2587 ἕτερος
2259 2498 2294 2567 ὁ
2344 2505 2822 2580 Κασίλωνος

514 2607 864 2695 σοφιστής,
911 2605 1204 2692 ἀδελφὸς
1249 2604 1587 2691 Εὐσεβίου
1630 2609 1753 2672 τοῦ
1789 2609 2149 2692 σοφιστοῦ,
2192 2605 2497 2693 μαθητὴς
2542 2607 2617 2675 δὲ
2647 2605 2819 2676 Ἰου-

513 2716 787 2798 λιανοῦ,
863 2713 974 2780 καὶ
1012 2711 1249 2800 ζᾶλλος
1314 2708 1824 2798 Ἀλέξανδρος
1900 2708 2340 2798 Ἀλεξάνδρου
2424 2716 2818 2802 δικηγόρου,

515 2823 710 2902 Κίλιξ
757 2818 1155 2904 Σελευκεύς,
1203 2817 1557 2904 σοφιστής,
1606 2813 1680 2897 ὃς
1724 2819 2055 2905 ἐπεκλήθη
2104 2819 2580 2905 Πηλοπλάτων.

438 2955 490 2994 25
693 2927 897 2995 XXV.
983 2923 1498 3011 Ἀλέξανδρος
1561 2922 1860 3003 Αἰτωλὸς
1936 2927 2007 2992 ἐκ
2071 2924 2325 3006 πόλεως
2387 2932 2822 3016 Πλευρῶνος,

658 3158 785 3212 XXI
823 3158 972 3212 Eud.
1012 3174 1065 3225 p.
1105 3162 1190 3212 83.
1248 3154 1328 3210 Of.
1370 3156 1531 3226 Diog.
1562 3155 1717 3224 VIII,
1748 3161 1815 3210 65
1941 3162 1967 3209 1
2010 3152 2409 3224 ἔσοφίστενσεν
2448 3160 2507 3212 et
2543 3164 2665 3220 ταῖς
2702 3175 2819 3213 om.

518 3240 669 3294 Eud.
844 3243 875 3292 5
924 3235 1005 3298 εἰς
1043 3269 1108 3276 -
1145 3238 1274 3292 exit.
1323 3236 1553 3291 Suidam
1600 3255 1630 3292 e
1668 3235 1920 3305 Diogene
1969 3236 2192 3291 Laertio
2241 3237 2601 3307 descripsisse
2648 3238 2820 3293 docui

518 3319 678 3373 Unsss.
709 3336 760 3386 p.
793 3323 886 3386 61,
924 3315 1063 3371 Mus.
1103 3317 1277 3370 Rhen.
1315 3316 1353 3370 l.
1393 3333 1441 3371 c.
1468 3335 1526 3386 p.
1555 3323 1695 3388 202;ι
1722 3317 2070 3387 epigramma
2107 3317 2401 3387 descripsit
2441 3317 2818 3372 Pseudo-Hes,
2912 3388 2925 3403 ι

521 3415 567 3452 c.
609 3404 674 3452 31

663 3477 817 3530 XXII
854 3477 1003 3530 Eud.
1043 3494 1096 3544 p.
1137 3482 1220 3531 96.
1297 3475 1376 3530 Cf.
1419 3475 1661 3543 Teuffel,
1698 3477 1806 3532 Lit.
1846 3477 1911 3530 R.
1949 3483 1979 3541 ἓ
2015 3484 2139 3546 374,
2179 3485 2210 3532 6
2357 3484 2418 3531 11
2464 3475 2675 3547 ἔγραψε
2714 3496 2821 3547 pro

520 3553 816 3627 γεγραφώς
852 3557 1001 3610 Eud.
1040 3573 1113 3610 an
1151 3552 1344 3624 σχόλια
1381 3550 1579 3623 λογικά
1617 3555 1730 3624 (vel
1764 3551 2028 3626 λογικά·),
2067 3557 2196 3625 περὶ
2233 3560 2447 3626 συλλογ.
2483 3575 2590 3613 om.
2620 3577 2823 3628 γεγρα-

521 3633 678 3707 ‹pessi›
745 3637 853 3691 Sed
891 3636 960 3690 cf.
994 3655 1041 3690 v.
1068 3631 1232 3706 ’Ἄβας

664 3717 847 3773 XXIII
893 3715 1073 3770 vitam
1111 3732 1219 3772 om.
1266 3715 1540 3770 Westerm.
1617 3715 1696 3771 cf.
1736 3715 1887 3770 Eud.
1928 3735 1979 3784 p.
2024 3721 2125 3771 106
2309 3722 2374 3770 13
2420 3716 2519 3770 καὶ
2559 3715 2825 3786 praebuit

522 3799 674 3854 Eud.
713 3814 821 3852 om.
861 3797 1072 3852 Suidae
1108 3797 1242 3851 libri

664 3875 848 3932 XXIV
903 3877 1056 3931 Eud.
1111 3895 1164 3946 p.
1213 3883 1308 3946 96,
1365 3875 1521 3930 cuius
1578 3876 1849 3930 articulus
1904 3878 2238 3932 terminatur
2292 3877 2477 3932 verbis
2534 3898 2579 3932 τ.
2638 3882 2821 3945 φιλοσ.

526 3966 592 4014 16
630 3960 999 4026 Καίλινονᾼ,
1047 3956 1198 4024 quod
1235 3957 1529 4011 Καικίλιον
1576 3973 1696 4011 esse
1742 3958 2053 4026 suspicassus
2092 3960 2177 4012 esf,
2219 3958 2552 4028 Bernhardy
2658 3948 2825 4020 οὗτος

524 4056 638 4107 seq.
677 4039 751 4092 ab
788 4035 1068 4106 Hesychio
1108 4034 1295 4092 aliena
1331 4052 1453 4090 esse
1490 4035 1767 4092 videntur.
1809 4039 1961 4092 Idem
2000 4038 2067 4092 de
2097 4037 2323 4091 Tiberio
2360 4037 2573 4091 dictum
2612 4038 2712 4091 alii
2748 4039 2825 4091 ad

523 4118 878 4173 Theodorum
917 4115 1269 4170 Gadarenum
1308 4116 1582 4171 referunt:
1631 4118 1699 4172 cf.
1738 4119 2096 4173 casaubonus
2132 4118 2205 4172 ad
2244 4117 2468 4173 Suesson.
2509 4118 2688 4174 Tiber.
2728 4123 2821 4174 57.

525 4205 594 4252 23
633 4197 716 4250 De
754 4198 860 4251 hoc
899 4196 1216 4251 Alexandro
1254 4197 1374 4266 egit.
1409 4195 1737 4252 Philostrass.
1766 4197 1877 4251 Vit.
1910 4197 1978 4264 II,
2015 4203 2047 4250 5

664 4277 820 4331 XXV
856 4276 1006 4331 Eud.
1045 4295 1099 4346 p.
1142 4283 1259 4332 106.
1325 4277 1557 4332 Tractat
1590 4276 1879 4345 Welcker,
1919 4277 2009 4331 Gr.
2050 4277 2215 4346 Trag.
2256 4295 2308 4346 p.
2351 4283 2487 4332 1263
2644 4283 2711 4332 25
2756 4273 2823 4332 ἐκ

527 4357 863 4424 Πλευρῶνος
901 4357 1052 4411 Eud.
1495 4388 1500 4393 ·
2206 4353 2219 4368 ⁶
