3025 4892
1083 231 1652 288 PROLEGOMENA.
2382 231 2513 286 XIII

216 417 369 483 cum
418 393 650 460 Suidas
687 395 1089 481 Hesychium
1136 397 1480 480 scriptores
1519 393 1989 461 ecclesiasticos
2034 395 2295 460 silentio
2331 377 2515 478 prae:

209 502 468 566 teriisse
535 503 930 587 exposuerit,
992 503 1120 568 hoc
1187 525 1382 587 quam
1447 503 1665 586 inepte
1732 501 1975 566 dictum
2040 501 2128 566 sit
2189 501 2511 566 illustravi

210 607 380 674 Mus.
425 607 632 674 Rhen.
679 610 720 672 l.
769 632 824 674 c.
868 633 928 694 p.
973 611 1096 675 199
1153 614 1218 674 et
1271 611 1358 674 ib.
1402 608 1684 674 XXXVI
1729 632 1791 693 p.
1836 609 1968 674 624
2008 629 2167 692 seq.,
2222 608 2315 696 ad
2350 629 2512 692 quae

210 735 386 780 nunc
449 737 658 798 pauca
721 716 954 782 addere
1013 717 1236 800 liceat,
1294 719 1639 800 postquam
1700 714 1948 800 perlegi
2008 715 2078 780 C.
2123 713 2187 778 N
2190 715 2512 798 eumanni,

209 819 452 885 Iuliani
505 821 582 888 fr.
629 822 982 888 editionem
1025 820 1230 908 (Lips.
1283 820 1510 908 1880),
1566 822 1865 907 inprimis
1910 844 1973 906 p.
2020 821 2117 886 30·
2152 824 2285 885 not.
2374 819 2511 885 Eos

213 927 389 991 enim
435 931 728 996 auctores
776 930 1168 996 christianos
1225 930 1374 995 inde
1431 929 1794 1012 suspicatus
1852 951 1996 994 sum
2052 928 2133 992 ab
2179 926 2512 1012 Hesychio

212 1034 284 1096 in
329 1032 880 1122 Onomatologum
925 1040 1216 1120 receptos
1263 1036 1491 1119 fuisse,
1540 1035 1651 1119 qui
1696 1034 1933 1099 litteris
1970 1034 2231 1100 Graecis
2277 1034 2511 1098 imbuti

215 1141 566 1226 eademque
615 1143 691 1206 de
739 1165 935 1208 causa
980 1141 1234 1207 Iuliano
1273 1142 1653 1226 imperatori
1691 1141 1974 1206 maxime
2016 1140 2217 1206 invisi
2254 1140 2511 1220 fuerint,

213 1248 392 1312 velut
437 1248 861 1332 Apolinarius
907 1249 1351 1332 Laodicensis,
1397 1247 1749 1334 Gregorius
1795 1247 1974 1332 Naz.,
2020 1246 2303 1312 Basilius
2352 1244 2510 1310 Cae-

215 1356 558 1440 sareensis,
591 1354 917 1424 Diodorus
945 1355 1352 1438 Tharsensis,
1389 1355 1467 1420 de
1506 1377 1635 1439 quo
1673 1357 2009 1438 praeterea
2046 1353 2124 1417 cf.
2152 1351 2513 1436 Facundus,

223 1461 348 1526 def.
394 1465 476 1526 tr.
521 1463 787 1548 capitul.
833 1464 902 1546 4,
949 1465 1010 1527 2.

395 1567 811 1652 Epitomator
857 1573 1090 1654 autem,
1137 1569 1214 1633 de
1261 1569 1444 1637 cuius
1490 1569 1629 1632 vita
1676 1571 1741 1632 et
1786 1568 2047 1632 nomine
2093 1567 2187 1630 nil
2224 1587 2511 1650 comper-
2559 1585 2598 1663 g
2637 1583 2678 1645 3

212 1677 356 1738 tum
419 1674 760 1758 habemus,
815 1678 881 1740 et
924 1675 1131 1761 ipsius
1186 1674 1499 1759 Hesychii
1555 1673 1795 1739 Milesii
1850 1674 2069 1738 vitam.
2107 1673 2313 1738 lexico
2370 1673 2505 1736 bio·

215 1780 528 1868 graphico
597 1783 872 1847 inseruit
935 1787 1001 1848 et
1067 1783 1340 1849 aliorum
1398 1785 1762 1866 auctorum,
1826 1783 1939 1866 qui
1993 1784 2144 1864 post
2198 1779 2507 1862 Hesychii

215 1892 497 1953 aetatem
541 1890 942 1974 claruerunt,
984 1889 1164 1955 velut
1201 1889 1595 1956 Simocattae
1634 1887 1791 1974 (nisi
1828 1889 2035 1972 ipsius
2082 1885 2314 1951 Suidae
2361 1885 2509 1968 est),

213 1995 492 2062 fortasse
535 1997 737 2060 etiam
775 1995 1042 2081 Georgii
1076 1995 1350 2078 Pisidae,
1386 1994 1701 2078 Paulique
1739 1995 2117 2080 Aeginetae,
2154 1990 2508 2056 Alexandri

215 2102 534 2167 Tralliani
581 2102 854 2190 (mortui
901 2125 958 2168 a.
998 2100 1158 2188 605)
1197 2101 1514 2186 aequalis,
1558 2099 1893 2164 Menandri
1930 2097 2331 2164 Protectoris
2374 2095 2511 2182 alst)

215 2209 355 2274 Nec
402 2210 688 2294 dubium,
741 2211 896 2294 quin
941 2211 1101 2275 haec
1146 2207 1463 2291 Hesychii
1509 2206 1791 2300 epitome
1838 2205 2325 2291 insequentibus
2376 2225 2509 2269 sae·

215 2317 381 2382 culis
437 2318 724 2383 omnium
779 2317 913 2381 fere
969 2317 1038 2380 in
1099 2314 1397 2379 manibus
1443 2313 1668 2397 fuerit,
1727 2312 2266 2397 quemadmodum
2312 2311 2511 2396 paulo

215 2427 370 2488 ante
416 2425 558 2509 ipse
603 2423 1120 2506 Onomatologus
1167 2443 1422 2486 summo
1469 2422 1537 2486 in
1584 2421 1829 2485 honore
1875 2420 2114 2498 fuerat,
2168 2419 2336 2483 unde
2381 2438 2513 2482 non

216 2531 412 2595 modo
460 2553 684 2596 omnes
731 2531 809 2595 de
855 2531 1070 2615 poetis
1107 2528 1375 2594 Graecis
1421 2528 1649 2613 iisque,
1697 2528 1809 2613 qui
1844 2549 2041 2611 prosa
2077 2525 2373 2591 oratione
2410 2525 2512 2589 usi

215 2642 390 2721 sunt,
434 2637 806 2704 auctoribus
849 2661 1036 2702 suam
1071 2637 1484 2721 acquirerent
1521 2635 1899 2715 doctrinam,
1947 2634 2059 2700 sed
2096 2633 2295 2698 etiam
2334 2630 2513 2696 scho-

215 2745 452 2810 liastae
514 2745 972 2831 biographicas
1039 2761 1170 2828 res,
1235 2744 1468 2828 quibus
1531 2765 1838 2808 exornare
1896 2742 2196 2808 solebant
2250 2739 2513 2818 scholia,

217 2851 662 2935 compilarent.
753 2850 1031 2916 Periisse
1087 2853 1306 2916 autem
1361 2849 1531 2915 hanc
1590 2849 1917 2935 epitomen
1970 2847 2347 2914 duodecimo
2408 2847 2513 2912 de-

213 2981 397 3022 mum
437 2959 693 3024 saeculo
721 2961 878 3044 post
903 2957 1231 3024 Eudociae
1271 2962 1338 3022 et
1373 2961 1525 3022 ante
1553 2957 1875 3041 Zonarae,
1911 2957 2021 3041 qui
2058 2956 2313 3038 dicitur,
2352 2959 2512 3019 tem-

215 3086 381 3149 pora
428 3066 616 3131 docui
662 3063 922 3131 UnterS.
962 3089 1021 3150 p.
1051 3065 1138 3130 93
1187 3070 1254 3130 et
1298 3064 1571 3148 praefat.
1617 3062 1903 3147 Hesych.
1949 3086 2011 3147 p.
2039 3061 2161 3146 XI,
2212 3083 2337 3146 quo
2384 3062 2512 3126 fac·

220 3176 364 3236 tum
419 3176 519 3238 est
527 3223 545 3256 ,
598 3176 674 3237 ut
727 3195 878 3238 mox
932 3176 1246 3257 tanquam
1292 3175 1528 3236 iterata
1574 3172 1659 3235 sit
1704 3193 1744 3235 a
1788 3169 2167 3236 tenebrione
2212 3169 2357 3253 illo,
2403 3167 2513 3253 qui

217 3277 454 3344 Suidae
491 3279 936 3364 Diogenisque
973 3277 1218 3344 Laertii
1263 3278 1546 3343 vitarum
1582 3277 1863 3342 frustula
1898 3277 2323 3361 neglegenter
2359 3297 2508 3341 con-

213 3386 582 3452 taminavit.
663 3385 848 3462 Quod
895 3386 1276 3471 opusculum
1324 3385 1571 3449 frustra
1615 3383 1882 3468 genuini
1918 3381 2227 3466 Hesychii
2276 3404 2513 3447 nomen

213 3493 708 3577 doctrinamque
745 3495 988 3558 iactare
1016 3494 1262 3576 primus
1290 3495 1615 3578 sagaciter
1640 3490 1970 3575 perspexit
2004 3490 2317 3574 Lehrsius',
2347 3487 2513 3554 Mus,

213 3600 423 3665 Rhen.
467 3600 660 3665 XVII
723 3625 784 3684 p.
823 3600 955 3665 453
1023 3597 1494 3687 (Pindarschol.
1559 3623 1620 3684 p.
1670 3597 1855 3684 159),
1920 3599 2023 3663 cui
2072 3618 2315 3663 *omnes
2378 3597 2513 3661 fere

215 3710 449 3792 postea
495 3706 876 3792 adstipulati
932 3711 1084 3771 sunt
1131 3710 1392 3790 praeter
1429 3705 1865 3772 Schneiderum
1912 3702 2197 3790 (Gallim.
2235 3704 2299 3768 ΙΙ
2335 3726 2395 3787 p.
2426 3705 2513 3766 24

213 3814 382 3898 not.)
391 3865 410 3898 ,
454 3816 565 3900 qui
611 3815 1004 3879 contrariam
1049 3816 1272 3878 tuetur
1317 3813 1716 3897 opinionem3
1766 3812 2037 3877 eundem
2084 3832 2334 3876 errasse
2381 3809 2511 3874 dixi

216 3920 424 4004 praef.
459 3919 742 4006 Hesych.
775 3945 838 4006 p.
871 3919 1018 3986 XII.

369 4079 419 4146 1)
466 4079 744 4149 Agathiae
789 4094 1035 4148 quoque,
1081 4077 1235 4132 Petri
1280 4076 1565 4146 Magistri,
1612 4077 1899 4133 Laurentii
1944 4075 2088 4146 Lydi
2134 4075 2278 4132 vitas
2322 4074 2511 4147 potius

215 4159 608 4230 epitomatoris
642 4157 760 4213 esse
789 4160 883 4214 vix
910 4157 1280 4229 probabiliter
1307 4157 1621 4226 suspicatus
1652 4162 1736 4213 est
1769 4158 1949 4225 Daub,
1981 4157 2139 4212 Stud.
2160 4177 2214 4228 p.
2240 4165 2359 4228 152,
2396 4157 2511 4212 Me-

211 4239 422 4296 nandri
456 4239 632 4294 vitam
671 4257 796 4292 cum
834 4238 1066 4293 Rohdeo
1105 4237 1175 4291 ad
1215 4235 1444 4292 Suidam
1483 4238 1727 4293 referens
1754 4236 1828 4292 ib.
1858 4256 1911 4308 p.
1947 4244 2065 4294 129.
2098 4271 2163 4278 —
2203 4239 2417 4294 Exilem
2455 4241 2512 4293 et

212 4337 476 4376 mancam
516 4318 681 4374 Pauli
716 4318 1026 4388 Aeginetae
1065 4316 1518 4387 Simocattaeque
1557 4317 1882 4372 memoriam
1929 4317 2041 4388 ipsi
2078 4319 2283 4373 Suidae
2320 4318 2510 4375 deberi

209 4407 373 4458 ratus
413 4405 498 4456 est
536 4399 858 4465 Schneider,
895 4398 1112 4453 Gallim.
1147 4399 1197 4451 II
1235 4417 1289 4467 p.
1321 4405 1405 4454 27.
