3025 4892
1100 248 1523 305 HESYCHIUS.
2325 245 2447 307 131

189 406 379 476 αὐτὸν
441 416 824 495 βλασφημεῖ
885 406 1004 476 τὸν
1062 407 1356 496 Χριστὸν
1418 406 1454 477 ὁ
1512 413 1907 495 παμμίαρος.
2010 404 2115 472 διὸ
2174 406 2284 471 καὶ
2339 408 2453 489 τῆς

188 513 406 601 λύττης
456 518 694 595 ποινὰς
746 514 1082 604 ἀρκούσας
1137 518 1210 583 ἐν
1256 518 1348 603 τῶ
1395 514 1680 602 παρόντι
1728 516 2056 597 δέδωκεν,
2117 514 2189 578 ἐν
2241 510 2315 578 δὲ
2360 516 2449 601 τῷ

186 624 470 707 μέλλοντι
529 622 947 711 κληρονόμος
1000 626 1121 690 τοῦ
1178 626 1461 690 αἰωνίου
1516 618 1727 709 πυρὸς
1782 616 1941 706 μετὰ
1996 621 2118 686 τοῦ
2175 622 2450 685 Σατανᾶ

183 727 554 815 γενήσεται]

347 835 914 904 OOOOLXXXIX.
1009 835 1542 923 Λούπερκος
1596 833 1928 922 Βηρύτιος
1982 828 2506 919 γραμματικός,5

185 941 460 1027 γεγονῶς
516 947 726 1033 μικρῷ
782 941 910 1031 πρὸ
967 946 1102 1010 τῶν
1158 946 1508 1010 Κλαυδίου
1564 944 1686 1009 τοῦ
1744 941 2061 1027 δευτέρου
2113 943 2456 1023 Καίσαρος

184 1049 450 1135 χρὸνῖον.
545 1056 790 1137 ἔγραψε
844 1051 992 1138 περὶ
1048 1053 1171 1117 τοῦ
1227 1048 1311 1116 ἄν
1368 1046 1462 1135 γ’,
1521 1049 1668 1136 περὶ
1715 1051 1836 1115 τοῦ
1882 1045 2087 1128 ταῶς,
2145 1044 2294 1132 περὶ
2340 1047 2457 1129 τῆς

182 1162 468 1243 καρίδος,
527 1158 678 1245 περὶ
736 1160 858 1225 τοῦ
915 1155 1094 1245 παρὰ
1149 1155 1465 1224 Πλάτωνι
1525 1152 1995 1241 ἀλεκτρυόνος,
2061 1157 2276 1219 κτίσιν
2333 1154 2455 1217 τοῦ

184 1264 249 1329 ἐν
300 1266 612 1355 Αἰγύπτῳ
653 1262 1124 1351 Ἀρσινοήτου,
1166 1261 1458 1342 Ἀττικὰς
1503 1264 1739 1345 λέξεις,
1800 1261 2040 1347 τέχνην
2094 1282 2454 1345 γραμματι-

181 1369 327 1455 κήν,
397 1371 548 1459 περὶ
614 1376 831 1456 γενῶν
898 1369 1270 1458 ἀρρενικῶν
1323 1369 1448 1436 -καὶ
1511 1372 1833 1456 θηλυκῶν
1900 1366 2010 1433 καὶ
2075 1362 2452 1451 οὐδετέρων
2486 1390 2562 1429 ιο.

181 1481 392 1561 βιβλία
439 1477 557 1565 ιγ’,
605 1480 680 1545 ἐν
727 1472 827 1557 οἷς
871 1476 1082 1545 πολλὰ
1128 1481 1595 1562 κατευδοκιμεῖ
1628 1472 2071 1559 Ἡρωδιανοῦ.

341 1594 688 1662 CCGGXG.
777 1591 1133 1679 Λυγκεὺς
1179 1592 1439 1680 Σάμιος
1483 1587 1960 1678 γραμματικός,
2018 1586 2459 1674 Θεοφράστου

176 1699 530 1787 γνώριμος,
605 1698 900 1785 ἀδελφὸς
965 1698 1308 1783 Δούριδος
1375 1701 1496 1766 τοῦ
1566 1695 2093 1784 ἱστοριογράφου
2156 1703 2278 1761 τοῦ
2340 1693 2459 1782 ,καὶ

175 1806 706 1892 τυραννήσαντος
764 1806 1036 1893 Σάμου,
1097 1805 1469 1894 σύγχρονος
1536 1804 1639 1889 [δὲ
1698 1806 1975 1891 γέγονεν
2034 1799 2069 1869 ὁ
2129 1797 2458 1886 Λυγκεὺς]

178 1913 582 2001 Μενάνδρου
645 1917 766 1981 τοῦ
821 1916 1134 1999 κωμικοῦ.
1232 1912 1340 1978 καὶ
1391 1908 1888 1990 άντεπεδείξατο
1942 1911 2292 1999 κωμῳδίας
2348 1906 2459 1974 καὶ
2493 1932 2541 1971 15

179 2021 446 2107 ἐνίκησε.

344 2135 728 2204 CCCCXCI.
802 2133 1058 2216 Λύκος
1104 2132 1138 2203 ὃ
1191 2134 1301 2203 καὶ
1340 2133 1727 2221 Βουθήρας,
1764 2130 2069 2220 Ῥηγῖνος
2109 2130 2463 2217 ἱστορικός,

172 2240 380 2331 πατὴρ
438 2242 884 2331 Λυκόφρονος
941 2246 1062 2311 τοῦ
1111 2240 1460 2330 τραγικοῦ,
1527 2242 1632 2310 ἐπὶ
1685 2246 1824 2309 τῶν
1880 2239 2218 2327 διαδόχων
2276 2266 2462 2325 γεγο-

175 2345 303 2427 νῶς
344 2350 454 2416 καὶ
503 2348 1010 2435 ἐπιβουλευθεὶς
1044 2345 1174 2415 ὑπὸ
1218 2353 1616 2436 Δημητρίου
1648 2352 1771 2417 τοῦ
1814 2348 2190 2435 Φαληρέως.
2266 2336 2461 2431 οὗτος

175 2459 457 2540 ἔγραψεν
507 2458 810 2542 ἱστορίαν
857 2454 1117 2541 Λιβύης
1160 2456 1270 2523 καὶ
1318 2455 1466 2541 περὶ
1514 2458 1841 2534 Σικελίας.
2490 2475 2545 2513 2⁰

345 2571 761 2639 CCCCXCII.
799 2574 1263 2657 Λυκοῦργος
1293 2570 1741 2659 Λυκόφρονος
1763 2567 2140 2656 Ἀθηναῖος,
2168 2566 2243 2636 τὸ
2268 2568 2461 2654 γένος

169 2676 710 2766 Ἐτεοβουτάδης,
778 2673 958 2765 (εἷς>
1025 2682 1160 2747 τῶν
1224 2676 1384 2764 μετὰ
1451 2678 1943 2763 Δημοσθένους
2008 2677 2459 2762 ἐγκριθέντων

175 2944 344 2999 etiam
387 2945 694 3001 scholiasta
731 2945 976 3001 Luciano
1023 2944 1336 3012 maledicit,
1385 2944 1477 2998 oui
1522 2944 1763 2999 fortasse
1808 2945 1979 2999 verba
2026 2944 2313 2999 debentur.
2380 2942 2463 2998 cf.

171 3026 484 3092 Nietzsche,
513 3026 652 3080 Mus,
676 3028 851 3083 Rhen.
873 3025 1054 3080 XXIV
1075 3044 1129 3094 p.
1153 3030 1255 3078 212
1277 3041 1391 3092 seq.
1417 3026 1475 3078 eia
1503 3042 1647 3093 quae
1679 3024 1795 3079 dixi
1822 3025 1896 3079 ib.
1919 3024 2126 3077 XXXV
2147 3042 2200 3092 p.
2222 3029 2324 3077 217
2348 3038 2462 3090 seq.

294 3103 775 3159 .ccchxxxlx
821 3107 971 3161 Eud.
1020 3124 1074 3175 p.
1115 3110 1234 3160 465.
1311 3102 1391 3157 of.
1430 3103 1749 3175 Mfi11e1111
1794 3124 1847 3175 p.
1890 3111 2018 3171 6623
2066 3102 2257 3173 Danb,
2306 3103 2463 3157 stud.

171 3206 223 3255 p.
267 3193 365 3240 112
541 3194 569 3239 7
618 3187 748 3253 περὶ
793 3188 893 3241 τοῦ
932 3180 1005 3240 ἂν
1043 3188 1361 3255 suspectum
1399 3185 1638 3239 Kustero
1682 3184 1814 3254 περὶ
1857 3185 1959 3239 τοῦ
2000 3179 2364 3252 Ἀντιφῶντος
2402 3179 2464 3236 ἔν

174 3266 250 3338 τῷ
288 3265 418 3333 περὶ
454 3266 606 3319 ταῶν
645 3268 732 3321 vel
774 3266 902 3336 περὶ
939 3266 1038 3320 τοῦ
1071 3260 1435 3332 Ἀντιφῶντος
1475 3266 1628 3318 ταῶν
1672 3266 1920 3335 Toupius
1968 3264 2092 3319 coll.
2134 3264 2462 3333 Harpocrat.

112 3416 121 3425 ο
171 3366 222 3401 v.
268 3341 636 3416 Πυριλάμπης
727 3351 790 3399 -8
827 3341 983 3415 παρὰ
1023 3363 1128 3399 0111.
1170 3350 1214 3396 V
1322 3346 1518 3413 κτῆσιν
1558 3346 1657 3399 τοῦ
1695 3351 1899 3399 ABVE
1936 3348 2078 3415 vuly.
2118 3345 2314 3411 κτῆσιν
2351 3343 2465 3396 τῶν

172 3426 323 3481 Eud.
462 3434 494 3479 9
530 3422 759 3480 Ἀττικαὶ
795 3425 972 3491 λέξεις
1008 3425 1154 3479 inter
1191 3424 1402 3479 Suidae
1437 3425 1621 3480 fontes
1658 3428 1918 3481 laudatae
2050 3430 2114 3479 10
2153 3419 2464 3491 ἄρσενικῶν

170 3509 316 3577 vuly.
355 3508 507 3561 Eud.
560 3501 871 3575 ἀρρενικῶν
910 3510 1009 3557 Av
1154 3504 1251 3559 καὶ
1289 3506 1418 3560 ante
1455 3511 1585 3576 θηλ.
1626 3508 1752 3561 add.
1793 3511 1893 3558 Av
1932 3523 2038 3559 om.
2078 3506 2177 3559 rel.

317 3586 586 3643 CCCCXC
627 3587 778 3642 Eud.
818 3605 871 3656 p.
913 3592 1031 3641 465.
1109 3586 1343 3639 Tractat
1379 3588 1582 3641 Miiller
1617 3588 1669 3640 II
1706 3606 1759 3657 p.
1791 3592 1911 3641 466.
1980 3583 2061 3639 Cf.
2090 3582 2293 3638 Athen.
2332 3582 2464 3635 VIII

172 3688 227 3737 p.
262 3673 382 3737 337,
429 3667 577 3721 unde
623 3667 800 3721 vitam
851 3664 1073 3719 fluxisse
1119 3665 1342 3733 putavit
1385 3667 1663 3722 Kusterus
1880 3672 1943 3719 13
1994 3660 2275 3732 Θούριδος
2318 3664 2464 3731 vuly.

174 3748 325 3803 Eud.
367 3742 646 3817 Δούριδος
686 3748 822 3803 Par.
862 3747 1108 3802 Kusteri.
1185 3746 1265 3800 Cf.
1315 3747 1524 3814 Δοῦρις
1706 3753 1774 3800 14
1820 3744 1883 3801 δὲ
1935 3745 2168 3814 γέγονεν
2216 3739 2245 3796 ὁ
2292 3747 2465 3809 Λνγκ.

175 3829 378 3883 rectius
420 3846 528 3884 om.
568 3829 717 3882 Eud.
833 3832 898 3881 15
935 3818 1065 3898 (ᾧ)
1101 3826 1198 3879 καὶ
1236 3822 1358 3884 ἀντ.
1396 3827 1569 3881 Βαιιϋ
1605 3827 1793 3881 nescio
1833 3844 1906 3879 an
1944 3824 2143 3879 melius

326 3906 626 3963 CCCCXCI
675 3908 826 3962 Eud.
875 3926 928 3976 p.
969 3913 1089 3961 467.
1187 3906 1267 3961 Cf.
1316 3925 1367 3963 v,
1405 3904 1741 3977 Λυκόφρων.
1837 3908 1916 3959 De
1966 3923 2031 3959 eo
2088 3904 2466 3979 v.M1‘iller·II

177 4010 232 4060 p.
271 3995 374 4043 370
523 3995 586 4043 17
625 3984 932 4057 Βουθύρας
969 3990 1026 4041 et
1061 3987 1205 4041 infra
1242 3983 1618 4057 Λυκοφάνους
1654 3988 1805 4042 Eud.
1957 3992 2019 4039 19
2060 3986 2158 4039 τοῦ
2200 3988 2333 4039 Φαλ.
2364 3987 2465 4034 Av

175 4069 326 4124 Eud.
365 4070 464 4121 τοῦ
505 4085 612 4123 0111.
651 4070 794 4137 moly.
875 4108 886 4117 .

319 4147 643 4203 CCCCXOII
691 4149 842 4203 Eud.
891 4166 945 4217 p.
976 4153 1096 4202 462.
1184 4146 1261 4201 Cf.
1302 4148 1609 4216 Kiessling‚
1649 4148 1778 4215 Lyc.
1819 4146 1884 4199 fr.
1923 4163 1976 4213 p.
2012 4150 2077 4197 14
2108 4160 2247 4213 seq.‚
2286 4144 2465 4211 Elam,

178 4234 292 4285 Aa.
323 4229 547 4284 BeredS.
577 4229 658 4281 III
694 4246 747 4297 p.
781 4235 847 4283 72
878 4246 991 4297 seq.
1169 4235 1232 4281 21
1271 4223 1563 4296 Ἀθηναῖος
1602 4223 1799 4295 ῥήτωρ.
1842 4222 2053 4293 ἔγραψε
2093 4218 2293 4292 λογους
2337 4229 2466 4277 πολ-

179 4308 332 4379 λούς,
375 4306 436 4365 ἐν
477 4309 559 4371 οἷς
593 4306 652 4361 οἷ
685 4306 991 4380 σωζόμενοι
1018 4306 1238 4377 γνήσιοι
1267 4308 1418 4362 Eud.
1456 4306 1685 4374 reliquis
1717 4304 1935 4358 omissis
2046 4308 2112 4355 22
2154 4302 2234 4365 εἷς
2272 4302 2467 4357 addidi

181 4392 303 4447 coll.
333 4391 548 4451 Λυσίας
585 4390 657 4443 al.
699 4385 915 4458 ἐγκριθ.
945 4394 992 4441 A
1031 4384 1410 4457 ἐκκριθέντων
1446 4394 1490 4440 V
1530 4387 1845 4457 κριθέντων
1882 4384 2029 4453 vuly.

1964 4474 2039 4527 9*
