3025 4892
585 223 671 287 84
1511 220 1939 277 HESYCHIUS.

577 391 849 471 κληρος,
916 380 1282 471 Γοργόνες,
1347 384 1896 470 Πολυπράγμων,
1962 384 2360 469 Θωρυκίων,
2428 379 2865 463 Πολύευκτος,

587 490 1007 575 Φιλέταιρος,
1057 488 1184 569 Δὶς
1229 488 1783 581 ἐξαπατώμενος.

758 594 1088 665 GOOXIX.
1137 592 1228 661 H
1229 598 1559 682 ρακλειδ
1571 621 1657 682 ης
1685 568 2234 681 Εῦ<θυ>φρονος
2262 592 2661 723 φιλόσοφος,
2680 590 2864 678 ‘Hone-

578 709 799 783 κλείας
844 706 960 789 τῆς
1006 701 1313 783 Πόντου,
1360 700 1433 768 τὸ
1484 700 1560 769 δε
1604 702 1801 787 γένος
1847 699 2119 769 ανωθεν
2164 698 2295 769 ἀπὸ
2346 699 2673 787 Δάμιδος,
2726 696 2865 777 ἑνὸς

527 830 553 869 5
581 814 715 878 τῶν
755 808 1196 897 ἡγησαμένων
1231 810 1348 895 τῆς
1386 812 1483 887 εἰς
1507 804 1909 893 Ἡράκλειαν
1949 810 2019 875 ἐκ
2048 811 2293 893 Θηβῶν
2330 806 2657 892 ἀποικίας,
2696 804 2863 873 Πλά-

575 941 794 995 τωνος
845 913 1200 1002 γνώριμος.
1301 914 1798 1002 ἐκδημήσαντος
1844 914 1918 982 δὲ
1973 913 2342 993 Πλάτωνος
2408 919 2501 994 εἰς
2556 918 2864 981 Σικελίαν

576 1021 980 1111 προεστάναι
1045 1026 1162 1109 τῆς
1225 1026 1468 1110 σχολῆς
1530 1027 1936 1110 κατελείφθη
2001 1018 2115 1089 ὑπ’
2187 1018 2415 1090 αὐτοῦ.
2517 1012 2712 1101 οὗτος
2764 1019 2864 1087 καὶ

578 1128 914 1217 δράκοντα
989 1134 1235 1217 ἔθρεψε
1315 1127 1424 1196 καὶ
1499 1125 1831 1215 ἡμέρωσε,
1906 1126 2015 1194 καὶ
2093 1125 2225 1215 εἶχε
2303 1124 2866 1213 συνδιαιτώμενον

577 1235 756 1327 αὐτῷ
793 1236 905 1303 καὶ
946 1234 1522 1323 συγκαθεύδοντα,
1561 1232 1635 1315 ὃς
1670 1236 1781 1303 καὶ
1819 1233 2026 1321 μόνος
2065 1234 2170 1302 ἐπὶ
2206 1238 2324 1321 τῆς
2364 1239 2597 1320 κλίνης
2630 1230 2863 1319 εὑρέθη

500 1364 551 1403 10
578 1348 699 1411 τοῦ
736 1340 1176 1432 Ἡρακλείδου
1229 1343 1747 1421 κατακλιθέντος
1802 1341 1925 1429 μὲν
1982 1338 2253 1428 ὑγιοῦς,
2314 1337 2434 1428 οὐχ
2482 1337 2866 1428 εὑρεθέντος

579 1452 668 1519 δέ.
770 1452 882 1519 καὶ
941 1449 1134 1519 ἄλλοι
1191 1450 1313 1537 μὲν
1381 1447 1590 1517 αὐτὸν
1654 1446 2207 1534 ἄπηθανατίσθαι
2275 1447 2626 1535 ἐνόμισαν,
2680 1444 2862 1513 ἄλλοι

576 1556 649 1624 δὲ
705 1559 780 1625 ἐν
835 1559 1071 1647 φρέατι
1119 1554 1328 1625 αὑτὸν
1377 1556 1883 1643 ἐμβεβληκέναι,
1943 1552 2031 1635 ὦς
2079 1552 2163 1622 ἂν
2212 1554 2373 1643 δόξῃ
2422 1568 2561 1633 τοῖς
2606 1552 2861 1639 ἀνθρώ-

576 1688 728 1745 ποις
773 1662 1344 1751 ἆπηθανατίσθαι.
1437 1666 1686 1747 ἔγραψε
1731 1659 1961 1728 πολλά.

753 1771 1054 1839 CCCXX.
1118 1766 1637 1859 ‘Hpaxket'dng
1676 1764 2139 1854 Ὀξυρυγχίτης
2194 1766 2601 1855 φιλόσοφος,
2658 1763 2693 1834 ὁ
2752 1768 2863 1834 τοῦ

500 1898 547 1936 15
575 1883 1053 1964 Σαραπίωνος,
1111 1873 1184 1957 ὃς
1230 1874 1566 1961 ἐπεκλήθη
1616 1874 1911 1959 Λέμβος,
1958 1873 2253 1959 γεγονώς
2298 1873 2403 1941 ἐπὶ
2450 1878 2862 1959 Πτολεμαίου

575 1988 696 2052 τοῦ
750 1986 973 2070 ἕκτου,
1030 1981 1104 2064 ὃς
1158 1981 1276 2064 τὰς
1327 1978 1494 2071 πρὸς
1536 1978 1878 2079 Ἀντίοχον
1927 1986 2118 2049 ἔθετο
2170 1980 2534 2068 συνθήκας.
2630 1986 2861 2068 ἔγραψε

576 2088 922 2177 φιλόσοφα
967 2092 1077 2159 καὶ
1128 2088 1304 2159 ἄλλα.

755 2198 1091 2266 OOCXXI.
1157 2194 1673 2283 Ηρακλείδης
1719 2194 2083 2281 Ποντικός,
2144 2194 2275 2263 ἀπὸ
2317 2192 2708 2283 Ἡρακλείας
2761 2198 2865 2279 τῆς

575 2294 882 2382 Πόντου,
960 2293 1440 2385 γραμματικός,
1518 2289 1701 2371 ὅστις
1769 2290 2053 2381 Διδύμφ
2123 2295 2213 2383 τῷ
2278 2317 2458 2360 πανυ
2523 2292 2690 2361 κατὰ
2751 2292 2862 2379 τὴν

514 2416 566 2453 20
591 2389 1080 2481 Ἀλεξανδρέων
1135 2396 1503 2481 ἐφοίτησεν.
1597 2380 1792 2466 οὗτος
1844 2387 2069 2475 ἐπειδὴ
2116 2386 2403 2476 ήκουσεν
2432 2388 2713 2477 Ἀπερος
2756 2394 2863 2458 τοῦ

568 2484 1003 2581 Ἀριστάρχου
1060 2494 1368 2580 μαθητοῦ
1419 2487 1939 2575 εὐδοκιμοῦντος
1982 2485 2147 2554 κατα
2194 2486 2316 2575 τὴν
2355 2484 2616 2575 Ρωμην
2662 2486 2860 2607 πολλα

573 2615 643 2657 τε
697 2588 818 2658 τὸν
868 2595 1178 2679 Δίδυμον
1228 2588 1701 2675 διασύροντος,
1758 2591 2003 2673 ἔγραψε
2061 2586 2275 2677 μέτρῳ
2324 2591 2658 2678 Σαπφικῷ
2718 2584 2862 2676 ἤτοι

581 2696 955 2781 Φαλαικείφ
1012 2694 1240 2775 βιβλία
1286 2687 1354 2774 γ’
1403 2684 1905 2775 δυσερμήνευτα
1954 2684 2065 2751 καὶ
2110 2682 2365 2771 πολλὴν
2412 2683 2535 2772 τὴν
2583 2683 2858 2773 ἀπορίαν

720 2857 748 2904 1
792 2847 1088 2920 Θωρύκιον
1124 2850 1270 2919 vuly.
1313 2848 1621 2917 Θωρυκίων
1661 2862 1795 2899 corr.
1828 2845 2075 2899 Meineke
2110 2845 2236 2900 coll
2276 2844 2558 2915 Aristoph.
2595 2846 2735 2900 Rau.
2766 2850 2857 2900 365

575 2931 634 2984 eh
669 2934 800 2999 383,
855 2930 1004 2984 idem
1059 2930 1149 2985 vel
1197 2928 1454 2998 Θορίκιοι
1506 2918 1802 2997 proposuit
1855 2927 1911 2994 (3.
1963 2941 2111 2995 pago
2157 2925 2347 2980 Atffico
2402 2928 2684 3031 vocabum)
2740 2925 2859 2980 coll.

574 3008 849 3079 Elmsley.
889 3010 962 3064 ad
999 3009 1168 3063 Arist.
1207 3008 1447 3061 Acharn.
1491 3012 1591 3062 177

719 3090 978 3145 CCCXIX
1015 3089 1178 3161 Diog.
1201 3090 1268 3159 V,
1293 3095 1360 3143 86
1382 3104 1494 3156 seq.
1624 3094 1655 3141 3
1696 3081 2083 3156 Εὐθύφρονος
2119 3086 2416 3156 Dioyene33
2456 3086 2663 3140 Suidae
2700 3085 2858 3141 lectio

575 3170 905 3239 compendio
946 3171 1072 3225 orba.
1206 3174 1241 3222 4
1277 3168 1378 3236 τῆς
1421 3162 1649 3221 Πόντου
1688 3171 1891 3219 ABVE
1929 3168 2028 3235 τῆς
2067 3162 2129 3221 ἐν
2159 3163 2363 3239 Πόντῳ
2400 3182 2531 3236 pars
2570 3167 2728 3221 codd.

577 3257 606 3305 7
645 3251 818 3304 verba
856 3240 1018 3312 οὗτος
1057 3280 1123 3288 -
1163 3245 1503 3318 εὑρεθέντος
1541 3244 1605 3301 δὲ
1643 3248 1881 3302 fortasse
1918 3244 2145 3301 lecfioris
2184 3262 2353 3300 manu
2392 3265 2459 3301 ex
2495 3245 2658 3316 Diog.
2698 3246 2761 3313 V,
2798 3251 2857 3299 89

575 3329 860 3397 adscripta
967 3336 998 3383 9
1038 3326 1214 3399 μόνον
1249 3333 1296 3380 V
1409 3334 1472 3382 10
1511 3326 1972 3397 κατακληθέντος
1997 3330 2109 3378 Au
2145 3343 2281 3381 corr.
2311 3328 2514 3381 Portus
2638 3332 2699 3379 11
2730 3322 2860 3391 ἄπη-

572 3412 963 3463 θανατεῖσθαι
992 3410 1040 3463 Α
1077 3403 1630 3478 ἆπηθανατίσασθαι
1657 3413 1699 3460 E
1739 3401 2247 3477 απηθανατεῖσθαι
2276 3400 2518 3461 αῦτόνῗ
2636 3412 2699 3460 12
2739 3401 2855 3460 ἔαυ-

573 3486 678 3544 τὸν
714 3494 759 3541 A
903 3495 970 3543 13
1011 3486 1224 3559 ἔγραψε
1263 3485 1438 3543 πολλα
1478 3506 1587 3543 om.
1627 3493 1672 3540 A

718 3568 951 3624 OCGXX
990 3569 1072 3624 Of.
1094 3568 1298 3624 Mffller
1315 3569 1395 3623 III
1422 3588 1475 3639 p.
1501 3575 1621 3637 167,
1650 3567 1822 3636 Diale,
1844 3567 1981 3621 Dox,
2002 3586 2058 3636 p.
2083 3573 2183 3622 148
2204 3569 2318 3622 nob.
2341 3573 2389 3621 2.
2437 3568 2599 3636 Apud
2618 3567 2777 3635 Diog.
2801 3565 2856 3631 V,

573 3655 643 3703 94
671 3650 896 3719 quintus
928 3652 1014 3705 esf,
1114 3656 1180 3703 14
1199 3644 1262 3704 Ο
1292 3646 1679 3719 ἔξυρυχίτηςῗ
1794 3654 1859 3702 15
1890 3648 2153 3703 cfiPhot.
2183 3646 2319 3702 bibl.
2350 3666 2404 3717 p.
2441 3653 2611 3704 1713.
2686 3648 2853 3702 Ptole-

571 3746 794 3785 maeum
821 3730 1260 3786 Philometorem
1291 3747 1408 3785 esse
1438 3729 1658 3785 monuit
1676 3730 1951 3784 Kasterus
2064 3734 2129 3783 16
2161 3726 2329 3783 ἔθετο
2350 3734 2450 3782 AV
2483 3728 2697 3801 ἔγραψε
2724 3730 2853 3797 vulgy.

716 3810 980 3865 CCCXXI
1018 3812 1290 3866 Traossanb
1320 3810 1607 3876 Meinoke,
1646 3811 1807 3865 Anal.
1846 3828 1899 3879 p.
1941 3815 2063 3877 377,
2099 3808 2289 3878 Daub,
2330 3809 2488 3864 Stud.
2526 3829 2579 3879 p.
2611 3817 2676 3865 91
2708 3827 2811 3876 seq.

578 3894 641 3943 18
679 3890 778 3959 τῆς
815 3894 859 3941 V
896 3890 998 3944 τοῦ
1035 3890 1136 3944 rel.
1247 3896 1315 3945 20
1348 3884 1751 3959 Ἀλεξανδρέων
1781 3895 1928 3942 ΔΒΕ
1959 3885 2379 3959 Ἀλεξανδρείων
2407 3891 2682 3946 Καεύεναε
2761 3885 2854 3943 ἄπ-

573 3988 712 4040 ερως
747 3974 897 4022 ABE
935 3965 1083 4040 ἅπερ
1110 3965 1184 4033 ὥς
1213 3975 1257 4022 V
1295 3987 1500 4025 nomen
1538 3971 1857 4039 suspectum
1885 3971 2281 4040 Bernhardyo,
2314 3964 2635 4040 Ἀντέρωτος
2669 3986 2855 4041 propo-

573 4050 686 4104 suit
723 4050 996 4108 Westerm.
1037 4050 1162 4106 coll.
1194 4069 1245 4106 v.
1279 4046 1562 4120 Ἀντέρως,
1590 4046 1850 4120 ’Ἀσπερος
1876 4050 2083 4120 Beryk,
2112 4046 2337 4119 ’Άπερος
2372 4053 2564 4106 tuefiur
2594 4050 2855 4113 Meineke33

570 4129 882 4185 Aristarchi
919 4148 1140 4202 quoque
1176 4149 1379 4189 nomen
1415 4132 1743 4189 mendosum
1791 4148 1912 4185 esse
1949 4130 2269 4199 probabile,
2320 4126 2722 4201 Ἀρισταρχειόυ
2760 4145 2854 4182 om.

573 4215 712 4279 μαθ.
745 4210 1090 4277 Gutsehmid3
1130 4230 1202 4267 an
1234 4206 1529 4276 Ἀπίωνοςῖ
1641 4218 1707 4267 21
1746 4206 2078 4273 πολλούς-
2101 4208 2477 4281 διασυροντας
2504 4216 2600 4263 ΔΕ
2636 4230 2771 4272 τους
2797 4212 2853 4261 Δ.

573 4284 946 4357 διασύροντας
981 4294 1077 4342 BV
1125 4292 1272 4345 unde
1318 4288 1558 4353 πολλούς
1595 4311 1654 4346 τε
1696 4287 1898 4353 αλλους
1936 4291 2032 4345 καὶ
2069 4309 2115 4344 τ.
2156 4292 2281 4347 Διδ.
2308 4286 2696 4362 διασυροντος
2728 4287 2854 4344 coni.

573 4368 903 4438 Bernhardy
1048 4376 1116 4423 23
1158 4374 1441 4443 φαλαικίφ
1480 4376 1526 4423 A
