3025 4892
538 232 666 297 136
1457 226 1889 283 HESYCHIUS.

534 394 794 465 ἀλύτων
832 392 1264 475 ἀντιθέσεων,
1299 390 1448 475 περὶ
1486 392 1856 477 καταρχῶν,
1894 388 2044 475 περὶ
2073 385 2417 474 ἀριθμῶν,
2461 382 2825 473 ὑπόμνημα

534 507 628 583 εἰς
667 499 1122 591 Ἀριστοτέλην
1168 499 1278 567 καὶ
1327 496 1492 567 ἄλλα
1540 496 1691 566 τινὰ
1735 497 1904 585 πρὸς
1948 496 2067 567 τὸν
2115 494 2323 566 αὐτὸν
2366 494 2763 594 Ἰουλιανόν.

709 610 885 678 DVI.
959 614 1047 675 M
1055 634 1200 696 αρι
1223 607 1326 674 α’ν
1349 605 1384 674 ὸ
1411 634 1443 686 ς
1501 604 1795 695 Μάρσου
1857 604 2252 694 δικηγόρου,
2308 607 2447 673 τῶν
2499 598 2823 691 ὑπάρχων

525 713 776 803 Ῥῶμης
805 711 1152 804 (Ῥωμαῖος
1178 711 1308 801 γὰρ
1336 711 1412 781 τὸ
1443 709 1746 801 ἀρχαῖον,
1776 712 2293 801 μετοικήσαντος
2322 710 2397 778 δὲ
2426 714 2547 779 τοῦ
2576 706 2830 798 πατρὸς

483 851 506 889 5
529 820 1106 910 Ἐλευθερόπολιν,
1143 827 1305 909 μίαν
1340 823 1477 888 τῶν
1513 824 1631 906 τῆς
1658 818 1918 907 πρῶτης
1949 821 2453 905 Παλαιστίνης),
2491 816 2613 886 ἀπὸ
2649 815 2829 886 ὑπά-

532 955 668 996 των
717 928 825 996 καὶ
871 925 1193 1015 ὑπάρχων
1236 928 1348 995 καὶ
1393 932 1736 1015 πατρίκιος
1784 925 2107 1014 γεγονώς,
2156 926 2230 994 τὸ
2280 927 2830 1013 ἐπιφανέστερον,

533 1032 697 1104 κατὰ
733 1034 852 1103 τὸν
891 1037 1164 1121 βασιλέα
1197 1032 1652 1102 Ἀναστάσιον.
1726 1038 1974 1122 ἔγραψε
2010 1038 2238 1119 βιβλία
2273 1035 2591 1101 τοσαῦτα·
2634 1034 2831 1119 μετά-

417 1188 422 1193 -
533 1161 786 1229 φρασιν
833 1147 1196 1228 Θεοκρίτου
1241 1142 1315 1209 ἐν
1362 1139 1631 1228 ἰάμβοις
1677 1139 1872 1232 ,γρνζ
1918 1140 2336 1228 μετάφρασιν
2370 1137 2830 1207 Ἀπολλωνίου

531 1253 668 1317 τῶν
725 1246 1258 1335 Ἀργοναυτικῶν
1325 1248 1399 1314 έν
1465 1245 1731 1333 ἰάμβοις
1802 1247 1994 1338 ,εχη’,
2071 1245 2492 1334 μετάφρασιν
2581 1253 2833 1314 Καλλι-

459 1381 509 1420 ιο
537 1354 753 1444 μάχου
781 1353 1080 1441 Ἑκάλης,
1118 1352 1352 1441 ὕμνων
1391 1354 1502 1421 καὶ
1538 1356 1677 1421 τῶν
1707 1358 1959 1422 Αἰτίων
1994 1354 2106 1427 καὶ
2141 1357 2278 1421 τῶν
2309 1352 2834 1441 ἐπιγραμμάτων

539 1466 612 1530 έν
651 1462 918 1556 ἰάμβοις
954 1461 1153 1554 ,gc-od,
1202 1462 1615 1548 μετάφρασιν
1647 1458 1930 1548 Ἀράτου
1968 1463 2041 1529 ἐν
2082 1460 2350 1547 ἰάμβοις
2388 1461 2597 1551 ,αρμ’,
2635 1460 2833 1547 μετάἢ

539 1590 790 1657 φρασιν
827 1568 1225 1657 Νικάνδρου
1260 1570 1397 1635 τῶν
1435 1571 1791 1655 Θηριακῶν
1830 1569 1904 1636 ἐν
1955 1567 2222 1655 ἰάμβοις
2257 1566 2434 1656 ‘avo'
2472 1567 2581 1635 καὶ
2624 1565 2834 1647 ἄλλας
2924 1658 2931 1664 ⁸

538 1674 785 1757 πολλὰς
829 1673 1288 1764 μεταφράσεις.

713 1785 921 1853 DVII.
964 1789 1050 1850 M
1055 1796 1332 1868 αρῖνος
1365 1785 1786 1868 Νεαπολίτης
1804 1779 2179 1867 φιλόσοφος
2207 1782 2319 1849 καὶ
2339 1781 2583 1870 ῥήτωρ,
2612 1791 2833 1867 μαθη-

460 1918 510 1958 ι5
537 1888 652 1977 τὴς
681 1888 998 1978 Πρόκλου
1035 1892 1156 1956 τοῦ
1190 1886 1577 1975 φιλοσόφου
1612 1888 1723 1954 καὶ
1764 1886 2097 1974 διάδοχος.
2174 1894 2419 1976 ἔγραψε
2449 1894 2603 1974 βίον
2642 1888 2835 1977 Πρό-

537 2005 703 2064 κλου
759 2000 880 2065 τοῦ
947 1991 1156 2062 αὑτοῦ
1213 1993 1626 2061 διδασκάλου
1689 1995 1799 2062 καὶ
1858 1992 2256 2081 φιλοσόφων
2313 1993 2639 2081 ζητήματα
2718 1995 2839 2062 καὶ

540 2102 708 2172 ἄλλα
752 2099 906 2170 τινὰ
951 2099 1416 2187 καταλογάδην
1459 2101 1571 2168 καὶ
1620 2102 1874 2181 ἑπικῶς.

716 2212 962 2278 DVIII.
1017 2209 1491 2297 Μάρκελλος
1522 2204 1965 2295 Περγαμηνὸς
1993 2206 2235 2294 ῥήτωρ.
2282 2212 2530 2297 ἔγραψε
2558 2214 2836 2294 βιβλίον

534 2315 880 2406 Ἀδριανὸς
925 2312 966 2402 ἢ
1015 2314 1164 2400 περὶ
1208 2319 1565 2399 βασιλείας.

463 2450 516 2488 20
718 2425 892 2491 DIX.
971 2421 1440 2508 Μάρκελλος
1489 2418 1786 2506 Σιδήτης
1833 2420 2080 2508 ἰατρός,
2128 2420 2233 2489 ἐπὶ
2271 2420 2564 2511 Μάρκου
2595 2419 2844 2493 Ἀντω-

541 2536 755 2598 νίνου.
839 2520 1033 2609 οὗτος
1079 2534 1325 2616 ἔγραψε
1373 2525 1463 2594 δι’
1518 2528 1698 2595 ἐπῶν
1743 2523 2055 2615 ἡρωικῶν
2105 2533 2333 2614 βιβλία
2382 2529 2641 2619 ἰατρικὰ
2688 2535 2844 2620 μβ’,

543 2640 617 2705 ἐν
665 2632 765 2717 οἷς
809 2637 919 2704 καὶ
967 2636 1115 2721 περὶ
1163 2633 1678 2722 λυκανθρῶπου.

714 2745 856 2811 DX.
936 2749 1024 2810 Μ
1033 2741 1075 2809 ά
1097 2769 1135 2830 ρ
1156 2740 1196 2809 κ
1217 2768 1252 2808 ο
1277 2769 1310 2822 ς
1364 2738 1400 2809 ὁ
1458 2740 1571 2807 καὶ
1620 2739 2047 2827 Ἀντωνῖνος,
2108 2742 2425 2828 βασιλεὺς
2460 2742 2843 2833 Ῥωμαίων,

543 2847 578 2918 ὃ
627 2846 970 2929 ἐπαινετὸς
1013 2847 1179 2916 κατὰ
1223 2845 1440 2916 πάντα
1487 2846 1879 2937 φιλόσοφος,
1924 2845 2255 2937 ἀκροατὴς
2297 2850 2421 2938 μὲν
2457 2853 2569 2920 καὶ
2605 2850 2843 2920 ἄλλων

463 2980 514 3019 25
539 2959 809 3024 πολλῶν
856 2955 1237 3043 γενόμενος,
1283 2953 1569 3041 ὕστερον
1618 2955 1691 3024 δὲ
1740 2954 2056 3043 διήκουσε
2096 2958 2351 3039 Σέξτου
2400 2960 2470 3026 ἐκ
2506 2965 2846 3039 Βοιωτίας

687 3122 713 3169 1
754 3112 1222 3188 άντισθέντωνιῩ

685 3196 811 3249 DVI
857 3199 1116 3262 Μαρῑνος
1152 3199 1239 3251 est
1272 3196 1557 3267 Euam-2⁶0,
1602 3195 1745 3251 Hist.
1785 3196 1916 3251 eccl.
1955 3197 2061 3266 III,
2099 3202 2167 3251 42
2346 3205 2382 3253 4
2419 3194 2689 3269 Ῥωμαῖος
2727 3199 2843 3268 μὲν

544 3273 604 3331 τὸ
643 3284 688 3330 V
833 3282 865 3331 5
912 3271 1026 3330 ἀπὸ
1075 3272 1308 3331 ὑπάτων
1345 3294 1454 3332 om.
1495 3276 1621 3331 edd.
1660 3279 1795 3331 vett.
1942 3283 1974 3330 6
2012 3273 2257 3346 γεγονώς
2302 3278 2415 3331 τῶν
2456 3274 2843 3346 ἐπιφανεστά-

543 3376 653 3409 των
688 3356 1009 3410 Gutschmid
1151 3361 1184 3410 8
1221 3352 1571 3426 μετάφρασις
1606 3362 1653 3409 A
1780 3364 1811 3410 9
1854 3352 1982 3431 ,εχ-κ’
2013 3364 2058 3410 V
2206 3363 2270 3411 10
2310 3358 2423 3411 τῶν
2460 3360 2590 3412 ante
2628 3356 2839 3412 Αἰτίων

544 3454 651 3490 om.
689 3441 736 3488 A
772 3436 920 3489 idem
957 3437 1086 3489 ante
1127 3432 1564 3506 ἐπιγραμμάτων
1604 3453 1711 3489 om.
1740 3442 1785 3488 V
2279 3495 2284 3501 ³

685 3516 839 3569 DVlI
880 3516 1030 3571 Eud.
1061 3534 1114 3585 p.
1145 3520 1249 3569 495
1399 3522 1464 3569 16
1504 3515 1596 3569 Sic
1634 3516 1857 3586 scripsi,
1896 3534 2023 3571 eum
2061 3517 2209 3585 quod
2253 3517 2386 3571 libri
2427 3519 2703 3587 praebent
2736 3520 2841 3571 καὶ

542 3592 936 3665 καταλογάδην
975 3596 1074 3649 καὶ
1111 3592 1319 3657 έπικῶς
1357 3594 1454 3649 καὶ
1501 3590 1643 3649 ἄλλα
1680 3593 1807 3651 τινὰ
1848 3594 2197 3665 φιλοσόφων
2224 3596 2512 3667 ζητήματα
2558 3601 2841 3654 sententia.

422 3695 432 3707 ·
541 3676 825 3746 privatum
863 3693 984 3731 esse
1022 3678 1240 3745 pateat,
1287 3679 1467 3743 φιλοσ.
1508 3679 1620 3743 ζητ.
1659 3676 1757 3730 καὶ
1793 3672 1935 3731 ἄλλα
1973 3675 2099 3733 τινὰ
2146 3678 2243 3731 καὶ
2288 3676 2687 3748 καταλογάδην
2738 3681 2839 3734 καὶ

544 3754 750 3820 ἔπικῶς
789 3775 927 3812 corr.
957 3758 1260 3813 Fabricius
1287 3757 1347 3812 in
1375 3757 1596 3827 Proleg.
1637 3759 1708 3812 ad
1737 3757 1941 3811 Marini
1968 3758 2254 3827 Proclum,
2292 3760 2565 3832 probante
2594 3760 2839 3816 Kustero

546 3842 608 3891 15
647 3838 754 3892 Hie
791 3837 1094 3908 adscripsit
1130 3837 1326 3893 Suidas
1365 3841 1630 3907 excerpta
1668 3857 1736 3893 ex
1771 3839 2028 3893 Damaso.
2066 3840 2229 3894 Phot.
2267 3857 2323 3909 p.
2361 3844 2467 3894 338

459 3965 472 3979 ,
684 3916 863 3972 DVIII
901 3919 1052 3972 Eud.
1090 3937 1143 3987 p.
1185 3923 1287 3972 496
1435 3924 1499 3972 18
1540 3920 1727 3992 βιβλία
1763 3923 1913 3972 BVE
2058 3925 2122 3973 19
2157 3915 2441 3987 Ἀδριανός
2477 3921 2622 3991 vuly.
2662 3921 2836 3989 Eud„

541 3997 694 4068 quod
726 3996 940 4066 recepi,
972 3992 1260 4066 Ἀὃριανόν
1297 4001 1450 4049 ABV
1584 4004 1651 4052 22
1694 3994 1757 4053 ἐν
1793 3996 1878 4060 οἷς
1913 4016 2025 4067 seq.
2064 4016 2211 4068 susp.
2241 4000 2469 4053 Daubio

683 4075 814 4130 DIX
849 4076 1002 4131 Eud.
1041 4096 1094 4146 p.
1134 4083 1240 4131 493
1376 4084 1446 4132 20
1482 4079 1718 4147 Σιδίτης
1752 4080 1896 4148 vuly.
1934 4078 2087 4134 Eud.
2125 4076 2373 4147 Σιδήτης
2408 4083 2512 4131 AV
2636 4086 2707 4133 22
2744 4085 2838 4135 λυ-

542 4152 721 4210 κάνου
752 4172 943 4211 omnes
973 4157 1103 4211 libri
1134 4159 1192 4211 et
1217 4158 1368 4212 Eud.
1399 4155 1671 4227 (λυκάν-ὅΰ
1690 4162 1755 4228 Δ)
1795 4158 2123 4228 compendio
2162 4159 2310 4213 male
2337 4158 2657 4230 intellectam
2699 4178 2839 4217 corr.

542 4239 672 4306 post
707 4237 1058 4292 Lambecium
1085 4237 1375 4291 Kusterus.
1448 4238 1706 4293 Ceterum
1745 4239 1812 4292 de
1849 4238 2017 4292 ssertio
2055 4237 2351 4306 Marcello,
2389 4238 2487 4306 qui
2525 4238 2841 4295 Αἰθιοπικά

546 4317 799 4385 scripsit,
840 4318 907 4370 cf.
946 4318 1150 4370 Mfiller
1185 4315 1262 4369 IV
1299 4335 1353 4385 p.
1393 4324 1524 4385 4433
1562 4319 1781 4386 Rohde,
1820 4318 1912 4372 Gr.
1952 4318 2171 4372 Roman
2207 4337 2261 4388 p.
2300 4324 2403 4372 217
2443 4321 2559 4374 not.
2604 4327 2631 4374 1

689 4396 792 4447 DX
839 4412 945 4448 om.
986 4395 1261 4449 Westerm.
1459 4402 1529 4451 25
1577 4398 1674 4451 καὶ
1720 4397 1937 4463 Σέξτου
1984 4399 2157 4453 detor.
2202 4398 2334 4451 libri
2425 4398 2525 4453 καὶ
2570 4416 2684 4455 om.
2737 4406 2848 4454 AV
