3025 4892
511 196 597 258 56
1438 192 1870 249 HESYCHIUS.

512 354 761 443 πατρὸς
804 355 1028 444 Τήρου
1063 353 1364 442 τοῦνομα
1400 359 1705 440 κληθείς,
1746 349 2181 440 Ἀριστάρχου
2224 349 2557 439 μαθητής,
2600 377 2770 436 γραμ-

514 465 804 551 ματικός,
831 465 942 530 καὶ
973 461 1336 549 ἐξηγήσατο
1378 468 1438 527 Τ
1428 465 1803 546 υραννίωνι
1842 463 1931 550 τῷ
1968 459 2289 549 προτέρῳ,
2330 455 2404 538 ὃς
2434 461 2775 544 ἐσοφίστευ-

516 591 632 639 σεν
671 572 743 638 έν
781 567 996 658 Ῥώμῃ
1047 570 1149 637 ἐπὶ
1189 573 1553 655 Πομπηίου
1594 571 1716 635 τοῦ
1763 565 2075 653 μεγάλου.
2144 567 2460 647 συνέταξε
2506 565 2577 634 δὲ
2632 571 2776 632 πλεῖ-

517 697 638 746 στα
684 674 1099 764 γραμματικά
1146 702 1214 743 τε
1259 676 1370 742 καὶ
1420 671 1913 760 συνταγματικά
1958 672 2071 740 καὶ
2117 669 2575 760 ὑπομνήματα.

464 806 490 846 5
696 785 973 852 CCXIV.
1075 779 1519 860 Διονύσιος
1582 777 2083 865 Ἀλεξανδρεύς,
2154 775 2191 846 ὁ
2263 777 2573 846 Γλαύκου
2639 776 2777 862 υἱός,

516 889 990 978 γραμματικός,
1048 885 1229 968 ὅστις
1273 885 1401 956 ἀπὸ
1455 889 1771 975 Νέρωνος
1826 878 1955 973 <ἦν
2017 887 2173 972 καὶ)
2232 888 2449 970 συνῆν
2511 885 2616 952 καὶ
2666 897 2781 962 τοῖς

518 1001 707 1086 μέχρι
769 998 1106 1083 Τραϊανοῦ
1150 996 1260 1062 καὶ
1314 997 1452 1062 τῶν
1501 995 1963 1080 βιβλιοθηκῶν
2012 990 2310 1080 προύστη
2371 992 2483 1058 καὶ
2532 993 2630 1062 ἐπὶ
2672 995 2779 1058 τῶν

521 1108 887 1173 ἐπιστολῶν
923 1101 1032 1170 καὶ
1070 1104 1441 1189 πρεσβειῶν
1478 1102 1737 1186 ἐγένετο
1777 1100 1887 1166 καὶ
1916 1097 2410 1186 ἀποκριμάτων.
2459 1089 2546 1185 ἦν
2584 1097 2652 1166 δὲ
2695 1097 2781 1164 καὶ

523 1210 922 1291 διδάσκαλος
970 1213 1368 1296 Παρθενίου
1413 1211 1537 1274 τοῦ
1582 1210 2062 1294 γραμματικοῦ,
2102 1203 2406 1293 μαθητὴς
2451 1205 2525 1272 δὲ
2574 1203 2783 1293 Χαιρή-

443 1337 494 1378 1⁰
525 1343 730 1405 μονος
774 1319 896 1384 τοῦ
943 1315 1358 1402 φιλοσόφου,
1407 1309 1488 1381 ὃν
1534 1313 1646 1380 καὶ
1695 1315 2029 1394 διεδέξατο
2080 1314 2151 1380 ἐν
2194 1310 2667 1402 Ἀλεξανδρείᾳ.

702 1424 889 1492 CCV.
966 1420 1410 1500 Διονύσιος
1463 1418 1907 1507 Ἀλεξάνδρου
1954 1417 2545 1505 Ἁλικαρνασσεύς,
2604 1417 2790 1506 ῥήτωρ

522 1529 633 1597 καὶ
680 1535 1011 1610 παντοίως
1056 1527 1298 1615 λόγιος,
1344 1513 1581 1613 γέγονε
1625 1525 1699 1594 δὲ
1738 1527 1841 1593 ἐπὶ
1890 1531 2233 1614 Καίσαρος
2258 1523 2399 1594 ’τοῦ
2448 1529 2791 1612 Σεβαστοῦ,

466 1672 476 1684 -
525 1625 860 1715 πρόγονος
904 1629 1026 1694 τοῦ
1076 1625 1178 1693 ἐπὶ
1222 1624 1579 1711 Ἀδριανοῦ
1626 1625 1983 1711 γεγονότος
2022 1620 2446 1691 Ἀττικιστοῦ.

705 1735 988 1816 CCXVI.
1055 1740 1121 1810 Δ
1142 1758 1221 1799 ιο
1245 1730 1452 1798 νύσι
1476 1757 1511 1797 ο
1539 1758 1568 1808 ς
1629 1737 2092 1816 Μιτυληναῖος
2139 1729 2151 1820 Ι
2206 1729 2537 1810 ἐποποιός.
2577 1730 2590 1821 Ι
2631 1720 2797 1806 οὗτος

451 1868 500 1909 15
531 1840 779 1927 ἐκλήθη
821 1843 1345 1925 Σκυτοβραχίων
1382 1837 1492 1904 καὶ
1534 1836 1853 1917 Σκυτεύς.
1924 1836 2047 1924 τὴν
2087 1836 2443 1905 Διονύσου
2483 1837 2598 1902 καὶ
2630 1833 2801 1919 Ἀθη-

529 1951 651 2026 νᾶς
679 1950 1051 2031 στρατείαν,
1076 1941 1548 2031 Ἀργοναυτικά
1570 1943 1642 2009 ἐν
1671 1948 1956 2029 βιβλίοις
1979 1943 2031 2026 ς’
2066 1945 2299 2030 (ταῦτα
2341 1944 2419 2010 δέ
2454 1945 2591 2010 ἐστι
2620 1940 2805 2029 πεζά),

532 2051 546 2143 Ι
595 2049 850 2139 μυθικὰ
889 2048 1057 2139 πρὸς
1101 2050 1549 2137 Παρμένοντα
1571 2049 1601 2140 Ι

713 2159 1029 2226 CCXVII.
1105 2153 1548 2234 Διονύσιος
1595 2153 1962 2236 Βυζάντιος
2014 2155 2341 2236 ἐποποιός.
2435 2156 2809 2244 περιήγησιν

679 2361 706 2408 1
761 2355 968 2424 Τῆρος,
1009 2353 1158 2423 quod
1194 2352 1326 2407 libri
1374 2353 1506 2421 post
1548 2348 1735 2419 Τήρου
1772 2352 2073 2421 praebent,
2120 2352 2330 2408 delevit
2368 2354 2815 2418 Hemsterhusius3

533 2435 602 2489 cf.
641 2435 822 2502 Diels,
865 2434 1001 2488 Dox.
1041 2451 1094 2502 p.
1127 2438 1192 2487 87
1223 2435 1339 2486 not.
1459 2438 1490 2485 3
1524 2425 1696 2501 Ρόδῳ
1737 2432 1861 2487 coll.
1900 2434 2099 2492 Athen.
2139 2433 2216 2486 XI
2252 2452 2305 2503 p.
2346 2440 2449 2488 489
2490 2439 2549 2488 et
2585 2433 2737 2488 Suid.
2772 2451 2816 2485 v.

538 2517 870 2584 Τυραννίων
910 2514 1001 2581 (cf.
1043 2513 1244 2569 Strabo
1282 2513 1410 2567 XIV
1448 2530 1501 2581 p.
1535 2514 1661 2579 655)
1703 2528 1841 2566 corr.
1872 2513 2165 2567 Reinesius
2201 2531 2307 2568 rec.
2350 2514 2625 2568 Westerm.
2654 2509 2817 2582 Ρώμῃ

533 2597 676 2664 vuly
755 2595 836 2651 cf.
873 2593 1067 2662 Daub,
1118 2594 1186 2647 de
1227 2592 1379 2648 Suid.
1419 2611 1472 2661 p.
1504 2597 1627 2647 459.
1693 2585 1929 2645 Verba
1911 2611 1974 2653 ος
2001 2623 2067 2632 -—-
2100 2590 2347 2662 μεγάλου
2387 2596 2445 2648 et
2482 2592 2579 2648 καὶ
2607 2624 2673 2632 -
2702 2609 2821 2660 προ

533 2673 676 2746 τέρςο
716 2674 1037 2743 transposui
1076 2677 1298 2728 secutus
1328 2672 1632 2726 Clintoraem
1670 2674 1727 2726 et
1766 2673 2070 2726 Mz‘c'llerum

680 2754 894 2808 CCXIV
932 2755 1082 2810 Eud.
1124 2773 1177 2823 p.
1217 2759 1349 2820 231,
1389 2753 1543 2807 cuius
1578 2751 1755 2806 vitam
1792 2752 2170 2820 praetermisit
2207 2753 2482 2807 Westerm.
2595 2760 2626 2806 6
2664 2772 2821 2821 γραμ-

537 2828 772 2904 ματικὸς
803 2830 896 2886 ἐπὶ
925 2834 1192 2901 Νέρωνος
1221 2835 1392 2898 Eud„
1431 2850 1574 2901 quae
1603 2832 1661 2885 in
1688 2831 1828 2884 haec
1860 2831 2031 2886 verba
2059 2832 2288 2899 desinit3
2328 2825 2399 2901 ἦν
2428 2832 2525 2886 καὶ
2554 2833 2681 2889 add.
2712 2849 2823 2886 cum

537 2913 779 2978 Rohdio,
815 2913 955 2968 Mus.
991 2914 1166 2969 Rhen.
1199 2912 1432 2967 XXXIII
1469 2931 1524 2982 p.
1558 2919 1659 2966 166
1697 2913 1811 2965 not.
1872 2906 2022 2974 ὅστις
2058 2909 2171 2966 ἀπὸ
2214 2912 2483 2979 Νέρωνος
2520 2913 2701 2982 συνῆν
2738 2911 2825 2965 καὶ

537 2999 656 3054 τοῖς
693 3025 760 3032 -
798 2993 929 3047 libri
969 2989 1117 3055 ὅστις
1152 3001 1271 3054 τοῖς
1307 2989 1422 3047 άπὸ
1464 2992 1603 3059 Νέρ.
1645 2991 1822 3058 συνῆν
1859 2992 1957 3045 καὶ
1993 2990 2154 3061 μέχρι
2189 2997 2282 3062 Τρ.
2326 2993 2493 3047 Daub
2678 2998 2710 3046 9
2754 3009 2820 3046 sc.

538 3073 827 3128 Parthenii
863 3075 1131 3142 Phocaei‚
1178 3074 1276 3144 qui
1312 3073 1554 3127 Homero
1600 3072 1777 3125 fertur
1824 3073 2191 3141 obtrectasse,
2239 3075 2581 3127 memoratus
2632 3073 2825 3127 Athen.

539 3153 613 3206 XI
651 3171 705 3221 p.
747 3159 848 3207 467
897 3152 1224 3219 Παρθένιος
1266 3147 1295 3206 ὁ
1337 3153 1436 3205 τοῦ
1485 3153 1788 3205 Διονυσίου
1907 3149 2277 3222 Χαιρήμωνος
2314 3159 2375 3207 A.
2450 3154 2630 3208 Huius
2668 3153 2825 3207 libro-

537 3252 660 3287 rum
701 3234 953 3288 tabulam
991 3233 1338 3287 intercidisse
1376 3233 1595 3286 monuit
1632 3231 1861 3299 muller,
1900 3231 2099 3302 Geogr.
2137 3233 2269 3288 min.
2311 3232 2363 3286 II
2400 3252 2454 3303 p.
2496 3233 2625 3287 XVI

684 3312 871 3367 CCXV
929 3313 1067 3380 „Hic
1106 3315 1193 3367 est
1228 3311 1531 3381 Dionysius
1568 3311 1664 3364 ille
1694 3311 2223 3379 Halicarnassensis,
2266 3312 2421 3367 cuius
2457 3313 2700 3367 historia
2726 3312 2830 3365 Ro-

539 3410 708 3447 mana.
743 3391 966 3462 aliaque
1007 3410 1178 3463 opera
1215 3392 1494 3447 rhetorica
1530 3392 1696 3446 hodie
1735 3391 1919 3444 adhuc
1956 3395 2192 3446 extant“
2230 3392 2565 3462 Bernhardy

686 3470 903 3526 CCXVI
941 3473 1091 3528 Ειιά.
1121 3491 1176 3541 p.
1206 3477 1336 3540 208,
1379 3490 1521 3540 quae
1561 3461 1871 3533 0111.οὖτος
1902 3502 1968 3510 -·
1998 3468 2255 3533 Σκυτεύς
2294 3475 2352 3526 et
2377 3474 2558 3528 ταῦτα
2589 3504 2656 3511 -
2688 3475 2831 3537 Παρ·

543 3551 804 3622 μένοντα.
863 3551 942 3606 Cf.
972 3552 1176 3606 Mffller
1215 3553 1266 3606 ΙΙ
1302 3571 1354 3621 p.
1389 3558 1418 3606 6
1535 3557 1599 3604 14
1638 3547 1907 3612 ἐποποιός
1945 3555 2001 3605 et
2038 3552 2185 3606 infra
2222 3549 2442 3622 μυθικα
2486 3548 2627 3620 πρὸς
2656 3555 2831 3620 Παρμ.

547 3632 749 3688 seclusi
786 3633 1030 3687 monitus
1069 3650 1103 3686 a
1141 3633 1543 3696 Gutschmidi03
1582 3631 1733 3708 idem
1769 3632 1943 3686 verba
1980 3633 2227 3687 extrema
2263 3633 2337 3686 ad.
2366 3633 2698 3701 Byzantium
2735 3633 2834 3685 ret-

550 3713 682 3767 tulit
807 3718 872 3766 15
909 3714 1007 3767 καὶ
1044 3707 1299 3773 Σκυτευς
1337 3728 1444 3766 om.
1482 3716 1582 3763 VE
1711 3718 1773 3766 16
1809 3708 2203 3782 Ἀργοναυτικά
2240 3713 2393 3768 Eud.
2421 3728 2529 3766 rec.
2568 3712 2831 3767 Westerm.

545 3789 836 3862 στρατιάν,
871 3788 1229 3860 Ἀργοναῦται
1265 3790 1396 3847 libri
1433 3791 1755 3858 στρατείαν,
1804 3788 2169 3862 Ἀργοναυτας
2210 3793 2440 3858 Portus,
2488 3788 2736 3860 μυθικά,
2774 3784 2834 3843 τὰ

544 3869 688 3926 κατὰ
726 3869 830 3941 τὴν
871 3868 1152 3926 Διονύσου
1190 3873 1288 3926 καὶ
1322 3867 1559 3940 Ἀθηνᾶς
1596 3873 1919 3941 στρατείαν·
1960 3872 2057 3927 καὶ
2094 3867 2456 3940 Ἀργοναῦται
2492 3872 2840 3941 Bernhardy,

546 3971 716 4007 unum
747 3953 1014 4020 idemque
1053 3970 1190 4021 opus
1229 3951 1460 4006 diversis
1505 3951 1689 4006 titulis
1738 3951 1978 4006 describi
2020 3952 2343 4006 existimans
2379 3951 2663 4020 verbaque
2704 3948 2837 4017 πρὸς

547 4037 730 4103 Παρμ.
761 4033 1006 4087 referens
1037 4033 1110 4086 ad
1140 4032 1342 4087 librum
1373 4033 1501 4102 περὶ
1531 4030 1764 4102 θρήνων
1793 4033 1987 4102 (Dion.
2017 4034 2204 4104 ΒΨ),
2243 4049 2409 4100 quem
2437 4032 2623 4101 ipsum
2654 4031 2833 4087 Coriu-

545 4116 666 4170 thio
706 4114 863 4169 dedit
1007 4110 1062 4186 β’
1108 4114 1496 4182 corrigendum
1545 4131 1667 4168 esse
1713 4115 1943 4182 propter
1989 4114 2214 4182 nuptias
2262 4113 2475 4167 Iasonis
2518 4114 2575 4166 et
2612 4112 2837 4166 Medeae

544 4194 644 4249 lib.
681 4196 733 4248 II
769 4196 1024 4249 narratas
1099 4195 1315 4248 monuit
1344 4194 1665 4248 Gutschmid
1850 4199 1911 4247 17
1954 4193 2333 4262 Παρμενίωνα
2373 4191 2515 4245 coni.
2558 4192 2770 4246 Μιϊῑῑει·

693 4273 937 4327 CCXVII
965 4274 1117 4328 Eud.
1147 4292 1201 4342 p.
1224 4279 1344 4329 228.
1378 4275 1530 4328 Duos
1560 4277 1814 4328 auctores
1844 4271 2103 4326 confusos
2132 4290 2251 4327 esse
2280 4273 2471 4326 monet
2499 4271 2835 4335 Gutschmid3

548 4352 753 4407 minori
781 4348 1106 4422 περιήγησις
1134 4353 1235 4407 τοῦ
1268 4349 1329 4406 ἐν
1359 4354 1434 4423 τῷ
1465 4359 1593 4407 Βοσ.
1623 4348 1712 4408 ἄν.
1743 4352 2044 4408 tribuenda
2120 4359 2185 4408 18
2216 4350 2465 4423 ἔγραψεν
2494 4349 2834 4422 περιῄΕιιά.
