3025 4892
1107 218 1538 278 HESYCHIUS.
2338 220 2465 285 185

178 382 598 470 Μνησάρχου
639 380 787 461 υίὸς
833 379 1436 468 δακτυλιογλύφου.
1516 382 1667 462 νέος
1714 381 1789 449 δὲ
1828 377 1925 449 ὧν
1974 380 2100 451 σὺν
2138 387 2227 475 τῷ
2267 384 2466 469 πατρὶ

175 492 236 557 ἐκ
281 496 664 580 Τυρρηνίας
699 488 958 581 ᾤκησεν
999 495 1092 569 εἰς
1129 488 1386 576 Σάμον.
1445 480 1643 569 οὗτος
1678 486 1920 575 ἤκουσε
1958 493 2223 576 πρῶτον
2267 498 2463 579 Φερε-

171 595 378 664 κύδου
424 601 552 666 τοῦ
590 603 857 685 Συρίου
904 598 977 664 ἐν
1017 595 1251 689 Σάμῳ,
1300 594 1438 664 εἶτα
1466 593 2014 685 Ἑρμοδάμαντος
2060 598 2133 665 ἐν
2178 600 2259 686 τῇ
2296 593 2463 687 αὐτῇ

171 703 402 795 Σάμῳ,
445 701 521 784 ὃς
555 695 642 791 ἦν
681 702 1016 791 ἀπόγονος
1057 703 1497 793 Κρεωφύλου,
1536 702 1675 773 εἶτα
1708 702 2055 791 Ἀβάριδος
2090 708 2211 773 τοῦ
2236 703 2465 793 ’Τπερ-

169 812 412 896 βορέου
478 812 590 879 καὶ
649 810 950 900 Ζάρητος
1012 814 1134 879 τοῦ
1198 810 1434 899 μάγου.
1536 812 1925 893 παιδευθεὶς
1991 811 2065 879 δὲ
2128 812 2240 879 καὶ
2303 808 2458 897 παρ’
2492 834 2519 875 5

171 923 567 1021 Αἰγυπτίοις
610 920 720 987 καὶ
759 922 1125 998 Χαλδαίοις
1160 909 1374 1005 ἦλθεν
1411 924 1506 998 είς
1544 918 1807 1007 Σάμον,
1851 920 1961 987 καὶ
1998 915 2217 1006 εῦρών
2255 914 2467 1004 αὐτὴν

169 1028 772 1113 τυρραννουμένην
830 1023 962 1094 ὑπὸ
1010 1028 1488 1112 Πολυκράτους
1537 1024 1793 1114 ἀπῆρεν
1836 1031 1932 1105 εἰς
1976 1024 2307 1112 Κρότωνα
2351 1028 2468 1111 τῆς

163 1129 444 1214 Ἰταλίας
487 1134 598 1201 καὶ
648 1132 900 1219 σχολὴν
948 1132 1450 1225 συστησάμενος
1506 1143 1739 1203 πλεῖον
1785 1130 1827 1221 ἢ
1876 1137 2259 1216 ἑξακοσίους
2320 1138 2466 1220 ἔσχε

169 1246 567 1328 γνωρίμους.
671 1232 844 1327 ἦσαν
909 1238 984 1307 δὲ
1051 1236 1230 1330 αὐτῷ
1295 1240 1404 1307 καὶ
1460 1238 1744 1326 άδελφοὶ
1802 1241 1959 1326 δύο,
2022 1239 2468 1328 πρεσβύτερος

169 1346 282 1432 μὲν
332 1346 684 1435 Εὔνομος,
739 1346 940 1433 με’σος
988 1345 1062 1413 δὲ
1115 1345 1477 1434 Τυρρηνός.
1571 1350 1817 1427 δοῦλος
1862 1348 1936 1415 δὲ
1982 1339 2069 1434 ἦν
2115 1344 2292 1439 αὐτῷ
2343 1344 2467 1413 Ζά-
2498 1369 2549 1409 10

169 1456 426 1539 μολξις,
485 1445 540 1545 ᾦ
587 1453 783 1521 Γέται
839 1448 930 1532 ὥς
977 1450 1226 1543 Κρόνῳ
1284 1451 1556 1520 θύουσι.
1647 1451 1940 1540 γαμετὴν
1996 1452 2058 1521 δ’
2112 1454 2468 1541 ἐποιήσατο

168 1559 400 1629 Θεανὼ
471 1558 597 1647 τὴν
663 1565 1039 1648 Βροντίνου
1101 1563 1222 1627 τοῦ
1283 1558 2205 1651 Κροτωνιάτουοθυγατέρα,
2264 1562 2328 1642 ἐξ,
2393 1552 2473 1647 ἧς

167 1668 272 1735 καὶ
320 1673 560 1749 παῖδες
609 1665 786 1759 αὐτῷ
841 1667 1150 1753 ἐγένοντο
1198 1664 1357 1751 δύο,
1413 1666 1761 1755 Τηλαύγης
1806 1669 1915 1735 καὶ
1964 1667 2246 1756 Δάμων,
2293 1663 2334 1753 ἢ
2384 1664 2471 1746 ὥς

167 1800 341 1855 τινες
391 1774 838 1863 Μνήσαρχος,
893 1772 1058 1841 κατὰ
1114 1774 1195 1840 δέ
1243 1799 1431 1852 τινας
1478 1774 1589 1841 καὶ
1634 1772 1943 1861 θυγάτηρ
1991 1781 2185 1842 Μυῖα
2233 1772 2471 1859 ὄνομα,

170 1882 332 1949 κατὰ
392 1882 468 1951 δὲ
515 1881 760 1961 ἄλλους
804 1882 914 1949 καὶ
947 1879 1329 1966 Ἀριγνώτη.
1422 1881 1800 1967 συνέγραψε
1848 1881 1922 1949 δὲ
1970 1878 2005 1949 ὁ
2054 1878 2470 1966 Πυθαγόρας
2500 1868 2579 1945 15‘

171 1987 343 2073 μόνα
400 1994 552 2076 τρία
593 1995 850 2076 βιβλία·
910 1986 1370 2073 παιδευτικόν,
1419 1987 1794 2073 πολιτικόν,
1850 1986 1925 2056 τὸ
1975 1988 2049 2055 δὲ
2095 1985 2473 2076 φερόμενον

170 2100 404 2183 τρίτον
451 2094 540 2175 ὡς
585 2092 1012 2182 Πυθαγόρου
1057 2089 1358 2171 Λύσιδός
1403 2093 1540 2183 ἐστι
1586 2096 1708 2160 τοῦ
1762 2099 2205 2179 Ταραντίνου,
2252 2101 2470 2179 μαθη-

169 2207 288 2269 τοῦ
345 2201 562 2271 αὐτοῦ
614 2201 985 2289 γενομένου
1039 2198 1150 2266 καὶ
1206 2200 1543 2284 φυγόντος
1598 2203 1691 2277 εἰς
1737 2198 1962 2286 Θήβας
2015 2200 2129 2267 καὶ
2173 2209 2473 2286 καθηγη-

169 2312 470 2397 σαμένου
520 2307 1042 2396 Ἐπαμεινώνδα.
1131 2303 1307 2384 τινὲς
1346 2299 1438 2372 ’δὲ
1493 2302 1931 2374 ἀνατιθέασιν
1990 2305 2169 2394 αὐτῷ
2224 2307 2335 2373 καὶ
2390 2306 2471 2373 τὰ

173 2534 270 2587 καὶ
309 2532 565 2604 Ζάρατος
601 2533 702 2585 τοῦ
741 2527 942 2625 μάγου.
1011 2522 1150 2597 μεθ’
1191 2547 1292 2589 ους
1328 2523 1440 2583 ὑπὸ
1479 2528 1799 2599 Αἰγυπτίων
1835 2528 1933 2584 καὶ.
1968 2530 2274 2583 Χαλδαίων
2311 2525 2471 2584 ἐπαι-

170 2611 377 2685 δεύθη.
455 2610 576 2667 εἶτα
629 2609 708 2674 εἰς
752 2606 952 2680 Σάμον
1003 2604 1189 2663 ἔλθων
1237 2605 1334 2663 δια
1381 2608 1720 2681 Πολυκράτη
1767 2606 1868 2667 τὸν
1917 2607 2197 2680 τύραννον
2250 2604 2473 2678 άπῆρεν

175 2691 254 2754 εἰς
283 2689 563 2763 Κρότωνα
601 2692 698 2760 τῆς
732 2687 989 2758 Ἰταλίας,
1027 2690 1132 2742 καί
1161 2684 1216 2741 τ’
1251 2685 1374 2757 ἔσχε
1415 2688 1705 2760 μαθητάς,
1742 2690 2048 2761 προτέρους
2083 2710 2143 2745 τε
2182 2684 2473 2757 ἀδελφοὺς

179 2768 448 2844 Εῦνομον
485 2772 582 2826 καὶ
616 2766 910 2841 Τυρρηνὸν
951 2768 1048 2823 καὶ
1085 2769 1290 2823 δοῦλον
1330 2765 1623 2841 Ζάμολξιν,
1662 2764 1703 2845 ᾧ
1740 2772 1911 2827 Γέται
1947 2769 2192 2827 θύουσιν
2222 2765 2297 2833 ὦς
2323 2766 2471 2839 Κρό-

171 2871 274 2925 νῳ,
325 2850 580 2925 γαμετήν
624 2872 684 2906 τε
735 2847 962 2918 Θεανώ,
1019 2846 1077 2917 ἐξ
1124 2843 1192 2919 ἧς
1237 2853 1440 2915 παῖδες
1490 2828 1786 2924 Τηλαύγης
1833 2850 1863 2907 ὁ
1916 2846 2296 2922 σχολαρχήσας
2346 2842 2468 2919 μετ’

173 2928 353 2989 αὐτὸν
393 2932 486 2987 καὶ
517 2930 748 3003 Δάμων,
787 2926 823 3000 ἢ
857 2952 930 2993 ως
962 2951 1111 2991 τινες
1140 2928 1497 3002 Μνήσαρχος,
1526 2932 1785 3003 θυγάτηρ
1824 2932 1887 2989 δὲ
1918 2938 2105 2999 Μυῖα,
2147 2926 2182 3001 ἢ
2213 2951 2289 2992 ως
2326 2949 2475 2991 τινες

170 3007 478 3083 Ἀριγνῶτη.
525 3009 922 3083 συνεγράψατο
951 3011 1015 3066 δὲ
1049 3012 1232 3085 βιβλία
1262 3014 1414 3081 τρία,
1443 3010 1827 3080 παιδευτικόν,
1866 3010 2172 3080 πολιτικόν,
2212 3005 2470 3078 φυσικόν.

173 3090 234 3145 τὸ
263 3094 328 3151 δὲ
358 3091 678 3165 φερόμενον
699 3092 847 3161 (add.
870 3094 1078 3161 τρίτον)
1101 3086 1175 3153 ὦς
1195 3088 1549 3162 Πυθαγόρου
1570 3089 1814 3155 Λύσιδός
1836 3090 1950 3147 ἐστι
1971 3092 2070 3147 τοῦ
2099 3090 2473 3157 Ταραντίνου,

177 3175 444 3245 μαθητοῦ
483 3169 691 3243 αὐτοῦ,
730 3168 1013 3242 φυγόντος
1050 3170 1131 3234 εἰς
1170 3169 1362 3243 Θήβας
1401 3168 1464 3227 ἐκ
1502 3173 1603 3227 τοῦ
1644 3170 1972 3243 ἐμπρησμοῦ
2010 3175 2105 3226 καὶ
2142 3175 2475 3240 καθηγησα-

173 3253 352 3322 μένου
395 3249 846 3325 Ἐπαμεινώνδα.
929 3250 1078 3315 τινὲς
1125 3250 1188 3307 δὲ
1242 3254 1342 3307 καὶ
1386 3250 1456 3307 τὰ
1508 3254 1684 3323 χρυσᾶ
1741 3252 1847 3323 ἔπη
1897 3246 2249 3345 Πυθαγόρου
2297 3247 2472 3317 φασὶν

176 3331 344 3390 εἶναι.
403 3329 669 3404 ἀπείχετο
709 3332 772 3388 δὲ
811 3334 922 3387 τῶν
963 3329 1234 3402 ἐμψύχων
1270 3332 1369 3387 καὶ
1403 3329 1637 3404 κυάμων
1675 3334 1772 3388 καὶ
1810 3329 1912 3400 τὴν
1940 3329 2133 3402 ψυχὴν
2172 3330 2285 3400 ἔφη
2323 3326 2473 3385 άθά·

176 3432 368 3469 νατον.
437 3409 909 3483 ἐνενηκοντούτης
948 3411 1012 3468 δὲ
1051 3414 1282 3488 τελευτᾷ
1323 3410 1463 3483 μετὰ
1500 3414 1775 3483 μαθητῶν
1804 3409 1887 3484 μ,
1928 3410 2369 3483 ἐμπρησθέντων
2410 3406 2471 3466 ἐν

180 3492 334 3570 οἰκίᾳ
371 3496 437 3567 τῇ
479 3489 641 3565 αὐτῇ.
717 3488 873 3547 αλλοι
922 3491 988 3547 δέ
1026 3511 1228 3562 φασιν,
1278 3513 1364 3547 οτι
1410 3494 1668 3585 πολεμῶν
1708 3490 1847 3564 μετὰ
1885 3494 1998 3547 τῶν
2044 3493 2319 3561 μαθητῶν
2359 3486 2472 3544 ὑπὸ

175 3550 615 3644 Ἀκραγαντίνων
666 3561 937 3627 ἀπώλετο.
1022 3574 1182 3639 Unde
1237 3577 1496 3643 apparet,
1555 3574 1613 3628 in
1670 3573 1875 3627 Suidae
1932 3571 2168 3625 articulo
2226 3573 2474 3625 extrema

180 3652 450 3725 Hesychii
483 3654 659 3709 verba
695 3652 965 3707 excidisse
995 3670 1297 3722 eorumque
1326 3655 1452 3709 loco
1479 3655 1643 3724 Diog.
1664 3653 1811 3721 VIII,
1842 3658 1909 3706 39
1939 3651 2305 3719 compilatum
2336 3666 2469 3703 esse.

181 3732 306 3787 Dixi
350 3734 420 3789 de
459 3732 580 3788 viia
616 3734 844 3801 eiusque
884 3733 1286 3788 additamentis
1325 3736 1464 3789 Mus.
1505 3734 1679 3788 Rhen.
1720 3733 1755 3787 1.
1798 3749 1842 3786 c.
1917 3732 2000 3784 Ex
2048 3730 2300 3799 Diogene
2338 3730 2473 3783 Por-

182 3813 480 3883 phyriique
521 3815 641 3869 vita
670 3814 1024 3884 Pythagorae
1054 3815 1200 3882 (coll.
1233 3819 1263 3878 ξ
1294 3821 1327 3867 4
1356 3814 1415 3867 et
1446 3815 1535 3882 12)
1564 3814 1862 3867 conflatam
1892 3828 2011 3865 esse
2040 3810 2233 3865 docuit
2259 3807 2473 3876 Rohde,

182 3892 324 3948 MuS.
364 3895 540 3948 Rhen.
580 3892 816 3946 XXXIII
852 3910 906 3961 p.
937 3898 1042 3947 205
1080 3896 1194 3949 not.
1345 3901 1369 3947 1
1412 3889 1791 3962 Μνηστάρχου
1823 3897 1916 3945 ΒΕ
2063 3898 2093 3945 2
2133 3891 2347 3961 πρῶτος
2377 3894 2472 3941 ΔΕ

185 3977 218 4024 4
252 3971 589 4042 Κρεοφύλου
619 3977 664 4024 Δ
701 3973 1020 4040 Κρεοφίλου
1047 3979 1090 4024 Ε
1219 3980 1282 4027 12
1325 3975 1593 4041 Βροτίνου
1622 3978 1667 4025 Δ
1706 3974 2014 4039 Βροντίνου
2037 3972 2136 4026 rel.
2262 3976 2326 4024 13
2358 3967 2473 4024 Δά-

186 4070 302 4118 μων
339 4052 518 4105 filium
563 4070 665 4122 pro
711 4053 830 4106 filia
869 4048 1042 4122 Δαμώ
1091 4053 1274 4125 (Diog.
1307 4054 1460 4122 VIII,
1500 4058 1555 4118 1)
1602 4054 1846 4108 errantes
1890 4052 2126 4107 laudant
2172 4050 2371 4105 ΞαΝειε
2419 4050 2477 4104 et

186 4133 354 4189 schol.
384 4134 629 4188 Platon:
674 4132 742 4186 ef.
773 4132 988 4200 Rohde,
1017 4131 1158 4189 Mus.
1187 4134 1364 4191 Rhen.
1392 4132 1625 4187 XXXIII
1652 4152 1707 4202 Ρ.
1737 4139 1840 4187 205
1872 4134 2011 4188 not.
2101 4137 2167 4185 15
2206 4126 2235 4185 ὁ
2268 4124 2475 4184 Πυθά·

188 4232 353 4282 γορας
391 4232 496 4269 om
527 4219 574 4265 V
717 4210 822 4267 δύο
860 4208 1036 4283 μόνον
1076 4216 1260 4284 βιβλία
1298 4216 1450 4269 Eud.
1571 4216 1696 4281 τρία
1734 4214 1870 4267 olim
1909 4198 2181 4282 seriptum
2219 4210 2318 4265 sed
2356 4226 2474 4265 era.-

189 4311 300 4347 sum
333 4292 526 4347 Eud*
641 4299 702 4346 16
744 4287 988 4361 φυσικὸν
1015 4294 1148 4360 post
1183 4291 1472 4349 πολιτικόν
1501 4292 1771 4349 excidisse
1811 4293 2121 4363 suspicatus
2162 4294 2248 4346 est
2278 4292 2476 4345 Mena-

189 4375 306 4444 9iu8
341 4374 402 4427 in
438 4370 604 4443 Diog.
635 4371 782 4441 VIII,
813 4378 844 4425 6
965 4376 1030 4425 19
1064 4365 1498 4443 Ἐπαμεινωνδα
1537 4374 1871 4448 Bernhardy
1904 4368 2307 4444 Ἐπαμινώνδα
2345 4372 2477 4426 libri
