3025 4892
565 208 694 271 228
1485 206 1911 261 HESYCHIUS.

564 363 1257 455 ἀνδραποδισθέντων
1308 370 1444 434 τῶν
1500 365 1852 453 Κυθήρων
1905 362 2037 431 ὑπὸ
2091 366 2639 449 Λακεδαιμονίων
2690 361 2818 449 ἦγο-

566 472 788 562 ράσθη
836 471 966 542 ὑπὸ
1002 471 1361 559 ’Λγεσύλου
1397 471 1581 552 τινὸς
1626 472 1735 539 καὶ
1781 468 1894 539 ὑπ’
1942 466 2153 538 αὐτοῦ
2192 469 2466 557 ἐτράφη,
2512 470 2618 538 καὶ
2654 469 2822 554 Μύρ-

565 582 690 668 μηξ
756 581 1074 649 ἐκαλεῖτο·
1141 578 1507 666 ἐπαιδεύθη
1576 579 1652 647 δὲ
1714 576 1875 665 μετά
1938 576 2060 645 τὸν
2117 575 2424 645 θάνατον
2473 575 2819 663 Ἄγεσύλου,

563 692 1082 755 Μελανιππίδου
1119 689 1491 775 πριαμένου
1529 683 1737 753 αὐτὸν
1773 688 1897 752 τοῦ
1932 688 2231 773 λυρικοῦ.
2286 690 2533 773 ἔγραψε
2568 683 2651 773 δὲ,
2674 692 2825 771 μελι-

510 812 536 853 5
563 797 695 873 κῶς
747 800 1182 880 γενεαλογίαν
1228 796 1363 862 τῶν
1412 794 1773 861 Αἰακιδῶν.

739 901 1196 970 DOCOXLIII.
1276 898 1710 979 Φιλόξενος
1748 895 2219 985 Ἀλεξανδρεὺς
2260 898 2726 985 γραμματικός,
2766 897 2828 977 ὃς

564 1007 1036 1093 ἐσοφίστευσεν
1093 1007 1166 1073 ἐν
1201 1003 1438 1093 Ῥώμῃ.
1530 1005 1680 1093 περὶ
1732 1003 2263 1091 μονοσυλλάβων
2308 1004 2651 1093 ῥημάτων,
2702 1007 2829 1090 περὶ

562 1117 855 1200 σημείων
901 1115 1038 1180 τῶν
1087 1113 1161 1179 ἐν
1207 1116 1286 1200 τῆ
1323 1108 1573 1199 Ἰλιάδι,
1620 1112 1770 1198 περὶ
1815 1114 1951 1180 τῶν
2000 1116 2095 1192 εἰς
2140 1139 2213 1199 μι
2260 1110 2610 1199 ληγόντων
2654 1111 2829 1199 ῥημά-

563 1245 728 1306 των,
785 1220 934 1304 περὶ
982 1221 1504 1304 διπλασιασμοῦ,
1566 1217 1715 1305 περὶ
1762 1219 2053 1306 με’τρων,
2096 1218 2247 1315 περὶ
2292 1223 2419 1305 τῆς
2454 1223 2592 1287 τῶν
2638 1226 2831 1303 Συρα-

489 1346 541 1387 10
566 1332 861 1398 κουσίων
909 1326 1279 1411 διαλέκτου,
1325 1324 1475 1411 περὶ
1524 1324 1928 1411 ἑλληνισμοῦ
1976 1322 2063 1410 ς’,
2108 1311 2261 1413 περὶ
2307 1330 2665 1412 συζυγιῶν,
2706 1327 2832 1413 περὶ

564 1436 886 1518 γλωσσῶν
933 1430 1015 1517 ε’,
1071 1424 1220 1520 περὶ
1265 1434 1401 1500 τῶν
1447 1428 1605 1519 παρ’
1647 1427 1908 1522 Ὁμήρω
1954 1434 2309 1517 γλωσσῶν,
2366 1434 2515 1521 περὶ
2562 1437 2677 1519 τῆς
2719 1440 2829 1499 Λα-

561 1566 802 1609 κωνων
849 1540 1218 1621 διαλέκτου,
1265 1538 1416 1625 περὶ
1461 1541 1580 1624 τῆς
1623 1537 1828 1617 Ιάδος
1874 1538 2228 1607 διαλέκτου
2259 1539 2374 1607 καὶ
2408 1542 2549 1607 τῶν
2586 1544 2829 1608 λοιπῶν.

739 1647 1195 1715 DOCCXLIV.
1277 1648 1723 1732 <Φίλιππος
1753 1642 2288 1732 Ὀπούντιος),
2335 1644 2735 1733 φιλόσοφος,
2774 1643 2835 1725 ὃς

562 1751 721 1834 τοὺς
778 1751 1145 1832 Πλάτωνος
1191 1749 1471 1837 Νόμους
1530 1753 1777 1821 διεῖλεν
1839 1754 1932 1831 εἰς
1986 1756 2213 1837 βιβλία
2270 1750 2391 1838 ιβ’·
2447 1751 2523 1821 τὸ
2582 1751 2705 1841 γὰρ
2756 1754 2832 1837 ιγ’

489 1878 538 1918 1⁵
568 1857 769 1938 αὐτὸς
829 1866 1230 1947 προσθεῖναι
1295 1858 1569 1943 λέγεται.
1670 1857 1781 1925 καὶ
1845 1848 1933 1944 ἦν
2004 1856 2411 1946 Σωκράτους
2472 1860 2588 1926 καὶ
2650 1856 2833 1928 αὐτοῦ

572 1965 940 2057 Πλάτωνος
990 1962 1352 2050 άκουστής,
1409 1963 1740 2053 σχολάσας
1785 1976 1925 2044 τοῖς
1971 1964 2342 2054 μετεώροις.
2432 1962 2531 2033 ὢν
2582 1966 2655 2034 δὲ
2696 1964 2835 2033 κατὰ

573 2078 908 2140 Φίλιππον
963 2069 1084 2139 τὸν
1133 2070 1504 2139 Μακεδόνα
1562 2070 2027 2157 συνεγράψατο
2085 2070 2269 2139 τάδε·
2326 2072 2477 2160 περὶ
2533 2076 2650 2159 τῆς
2694 2070 2834 2139 άπο-

565 2177 858 2258 στάσεως
908 2176 1105 2265 ἡλίου
1159 2178 1270 2245 καὶ
1327 2178 1641 2264 σελήνης,
1696 2178 1845 2266 περὶ
1900 2182 2086 2246 θεῶν
2132 2178 2221 2263 β’,
2276 2180 2429 2267 περὶ
2473 2180 2725 2267 χρόνον
2762 2182 2837 2263 α’,

564 2287 714 2374 περὶ
760 2285 1004 2373 μύθων
1053 2284 1146 2370 α’,
1193 2285 1342 2372 περὶ
1381 2286 1766 2374 ἐλευθερίας
1804 2283 1895 2370 α’,
1943 2285 2093 2368 περὶ
2133 2283 2337 2373 ὀργῆς
2372 2284 2475 2372 α’,
2522 2289 2672 2376 περὶ
2709 2285 2838 2353 άντ-

485 2412 537 2451 20
564 2391 949 2472 αποδόσεως
1013 2390 1106 2478 α’,
1171 2391 1319 2477 περὶ
1378 2394 1664 2479 Λοκρῶν
1729 2394 1864 2458 τῶν
1905 2388 2342 2478 Ὀπουντίων,
2408 2395 2561 2481 περὶ
2617 2391 2841 2480 ἡδονῆς

565 2498 658 2585 αἶ,
705 2500 854 2588 περὶ
903 2505 1145 2587 ἔρωτος
1191 2497 1284 2584 α’,
1329 2500 1480 2585 περὶ
1530 2503 1749 2585 φίλων
1796 2498 1907 2565 καὶ
1953 2506 2180 2585 φιλίας
2216 2500 2309 2587 α’,
2356 2500 2506 2590 περὶ
2545 2503 2665 2568 τοῦ
2702 2498 2838 2587 γρά-

566 2632 743 2692 φειν,
791 2606 941 2694 περὶ
981 2604 1367 2690 Πλάτωνος,
1415 2604 1565 2694 περὶ
1604 2607 1954 2686 ἐκλείψεως
1990 2607 2297 2694 σελήνης,
2341 2607 2493 2694 περὶ
2531 2609 2842 2695 μεγέθους

565 2709 761 2798 ἡλίου
814 2712 926 2779 καὶ
985 2709 1267 2797 σελήνης
1321 2710 1432 2778 καὶ
1477 2714 1601 2797 γῆς
1646 2709 1738 2796 α’,
1794 2712 1944 2799 περὶ
1989 2710 2379 2800 ἀστραπῶν,
2424 2714 2578 2802 περὶ
2615 2721 2841 2797 πλανη-

562 2821 730 2902 τῶν,
803 2814 1241 2905 άριθμητικά,
1315 2817 1465 2902 περὶ
1528 2816 1932 2903 πολυγόνων
1997 2815 2340 2907 ἀριθμῶν,
2413 2817 2700 2889 όπτικῶν
2760 2817 2841 2905 β’,

487 2945 538 2985 25
570 2926 936 2992 ἐνοπτικῶν
979 2924 1075 3011 β’,
1120 2922 1474 3010 κυκλιακά,
1523 2922 1886 3010 μεσότητας
1930 2924 2041 2991 καὶ
2088 2924 2273 2994 ἄλλα.

743 3032 1164 3100 DGCOXLV.
1226 3030 1767 3118 Φιλόστρατος
1815 3033 2276 3121 Φιλοστράτου
2310 3037 2435 3102 τοῦ
2470 3035 2583 3102 καὶ
2612 3035 2839 3121 Βήρου,

712 3242 739 3289 1
775 3231 1085 3305 Ἀθηναίων
1120 3252 1222 3306 pro
1250 3240 1390 3290 Λακ.
1423 3252 1562 3290 corr.
1592 3234 1900 3306 Rem-esim,
1940 3238 2187 3293 Meineke
2214 3239 2239 3291 I
2276 3257 2329 3309 p.
2361 3242 2483 3293 635.
2561 3238 2643 3293 Cf.
2680 3236 2835 3292 efiam

565 3314 805 3385 Hesych.
844 3333 896 3369 v.
932 3312 1223 3372 Δούλωνα.
1295 3311 1397 3369 τὸν
1434 3312 1706 3384 μουσικὸν
1746 3313 2076 3387 Φιλόξενον,
2121 3314 2319 3388 ἐπειδὴ
2360 3320 2563 3381 δοῦλος
2603 3314 2836 3387 ἐγεγόνει

567 3391 598 3449 ὃ
642 3392 961 3460 Φιλόξενος·
1001 3388 1074 3466 ἦν
1111 3395 1175 3451 δὲ
1213 3393 1275 3450 τὸ
1315 3393 1480 3465 γένος
1518 3392 1814 3465 Κυθήριος

709 3474 1071 3530 DCCCXLIII
1103 3476 1256 3533 Eud.
1285 3495 1340 3546 p.
1371 3481 1490 3533 718.
1522 3475 1752 3531 Tractat
1778 3475 1977 3545 ΚΙοίείῑ,
2006 3478 2078 3533 de
2106 3479 2323 3535 Philox.
2350 3495 2587 3549 gramm.
2620 3478 2838 3549 (Gryph.

571 3559 727 3625 1865)
872 3562 904 3609 8
943 3553 1298 3625 σημειώσεων
1334 3563 1380 3610 V
1526 3564 1558 3611 9
1598 3559 2023 3627 διπλασιασμῶν
2058 3565 2104 3612 V
2251 3564 2316 3612 10
2356 3558 2661 3628 διαμέτρου
2698 3561 2789 3610 ΒΕ

570 3642 634 3691 12
672 3634 803 3705 περὶ
836 3630 1014 3698 Ἰάδος
1052 3668 1116 3676 -
1157 3637 1287 3693 exit.
1329 3654 1436 3692 om.
1467 3638 1619 3692 Eud.

707 3713 1069 3769 DCCOXLIV
1107 3716 1258 3771 Eud.
1306 3734 1360 3785 p.
1393 3723 1495 3771 720
1609 3724 1673 3771 13
1710 3716 1793 3771 De
1833 3733 2017 3773 errore
2053 3717 2269 3773 librarii
2307 3717 2422 3772 dixi
2450 3718 2669 3773 Unters.
2697 3737 2753 3787 p.
2785 3720 2839 3770 99

565 3799 681 3851 noia.
714 3803 741 3850 1
783 3792 1096 3865 φιλόσοφος
1130 3790 1192 3859 ὃς
1228 3797 1359 3851 libri
1397 3800 1455 3851 et
1489 3797 1641 3852 Eud.
1683 3799 1799 3853 Φιλ.
1839 3793 1952 3852 Ὀπ.
1994 3792 2059 3860 ὃς
2098 3799 2371 3853 Westerm.
2419 3798 2580 3853 nixus
2619 3797 2842 3853 auctori-

565 3877 684 3931 tate
719 3874 923 3944 Vos-sii,
960 3877 1207 3932 Reimsii
1243 3877 1314 3931 al.
1354 3877 1446 3946 (cf.
1469 3877 1629 3933 Vnae.
1668 3878 1800 3933 hist.
1830 3878 1921 3932 Gr.
1961 3896 2013 3948 p.
2036 3876 2086 3931 V
2116 3881 2229 3933 not.
2251 3878 2467 3947 west).
2535 3879 2738 3934 Verum
2774 3875 2843 3931 vi·

569 3956 771 4011 derunt
808 3956 1105 4012 Ges-‘merus
1141 3957 1212 4013 al.
1378 3960 1444 4010 15
1483 3952 1663 4011 αὐτοῦ
1700 3959 1803 4011 Πλ.
1841 3962 1938 4009 ΔΕ
1978 3951 2157 4011 αὐτοῦ
2194 3956 2294 4011 τοῦ
2330 3955 2427 4011 rel.
2594 3961 2660 4010 17
2697 3959 2844 4010 λακε-

569 4034 869 4107 δαιμόνιον
905 4042 951 4089 V
1099 4042 1164 4090 19
1202 4036 1332 4105 περὶ
1369 4031 1543 4106 ὀργῆς
1582 4068 1648 4076 -
1685 4033 1896 4107 ἡδονῆς
1932 4032 1994 4091 α’
2033 4036 2253 4091 omissis
2298 4035 2430 4105 περὶ
2464 4032 2589 4091 άντ.
2630 4032 2693 4091 α’
2730 4036 2845 4107 poet

568 4116 866 4184 πλανητῶν
904 4116 1068 4185 ponii>
1098 4123 1144 4170 V
1325 4112 1773 4181 α’νταποδῶσεως
1809 4119 1961 4173 Eud.
2140 4123 2207 4171 22
2253 4116 2382 4186 περὶ
2428 4112 2540 4173 ἐκλ.
2590 4116 2689 4171 καὶ
2733 4112 2844 4182 περὶ

571 4217 690 4268 μεγ.
727 4199 874 4267 vuly.
913 4197 1064 4253 Eud.
1103 4197 1234 4268 περὶ
1272 4191 1384 4252 buz.
1424 4193 1661 4267 σελήνης
1696 4204 1901 4252 Anvn

713 4276 1048 4331 DCCCXLV
1085 4278 1236 4336 Eud.
1267 4296 1321 4347 p.
1349 4283 1467 4333 715.
1506 4276 1709 4333 Eri-asaa-
1734 4278 1795 4333 in
1830 4277 2193 4349 sequentibus
2221 4276 2351 4333 vitis
2384 4275 2605 4347 aperuit
2624 4277 2845 4349 Kayser,

569 4357 742 4425 praef.
781 4357 854 4409 ad
890 4356 1005 4411 Vit.
1048 4357 1216 4427 Soph.
1247 4377 1311 4427 φ.
1341 4358 1549 4413 XXVII
1578 4376 1692 4426 seq.
1733 4361 1791 4416 et
1817 4360 1947 4416 mai.
1978 4360 2062 4415 ed.
2092 4378 2144 4429 p.
2175 4359 2227 4412 II
2256 4360 2369 4413 not.
2488 4363 2556 4412 26
2585 4358 2689 4412 τοῦ
2728 4350 2843 4412 υἱοῦ
