3025 4892
1171 207 1563 265 APPEMDJX.
1612 172 1619 177 ’
2386 209 2509 273 251

203 371 316 439 ἐπὶ
373 377 712 458 Διοτίμου
757 368 1083 459 ἄρχοντος
1125 366 1490 457 (Ἀθήνησι
1529 370 1683 455 καὶ)
1720 366 1913 457 βιοὺς
1950 374 2060 456 ἔτη
2099 367 2517 456 ὀγδοήκοντα

204 478 342 546 δύο
406 476 766 566 μετήλλαξε
825 474 948 546 τὸν
1002 480 1157 562 βίον
1220 476 1324 547 ἐπὶ
1371 482 1739 569 Θεοφίλου,
1790 472 2242 563 Ἀριστοτέλης
2299 474 2375 543 δὲ
2418 501 2517 551 τε-,

203 586 410 672 χθεῖς
449 586 557 653 ἐπὶ
597 585 1083 673 Διοτ<ρέφους,
1120 584 1231 653 καὶ
1270 582 1501 672 βιοὺς>
1540 589 1649 670 ἔτη
1690 581 2007 670 ἑξήκοντα
2043 587 2216 669 τρία,
2248 584 2519 672 τελευτᾷ

202 692 318 759 ἐπὶ
377 691 814 771 Φιλοκλέους·
861 692 1062 781 φοιτᾷ
1109 690 1184 759 δὲ
1233 689 1549 759 Πλάτωνι
1580 688 2030 779 Ἀριστοτέλης
2067 688 2171 755 ἐπὶ
2212 692 2515 775 Να<υσι-

201 800 466 885 γένους
525 798 638 866 καὶ
700 794 876 883 άπὸ)
941 802 1310 884 Θεοφίλου,
1375 794 1482 884 ἐφ’
1536 788 1621 865 οὗ
1674 800 1946 887 τελευτᾷ
1988 794 2325 881 -Πλάτων,
2391 797 2516 876 ἕως
2542 818 2569 859 ⁵

207 906 668 989 Φιλοκλέους,
735 900 841 990 ἐφ’
905 894 988 971 οὗ
1051 908 1324 993 τελευτᾷ
1375 900 1859 992 Ἀριστοτέλης,
1922 908 2037 989 ’ἔτη
2105 910 2315 971 εἰκοσι
2368 907 2519 990 τρία

201 1014 536 1097 (ἐπέζησε
568 1010 946 1096 Πλά>τωνι.
987 1007 1110 1079 οὐκ
1139 1008 1271 1098 ἄρα
1301 1002 1449 1096 οὖν,
1479 1012 1578 1090 οἱς
1598 1014 1753 1097 <οί>
1778 1006 1985 1079 αὐτὸν
2014 1012 2519 1097 συκοφαντοῦν·

201 1120 320 1198 τές
383 1138 596 1205 φασιν
643 1116 1379 1206 <τεσ>σαρακοντούτης
1418 1116 1869 1205 Ἀριστοτέλης
1914 1120 2157 1210 φ<οιτᾷ
2203 1117 2521 1187 Πλάτωνι

203 1223 317 1293 ἐπ’
369 1222 751 1311 Εὐδ>όξου·
797 1228 923 1292 τοῦ
965 1221 1092 1313 γὰρ
1129 1222 1620 1313 Ἀριστοτέλους
1666 1224 1984 1312 ἑξήκοντα
2026 1230 2177 1314 τρία
2216 1230 2327 1313 ἔτη
2364 1224 2522 1312 βιαί-

207 1353 476 1411 σαντος
509 1336 660 1419 τρία
689 1336 800 1418 ἔτη
831 1332 1012 1399 ἐστὶν
1041 1329 1175 1400 άπὸ
1207 1329 1598 1418 <θανάτου>
1632 1330 2022 1418 Πλάτωνος,
2068 1330 2523 1423 ἀφῃρημένων
2556 1355 2607 1393 1⁰

210 1444 366 1507 τῶν
423 1445 680 1507 εἴκοσιν
731 1440 932 1523 ε’τῶν,
987 1433 1030 1505 ἃ
1083 1436 1398 1524 έσχόλασε
1445 1437 1781 1507 Πλάτωνι.
1874 1441 1949 1507 έν
1995 1438 2071 1508 δὲ
2124 1454 2265 1519 τοῖς
2306 1441 2527 1527 τρισὶν

209 1551 445 1613 ἔτεσιν
493 1541 576 1612 οὐ
622 1543 840 1629 μόνον
885 1541 1008 1613 οὐκ
1043 1536 1132 1632 ἦν
1168 1549 1458 1614 τοσαῦτα
1494 1547 1843 1632 ἐκθέσθαι,
1890 1542 2038 1615 ἀλλ’
2082 1544 2243 1616 οὐδὲ
2282 1546 2527 1633 ὁάδιον

212 1650 642 1738 ἀναγνῶναι.
712 1648 886 1720 οὕτω
931 1652 1302 1740 Φιλόχορος
1347 1656 1628 1742 ἱστορεῖ,
1672 1653 1784 1721 καὶ
1832 1649 1934 1720 ὅτι
1980 1651 2143 1723 οὐδὲ
2190 1650 2365 1734 εἰκὸς
2412 1646 2521 1741 ἦν,

213 1757 644 1847 Ἀριστοτέλη
707 1758 901 1839 ξένον
968 1757 1132 1828 ὄντα
1186 1764 1385 1829 τοῦτο
1447 1759 1792 1828 δύνασθαι
1848 1774 2067 1829 ποιεῖν
2120 1757 2286 1829 κατὰ
2344 1758 2525 1827 Πλά-

216 1892 450 1944 τωνος
484 1870 764 1935 πολίτου
800 1864 1250 1953 τυγχάνοντος
1284 1868 1395 1935 καὶ
1433 1870 1600 1955 μέγα
1640 1870 2028 1956 δυναμένου
2064 1866 2178 1936 διὰ
2218 1873 2525 1954 Χαβρίαν
2560 1868 2599 1925 4

215 1972 342 2041 καὶ
397 1970 756 2059 Τιμόθεον,
793 1971 962 2053 ’τοὺς
998 1971 1323 2061 Ἀθήνησι
1367 1973 1953 2063 στρατηγήσαντας
1986 1974 2097 2044 καὶ
2133 1973 2296 2044 κατὰ
2335 1975 2531 2061 γένος
2559 1945 2609 1985 ¹⁵

218 2077 414 2167 αὐτῷ
471 2078 948 2167 προσήκοντας.
1039 2079 1200 2169 μετὰ
1248 2081 1324 2151 δὲ
1369 2080 1492 2169 τὴν
1541 2081 1909 2161 Πλάτωνος
1953 2081 2264 2169 τελευτὴν
2312 2080 2530 2150 Σπεύ-

222 2208 474 2266 σιππος
531 2185 656 2273 μὲν
716 2184 753 2255 ὁ
805 2184 1172 2268 Πλάτωνος
1217 2185 1629 2277 ἀδελφιδοῦς
1673 2187 2020 2276 (ἐτύγχανε
2066 2187 2193 2274 γὰρ
2240 2188 2388 2269 υίὸς
2432 2184 2530 2257 ὧν

223 2294 588 2379 Ποτιόνης,
652 2298 768 2380 τῆς
830 2291 1128 2381 ἀδελφῆς
1179 2294 1577 2385 Πλάτωνος)
1651 2296 2023 2383 διαδέχεται
2076 2292 2200 2380 τὴν
2256 2294 2530 2382 σχολήν,

217 2400 682 2487 Ἀριστοτέλης
729 2400 802 2469 δὲ
855 2402 1188 2470 στέλλεται
1225 2406 1322 2481 εἰς
1358 2405 1822 2487 Μακεδονίαν,
1868 2402 2361 2489 μεταπεμφθεὶς
2396 2397 2529 2469 ὑπὸ
2559 2436 2612 2474 20

230 2513 610 2594 Φιλίππου,
670 2504 779 2594 ἐφ’
830 2498 884 2599 ᾦ
940 2505 1061 2576 τὸν
1117 2506 1274 2576 υίὸν
1329 2506 1540 2577 αὐτοῦ
1586 2513 1973 2578 παιδεῦσαι·
2027 2509 2139 2575 καὶ
2188 2506 2398 2588 οὕτως
2443 2499 2530 2594 ἦν

226 2621 452 2701 τίμιος
518 2620 826 2705 Φιλίππῳ
889 2615 999 2682 καὶ
1051 2612 1474 2701 Ὀλυμπιάδι,
1540 2612 1631 2695 ὥς
1694 2612 2055 2684 ἀναθεῖναι
2120 2612 2298 2705 αὐτῷ
2364 2616 2531 2701 μεθ’

235 2724 498 2791 ἑαυτῶν
568 2717 956 2807 ἀνδριάντα.
1061 2719 1095 2789 ὁ
1164 2721 1240 2790 δὲ
1303 2721 1710 2809 φιλόσοφος,
1776 2724 1943 2809 μέγα
2006 2722 2205 2810 μέρος
2262 2718 2360 2789 ὢν
2415 2725 2531 2808 τῆς

233 2834 604 2915 βασιλείας,
689 2826 956 2921 ὀργάνῳ
1029 2832 1109 2918 τῇ
1185 2829 1468 2916 δυνάμει
1546 2827 1713 2915 πρὸς
1794 2827 2103 2898 εὐποιίαν
2184 2828 2529 2917 ἐχρήσατο,

237 2938 358 3004 ἕνα
413 2961 482 3003 τε
540 2937 820 3004 ἕκαστον
873 2934 1236 3021 εὐεργετῶν
1291 2937 1402 3003 καὶ
1448 2934 1673 3016 πόλεις
1720 2934 1882 3016 ὅλας
1924 2936 2035 3003 καὶ
2081 2934 2336 3015 πάντας
2376 2933 2530 3022 ἅμα.
2558 2970 2611 3009 25

236 3040 366 3111 ὅσα
429 3040 554 3129 μὲν
617 3038 744 3129 γὰρ
811 3043 1090 3109 ἕκαστον
1155 3037 1630 3128 εὐηργέτησεν,
1700 3046 1773 3109 αἱ
1835 3044 2285 3131 γεγραμμέναι
2350 3039 2529 3134 αὐτῷ

233 3147 404 3235 πρὸς
457 3147 618 3228 τοὺς
664 3148 977 3234 βασιλέας
1019 3153 1178 3236 περί
1223 3174 1432 3216 τινων
1479 3150 1817 3219 ἐπιστολαὶ
1864 3152 2222 3237 δηλοῦσιν,
2284 3146 2409 3217 ὅσα
2456 3147 2531 3217 δὲ

233 3254 464 3335 πόλεις
508 3252 686 3342 ὅλας,
731 3251 811 3323 τὰ
858 3253 1194 3341 Στάγειρα
1241 3258 1442 3342 δηλοῖ
1479 3258 1593 3324 καὶ
1639 3254 1967 3345 Ἐρεσσός,
2014 3253 2055 3344 ἡ
2094 3255 2533 3343 Θεοφράστου

236 3364 352 3431 καὶ
415 3367 680 3432 Φανίου
733 3366 884 3429 τῶν
925 3360 1136 3429 αὐτοῦ
1191 3371 1514 3449 μαθητῶν
1570 3369 1819 3451 πατρίς.
1910 3362 2033 3449 τήν
2090 3390 2159 3431 τε
2208 3361 2335 3449 γὰρ
2383 3364 2531 3429 ἑαυ-

240 3473 366 3538 τοῦ
421 3472 706 3557 πατρίδα
754 3467 1090 3556 Στάγειρα
1143 3483 1683 3555 κατασκαφεῖσαν
1735 3467 1866 3538 ὑπὸ
1919 3472 2258 3537 Φιλίππου
2311 3475 2531 3537 πείθει

390 3735 416 3781 1
453 3723 714 3797 Ἀθήνησι
751 3727 849 3782 καὶ
876 3744 983 3782 om.
1016 3728 1134 3783 cod.
1173 3726 1352 3797 suppl.
1381 3724 1566 3781 Robbe
1675 3733 1706 3781 3
1745 3722 1839 3781 ἐπὶ
1869 3731 2008 3780 Διοτ
2036 3769 2049 3782 .
2081 3768 2094 3781 .
2127 3765 2141 3781 .
2173 3767 2184 3780 .
2214 3726 2372 3796 βιους
2409 3724 2529 3779 cod.

244 3827 384 3866 corr.
421 3806 605 3863 Robbe
784 3814 817 3862 4
855 3810 954 3862 Να
993 3850 1004 3862 .
1035 3850 1048 3863 .
1083 3850 1096 3863 .
1127 3851 1138 3863 .
1176 3802 1293 3862 άπὸ
1335 3806 1456 3861 cod.
1495 3805 1677 3876 suppl.
1715 3806 1901 3861 Robbe
2039 3813 2068 3861 7
2108 3802 2340 3872 ἐπέζησε
2381 3804 2529 3875 Πλα]

243 3908 355 3945 om.
377 3889 497 3943 eod.
519 3888 908 3963 suppLRobbe·
1015 3883 1088 3949 ὡς
1124 3880 1288 3941 ‹ac-53:02
1317 3886 1436 3940 cod.
1477 3882 1552 3948 ὡς
1588 3877 1747 3940 οὗτοι
1774 3886 1959 3941 Robbe
1998 3881 2073 3949 ὥς
2110 3883 2170 3939 οἱ
2203 3880 2381 3938 αὐτὸν
2411 3902 2529 3938 συκ.

243 3988 383 4027 corr.
404 3970 596 4025 Rohde
705 3973 738 4021 8
769 3984 944 4036 φασιν
975 4009 986 4020 .
1017 4010 1029 4023 .
1063 4009 1074 4021 .
1105 3961 1559 4036 σαρακοντούτης
1588 3960 1953 4034 Ἀριστοτέλης
1986 3986 2029 4036 φ
2063 4008 2075 4020 .
2105 4008 2116 4020 .
2150 4008 2162 4020 .
2196 4009 2208 4020 .
2239 3966 2371 4030 οξου
2410 3963 2531 4017 cod.

242 4048 427 4120 suppl.
455 4048 640 4104 Robbe
734 4054 799 4101 10
835 4043 1097 4103 θανάτου
1126 4064 1233 4101 om.
1264 4046 1385 4100 cod.
1425 4045 1608 4115 suppl.
1638 4045 1823 4100 Robbe
1916 4052 1979 4100 15
2010 4042 2106 4100 διὰ
2136 4041 2269 4107 τούς
2300 4048 2367 4098 Χ.
2398 4045 2531 4097 στας

241 4127 377 4194 τοὺς
411 4127 755 4199 transposuit
789 4128 1000 4194 Robbe,
1037 4128 1134 4198 qui
1171 4128 1343 4183 etiam
1377 4122 1687 4195 Ἀθηναίων
1733 4143 1786 4195 p.
1830 4120 2095 4195 Ἀθήνησι
2140 4125 2365 4194 flagitat·

243 4219 312 4268 23
351 4209 529 4264 Huius
577 4210 796 4263 sssatuae
846 4208 1004 4262 nulla
1046 4207 1257 4262 mentio
1303 4207 1366 4261 fit
1411 4205 1563 4276 apud
1600 4202 1742 4260 alios
1782 4205 2079 4275 scriptores
2194 4205 2533 4275 φιλοσοφίας

243 4291 364 4347 cod.
406 4308 544 4344 corr.
572 4289 756 4343 Robbe
864 4295 930 4342 27
969 4284 1112 4341 κατὰ
1152 4288 1272 4343 cod.
1302 4281 1442 4355 πρὸς
1470 4285 1656 4340 Robbe
1765 4290 1833 4338 28
1866 4278 2090 4354 Ἐρεσός
2116 4283 2209 4338 hic
2238 4286 2296 4339 eia
2322 4302 2376 4352 p.
2408 4288 2531 4356 252,

242 4364 282 4419 1.
323 4369 356 4418 8
393 4362 511 4416 sine
550 4376 720 4416 causa
753 4357 960 4415 idonea
996 4359 1179 4414 Robbe
