3025 4892
580 198 708 261 158
1507 200 1937 255 HESYCHIUS.

579 361 841 443 σηνῶν,
903 355 1419 444 Ἡλιουπόλεως,
1494 365 1975 447 Βοσποριατῶν
2046 362 2159 429 καὶ
2230 360 2455 429 ἄλλων
2522 368 2838 446 πλείστων,

579 464 1183 551 προγυμνᾶσματα,
1230 468 1470 553 τέχνην
1518 466 1897 555 ῥητορικήν.
1989 474 1996 477 ’

755 588 1110 658 DXGVIII.
1162 588 1620 673 Οὐλπιανός
1654 590 2028 679 Ἀντιοχεὺς
2061 598 2179 679 τῆς
2211 574 2519 723 Συρίας,
2530 596 2838 679 σοφιστής,

575 694 940 775 παιδεύσας
1002 696 1334 785 πρότερον
1388 703 1482 777 εἰς
1513 696 1811 785 ’Ἑμεόαν
1874 704 1947 767 ἐν
2001 710 2145 779 τοῖς
2194 700 2357 769 κατὰ
2415 699 2538 768 τὸν
2595 704 2841 785 βασιλέα

525 821 551 860 5
578 806 1100 872 Κωνσταντῖνον
1138 804 1424 891 χρόνοις.
1498 805 1742 892 λόγους
1778 807 2172 894 διαφόρους,
2210 795 2503 894 μελέτας,
2552 808 2843 887 διαλέξεις

575 908 685 973 καὶ
733 906 900 1005 ἄλλα
944 911 1116 981 τινά.

658 1034 666 1041 ’
752 1028 1044 1095 DXOIX.
1121 1025 1573 1107 Οὐλπιανὸς
1619 1034 1959 1110 Γαζαῖος..

752 1142 885 1208 DC.
967 1150 1044 1208 Π
1055 1169 1096 1208 α
1115 1171 1158 1229 γ
1175 1170 1214 1211 κ
1234 1171 1272 1232 ρ
1297 1172 1338 1211 α
1356 1170 1393 1210 τ
1413 1172 1436 1210 ι
1460 1171 1495 1210 ο
1520 1171 1552 1222 ς
1616 1145 1955 1233 σοφιστής.
1989 1083 2142 1226 Ualg
2207 1146 2331 1235 τὴν
2396 1150 2843 1255 Μινουκιανοῦ

579 1249 819 1358 τέχνην
865 1246 1248 1336 ὑπόμνημα.

501 1402 550 1439 ιο
756 1372 924 1441 DCI
980 1381 1057 1439 Π
1064 1400 1106 1440 α
1117 1400 1507 1461 γκρατιος
1582 1373 1827 1442 τούτου
1873 1352 2194 1463 φέρονται
2233 1373 2694 1465 Ὀψαρτυτικὰ
2703 1374 2839 1444 καθ’

577 1476 861 1564 εκάστην
933 1478 1211 1566 τροφήν.
1321 1478 1609 1567 ἤκμαζεν
1686 1482 1790 1549 ἐπὶ
1863 1485 1999 1549 τῶν
2069 1480 2343 1570 χρόνων
2402 1486 2689 1603 Λέοντος
2742 1486 2845 1551 τοί

573 1585 950 1672 πρεσβύτου
993 1587 1103 1653 καὶ
1155 1587 1277 1665 ἕως
1315 1585 1653 1672 Ζήνωνος.

639 1753 644 1757 -
749 1712 952 1778 DClI.
1044 1710 1172 1777 Π
1131 1737 1502 1796 ακατος,
1561 1709 1597 1778 ὃ
1656 1711 2033 1792 Μινούκιος
2062 1721 2525 1801 .χρηματίσας-,
2583 1714 2702 1803 <ὁ>
2752 1714 2844 1781 καὶ

575 1820 961 1902 Εἰρηναῖος,
1007 1813 1473 1904 Ἀλεξανδρεὺς
1519 1819 1987 1905 γραμματικός.
2053 1823 2203 1906 περὶ
2241 1825 2357 1908 τῆς
2388 1819 2846 1909 Ἀλεξανδρέων

497 1932 546 1973 1⁵
577 1924 926 1991 διαλέκτου
971 1918 1012 2009 ἢ
1069 1924 1217 2010 περὶ
1276 1924 1685 2011 ἑλληνισμοῦ
1736 1931 1965 2013 βιβλία
2022 1927 2075 2009 ζ’
2125 1928 2291 2016 (ἔστι
2352 1928 2427 1995 δὲ
2485 1928 2649 1997 κατὰ
2693 1948 2841 1994 στοι-

575 2031 821 2119 χεῖον),
876 2031 1025 2117 περὶ
1067 2027 1358 2117 Ἀττικῆς
1415 2034 1783 2116 συνηθῖίας
1837 2036 1953 2119 τῆς
2010 2035 2083 2101 ἐν
2139 2036 2308 2115 λέξει
2370 2036 2482 2103 καὶ
2529 2037 2843 2124 προσῳδίᾳ

572 2140 802 2221 βιβλία
847 2135 918 2222 γ’
971 2138 1133 2224 (ἔστι
1180 2137 1254 2203 δὲ
1289 2134 1453 2204 κατὰ
1491 2139 1875 2227 στοιχεῖον),
1924 2138 2075 2229 περὶ
2115 2144 2494 2229 ἰδιωμάτων
2532 2146 2648 2231 τῆς
2676 2139 2843 2207 Ἀττι-

573 2246 692 2328 κῆς
746 2243 856 2311 καὶ
907 2248 1024 2331 τῆς
1072 2248 1384 2331 Δωρίδος
1446 2247 1831 2330 διαλέκτου,
1886 2246 2037 2334 περὶ
2089 2245 2479 2336 ἀττικισμοῦ
2543 2250 2651 2318 καὶ
2704 2246 2843 2314 ἄλλα

575 2350 805 2417 πολλοί.
898 2344 903 2348 ’

499 2476 550 2515 2⁰
761 2466 988 2534 DCIII.
1044 2472 1565 2553 Παλαίφατος
1606 2464 1963 2553 Ἀθηναῖος
2010 2470 2340 2556 ἐποποιός,
2388 2470 2535 2550 υίὸς
2571 2468 2844 2537 Ἀκταίον

573 2710 812 2785 Ἐμεσῆν
850 2722 903 2767 Η
931 2720 1046 2769 Ald.
1093 2716 1224 2785 περὶ
1261 2718 1531 2785 πατρίδος
1566 2711 1801 2785 Ἐμέσης
1835 2718 1980 2785 ναῖς.
2130 2726 2155 2772 1
2196 2720 2518 2790 Heliopolin
2556 2720 2741 2791 Syriae
2773 2718 2845 2771 in-

576 2794 774 2864 tellegi
812 2797 972 2863 patet
1009 2797 1097 2864 (cf.
1139 2795 1331 2865 Steph.
1371 2796 1498 2863 Byz.
1537 2814 1591 2865 p.
1631 2802 1754 2861 300,
1792 2802 1858 2850 21
1894 2796 2091 2866 Mein.;
2130 2800 2341 2855 Malala
2378 2820 2431 2871 p.
2463 2806 2595 2871 280,
2628 2802 2709 2871 12)

579 2877 933 2945 Βοσποριτῶν
973 2877 1247 2931 Kusterus
1295 2876 1655 2945 0011.·81;6ΡΙ1.
1696 2876 1825 2945 Byz.
1852 2897 1903 2932 v.
1936 2874 2248 2950 Βόσπορος,
2284 2880 2678 2951 Βοσποριατῶν
2713 2880 2842 2947 vulq.

577 2956 920 3024 Βονσιριτῶν
957 2957 1134 3011 suasit
1171 2957 1478 3011 Hermann.
1528 2959 1913 3012 Διοσπολιτῶν
1960 2960 2102 3013 coni.
2150 2962 2513 3032 Bernhardy,
2564 2966 2847 3027 Βοσπορια-

579 3034 695 3089 νῶν
733 3036 932 3102 Danb,
971 3038 1292 3102 Βοστραίων
1331 3052 1468 3089 corr.
1494 3036 1833 3091 'Gutschmid
1870 3038 1996 3094 coll.
2038 3038 2229 3111 Steph.
2272 3043 2397 3110 Byz.
2435 3059 2488 3097 v.
2528 3038 2737 3109 Βόστρα

719 3114 998 3169 DXCVIII
1035 3116 1213 3171 vitam
1253 3134 1360 3171 om.
1400 3120 1445 3166 Δ

717 3203 944 3259 DXCIX
989 3206 1162 3258 vitam
1211 3222 1320 3258 om.
1358 3209 1403 3255 Δ
1442 3207 1499 3259 et
1538 3204 1811 3259 Westerm.
1888 3205 2152 3261 Eiusdem
2197 3178 2303 3263 viri
2348 3210 2687 3264 mentionem
2730 3207 2849 3263 fecit

575 3281 830 3349 Proeliis,
868 3284 965 3339 vit.
996 3284 1132 3338 Mar.
1169 3302 1218 3352 «c.
1249 3291 1308 3351 93
1349 3284 1450 3339 sub
1489 3284 1581 3339 fin.
1622 3285 1899 3352 quaedam
1936 3284 2241 3341 desiderari
2279 3290 2441 3355 patet

717 3371 810 3427 DC
850 3373 1000 3427 Eud.
1040 3391 1093 3441 p.
1133 3378 1253 3428 588.
1323 3372 1402 3428 Of.
1441 3390 1493 3425 v.
1534 3369 1923 3435 Μινουκιανός
2050 3380 2082 3427 9
2124 3372 2375 3445 ἔγραψεν
2410 3370 2509 3430 vin.
2550 3376 2700 3431 Eud.

716 3452 837 3507 DCI
876 3470 983 3507 om.
1016 3453 1288 3509 Westerm.
1338 3451 1569 3508 Confusi
1596 3453 1727 3505 sunt
1757 3454 1928 3519 poeta
1954 3453 2275 3523 PancrateS,
2315 3456 2411 3524 qui
2436 3456 2616 3511 altero
2646 3456 2848 3511 saeculo

576 3530 736 3599 epioe
773 3533 1019 3587 carmine
1057 3529 1346 3589 ἁλιευτικὰ
1383 3530 1661 3597 condidit,
1702 3531 1759 3583 et
1787 3531 2115 3588 Pancratius
2151 3536 2405 3604 sophista.
2441 3536 2651 3590 saeculi
2686 3535 2849 3605 quinti

577 3618 639 3664 11
691 3610 910 3681 τροφὴν
947 3631 1083 3669 corr.
1123 3614 1442 3680 Reinesim,
1489 3612 1588 3680 qui
1624 3613 1939 3679 comparari
1974 3612 2140 3672 iussit
2176 3616 2377 3670 Athen.
2416 3615 2440 3667 I
2478 3635 2531 3685 p.
2576 3624 2639 3671 13
2678 3621 2735 3671 et
2758 3614 2847 3669 V11

574 3709 628 3759 p.
659 3697 781 3761 283,
819 3690 1032 3763 τροπὴν
1069 3695 1214 3764 vnlq.
1315 3688 1569 3762 ἤκμαζον
1597 3696 1692 3743 ΔΒ

716 3780 863 3833 DClI
901 3780 982 3834 cf.
1019 3798 1070 3835 v.
1111 3779 1432 3850 Εἰρηναῖος.
1497 3780 1580 3834 De
1616 3779 1893 3849 Hesychio
1932 3781 2157 3837 dubit-,at
2193 3784 2381 3853 Daub,
2421 3786 2577 3839 stud.
2616 3804 2669 3855 p.
2701 3791 2787 3838 121

579 3864 643 3913 13
683 3854 714 3913 ὁ
746 3859 870 3914 add.
901 3861 1071 3915 Daub
1175 3865 1239 3915 16
1273 3855 1476 3928 Ἀττικὴ
1520 3856 1803 3929 συνήθεια
1838 3862 1987 3917 inter
2024 3863 2229 3918 Suidae
2266 3864 2449 3918 fontes
2484 3866 2843 3927 enumeratum

577 3932 674 3992 καὶ
701 3941 1092 4011 προσῳδιάςᾘ
1169 3946 1231 3995 17
1263 3939 1469 3993 librum
1496 3939 1627 4008 περὶ
1658 3938 1727 3995 ἰδ.
1751 3957 1818 3994 ex
1837 3960 1936 3997 suo
1958 3942 2189 3997 Suidam
2208 3944 2485 3999 addidisse
2514 3947 2679 4013 putat
2695 3943 2844 3997 Daub

717 4018 891 4073 DCIII
935 4020 1089 4086 Eud.
1126 4039 1178 4090 p.
1219 4024 1324 4074 595
1361 4019 1538 4073 vitam
1578 4036 1686 4073 om.
1724 4026 1785 4075 Δ.
1860 4022 2009 4076 Bene
2046 4022 2267 4077 monuit
2302 4023 2649 4092 Gutschmid,
2696 4039 2846 4093 opera

574 4100 705 4153 huic
743 4100 901 4169 epieo
939 4102 1231 4170 supposita
1267 4098 1659 4155 commenticio
1704 4104 1934 4170 propter
1973 4097 2305 4165 ’Λπόλλωνος
2344 4134 2408 4143 -
2448 4101 2623 4173 γονάς
2664 4105 2721 4159 et
2752 4108 2844 4171 Λη·

574 4179 708 4241 τοῦς
736 4176 1025 4248 πλόκαμον
1053 4182 1180 4247 post
1207 4179 1426 4235 mediae
1455 4180 1775 4235 comoediae
1804 4182 2049 4235 aetatem
2076 4186 2137 4237 eb
2156 4180 2563 4238 Callimachum
2595 4188 2720 4240 orta
2744 4198 2844 4238 esse

576 4264 644 4311 20
676 4252 972 4328 Ἀθήνησιν
1012 4254 1098 4313 ἐπ.
1127 4262 1271 4329 vnly.
1314 4255 1402 4318 ε’π.
1427 4256 1539 4316 Ἀθ.
1568 4261 1717 4317 Eud.
1752 4256 2051 4331 Ἀθηναῖος
2084 4280 2221 4319 corr.
2242 4264 2517 4319 Kusterus
2549 4260 2845 4333 Ἀθήνηθεν

575 4336 822 4405 praefert
858 4338 1028 4391 Daub
