3025 4892
431 235 442 246 ⁰
536 223 626 288 44
1457 225 1890 283 HESYCHIUS.

535 389 762 472 βιβλία
815 385 908 472 β’,
965 388 1194 455 ἐθνῶν
1251 384 1627 475 κατάλογον
1672 389 1781 457 καὶ
1827 386 2121 473 πόλεων,
2175 387 2328 476 περὶ
2374 390 2665 473 ποιητῶν
2712 384 2832 453 καὶ

538 498 898 580 σοφιστῶν,
944 496 1054 562 καὶ
1101 492 1270 563 ἄλλα
1303 496 1547 583 συχνά.

715 602 1029 670 CLXXII.
1104 603 1611 692 Δαμόκριτος
1639 604 1991 691 ἱστορικός.
2021 601 2291 672 τακτικὰ
2322 604 2397 671 ἐν
2423 607 2709 690 βιβλίοις
2738 600 2837 688 β’,

536 706 687 793 περὶ
719 703 1070 776 Ἰουδαίων
1121 712 1222 794 [ἐν
1268 701 1321 801 ᾧ
1369 730 1603 798 φησιν,
1651 707 1754 780 ὅτι
1792 714 2051 799 χρυσῆν
2090 707 2260 778 ὄνου
2292 708 2589 798 κεφαλὴν
2620 728 2836 797 προσ-

485 834 511 875 ῡ
538 817 854 902 εκύνουν,
917 817 1027 885 καὶ
1081 817 1246 886 κατὰ
1303 818 1647 887 ἑπταετίαν
1705 819 1900 900 ξένον
1953 815 2355 907 ἀγρεύοντες
2408 819 2839 906 προσέφερον

538 921 648 992 καὶ
694 920 856 992 κατὰ
904 922 1104 992 λεπτὰ
1148 923 1266 1005 τὰς
1310 923 1560 1013 σάρκας
1608 927 1946 1008 διέξαινον
1990 927 2102 995 καὶ
2149 925 2364 1007 οὕτως
2410 923 2765 1014 ἀνῄρουν]

715 1031 1065 1102 CLXXIII.
1139 1032 1598 1120 Δαμόξενος
1635 1032 1995 1121 Ἀθηναῖος
2030 1034 2337 1122 κωμικός.
2399 1037 2539 1103 τῶν
2580 1032 2839 1120 δραμά-

538 1164 674 1206 των
721 1135 931 1207 αὐτοῦ
978 1138 1390 1228 Σύντροφοι,
1437 1138 1527 1219 ὡς
1556 1139 1912 1228 Ἀθήναιρς
1947 1143 2123 1229 λέγει
2161 1144 2235 1212 ἐν
2273 1141 2341 1227 γ’
2382 1150 2839 1229 Δειπνοσοφι-

544 1248 752 1330 στῶν,
798 1245 908 1312 καὶ
941 1243 1225 1337 Ἑαυτὸν
1269 1251 1576 1334 πενθῶν,
1625 1245 1713 1328 ὡς
1758 1247 1961 1318 πάλιν
2010 1245 2045 1316 ὁ
2097 1247 2297 1329 αὐτὸς
2344 1251 2417 1317 ἐν
2463 1253 2555 1341 τῷ
2608 1248 2715 1318 ια’.

462 1369 514 1410 1⁰
719 1353 1060 1422 CLXXIV.
1107 1353 1676 1441 Δαμόστρατος
1705 1353 2052 1442 ἱστορικός.
2098 1352 2435 1424 ἁλιευτικὰ
2456 1359 2531 1424 ἐν
2550 1360 2841 1443 βιβλίοις

539 1457 606 1526 κ’
651 1460 760 1528 καὶ
815 1460 965 1547 περὶ
1020 1466 1136 1548 τῆς
1190 1461 1486 1548 ἐνύδρου
1541 1465 1861 1556 μαντικῆς
1913 1462 2023 1530 καὶ
2072 1464 2262 1550 ἕτερα
2310 1463 2644 1551 σύμμικτα
2690 1461 2836 1550 ἐχό-

541 1592 709 1653 μενα
757 1570 1065 1655 ἱστορίας.
1513 1573 1523 1580 ’

718 1677 1033 1745 CLXXV.
1098 1676 1565 1764 Δαμόφιλος
1602 1675 1999 1763 φιλόσοφος,
2047 1677 2392 1766 σοφιστής,
2440 1675 2523 1747 ὃν
2554 1676 2839 1766 ἀνεθρέ-

539 1794 710 1863 ψατο
753 1779 1119 1862 Ἰουλιανὸς
1167 1780 1202 1851 ὁ
1251 1783 1355 1850 ἐπὶ
1395 1782 1687 1870 Μάρκου
1730 1788 1852 1853 τοῦ
1897 1785 2221 1871 βασιλέως
2255 1783 2526 1870 ὕπατος,
2574 1784 2844 1872 γράψας

462 1906 512 1946 1⁶
538 1893 918 1975 πάμπολλα,
974 1892 1038 1971 ἐξ
1087 1881 1182 1958 ῶν
1241 1889 1448 1958 ταῦτά
1505 1917 1620 1978 μοι
1677 1890 1947 1979 εὕρηται
2003 1893 2106 1960 ἐπὶ
2162 1907 2306 1972 ταῖς
2358 1895 2495 1960 τῶν
2550 1897 2841 1978 βιβλίων

537 1996 806 2083 θήκαις·
860 1995 1261 2083 Φιλόβιβλος
1296 1993 1336 2083 ἢ
1375 1998 1525 2085 περὶ
1563 1995 1968 2085 άξιοκτήτων
1996 2004 2299 2086 βιβλίων,
2338 1997 2504 2085 πρὸς
2542 1997 2843 2066 Λόλλιον

539 2103 884 2190 Μάξιμον,
931 2103 1079 2189 περὶ
1125 2109 1281 2190 βιόυ
1327 2102 1651 2192 ἀρχαίων,
1697 2106 1807 2172 καὶ
1855 2106 2043 2190 ἕτερα
2089 2103 2458 2193 πάμπολλα.

716 2212 1054 2280 CLXXVI.
1130 2220 1196 2279 Δ
1206 2217 1352 2298 αφί
1358 2215 1399 2278 δ
1409 2239 1493 2292 ας
1538 2210 1939 2298 Τελμισσεύς
1973 2205 2446 2301 γραμματικός,
2484 2203 2847 2299 γεγραφώς

535 2318 686 2405 περὶ
718 2313 1010 2405 Ὁμήρου
1045 2307 1156 2386 κάὶ
1192 2322 1309 2404 τῆς
1345 2317 1672 2404 ποιήσεως
1710 2316 1921 2386 αὐτοῦ
1960 2315 2061 2386 ὅτι
2100 2318 2450 2399 ἐψεύσατο·
2483 2317 2847 2404 Ἀθηναῖοι

460 2441 512 2481 ²⁰
538 2424 666 2512 γὰρ
716 2419 848 2493 οὐκ
888 2423 1328 2512 ἐστράτευσαν
1376 2423 1479 2492 ἐπὶ
1509 2421 1744 2494 Ἴλιον.
1813 2415 1927 2511 [ἦν
1969 2423 2043 2492 δὲ
2082 2416 2277 2506 οὗτος
2313 2425 2851 2515 λοιδορούμενος

537 2533 736 2601 παντὶ
796 2532 905 2600 καὶ
960 2534 1184 2619 μέχρις
1237 2527 1463 2600 αὐτῶν
1523 2529 1611 2618 μὴ
1660 2530 2059 2618 φειδόμενος
2114 2536 2250 2602 τῶν
2302 2536 2519 2619 θεῶν,
2578 2531 2847 2620 <ῶστε>

539 2778 835 2851 προγόνων
870 2781 981 2835 τῶν
1011 2812 1078 2821 -
1110 2777 1567 2850 στρατευσάντων
1596 2781 1793 2849 Daub,
1834 2781 1980 2849 quod
2020 2781 2221 2851 probat
2248 2782 2523 2851 Eyenolff,
2560 2782 2691 2851 περὶ
2729 2783 2853 2838 τῶν

541 2857 604 2916 ἐν
635 2857 860 2924 Ἐλλάδι
896 2859 1074 2930 γενῶν
1115 2859 1176 2915 ἓν
1215 2859 1354 2915 coni.
1395 2859 1716 2915 Gutschmid
1868 2867 1898 2914 2
1938 2857 2115 2929 συχνά
2154 2878 2262 2917 om.
2302 2863 2455 2920 Eud.

683 2939 927 2995 CLXXII
977 2941 1127 2996 Eud.
1175 2960 1227 3011 p.
1267 2947 1386 2998 221.
1465 2941 1543 2994 Cf.
1585 2940 1789 2995 Mffller
1826 2940 1903 2994 IV
1940 2958 1995 3008 p.
2033 2947 2135 2995 377
2312 2949 2345 2997 4
2391 2942 2579 2997 Verba
2624 2941 2856 2998 inclusa

542 3040 650 3078 om.
688 3023 860 3092 Eud„
896 3023 1086 3090 itaque
1124 3021 1495 3092 expungenda
1534 3037 1649 3075 esse
1688 3021 1803 3076 dixi
1838 3022 1979 3076 Mus.
2019 3022 2191 3076 Rhen.
2232 3022 2438 3076 XXXV
2475 3041 2529 3092 p.
2568 3029 2703 3089 209,
2751 3039 2854 3078 ea·

437 3139 441 3144 ·
540 3103 669 3157 dem
705 3103 830 3157 add.
861 3096 1206 3171 Αἰθιοπικὴν
1247 3098 1496 3169 ἱστορίαν
1533 3100 1631 3155 καὶ
1668 3097 1834 3171 ἄλλα,
1873 3117 2015 3170 quae
2045 3102 2217 3158 verba
2253 3119 2321 3156 ex
2355 3101 2603 3172 pleniore
2634 3101 2855 3158 Suidae

541 3183 847 3253 exemplari
882 3199 1136 3238 manasse
1174 3184 1340 3252 putat
1376 3183 1573 3250 Daub3
1614 3187 1680 3236 e'x
1710 3181 2019 3236 Democriti
2045 3181 2346 3236 Abderitae
2383 3181 2527 3250 vita,
2575 3181 2671 3250 qui
2710 3183 2855 3236 scri-

539 3263 655 3333 psit
691 3262 818 3332 περὶ
864 3262 978 3318 τῶν
1025 3258 1088 3317 ἐν
1126 3258 1326 3334 Μερόῃ
1367 3259 1533 3330 ἱερῶν
1579 3259 1949 3334 γραμμάτων,
1999 3263 2107 3317 huc
2144 3261 2362 3316 intrusa
2401 3279 2520 3317 esse
2558 3263 2857 3332 persuasit

545 3344 756 3398 Muller
2092 3389 2099 3396 .

684 3423 956 3479 CLXXIII
994 3425 1142 3479 Eud.
1181 3441 1237 3494 p.
1276 3430 1406 3492 227,
1454 3440 1598 3494 quae
1643 3439 1782 3478 voce
1829 3418 2075 3492 κωμικός
2110 3421 2289 3476 vitam
2335 3419 2675 3476 terminavit.
2754 3419 2886 3479 Cf.'

539 3505 796 3560 Meineke
835 3505 860 3559 I
896 3523 950 3575 p.
989 3509 1094 3559 484
1239 3511 1268 3559 7
1303 3521 1416 3573 seq.
1457 3503 1659 3558 Athen.
1690 3503 1767 3558 III
1796 3522 1849 3573 p.
1883 3509 2010 3572 101,
2048 3502 2126 3556 XI
2154 3521 2207 3572 p.
2242 3507 2363 3557 468.
2403 3501 2670 3572 Hesychii
2695 3519 2842 3556 num

545 3586 662 3642 vita
699 3585 798 3650 sit,
838 3583 1094 3639 dubium:
1136 3585 1206 3639 ef.
1245 3583 1432 3650 Daub,
1471 3583 1540 3638 de
1580 3582 1729 3638 Suid.
1768 3603 1822 3654 p.
1862 3589 1967 3638 484

685 3664 952 3721 CLXXIV
990 3665 1141 3720 Eud.
1182 3684 1234 3734 p.
1273 3670 1376 3719 221
1527 3669 1593 3717 10
1630 3664 1917 3733 γέγραφεν
1956 3665 2082 3719 add.
2122 3664 2274 3718 Eud.

684 3745 930 3802 CLXXV
965 3746 1117 3800 Eud.
1156 3763 1209 3814 p.
1253 3751 1372 3800 232.
1448 3739 1530 3798 Cf.
1568 3743 1773 3798 Miiller
1818 3745 1897 3798 III
1938 3763 1992 3814 p.
2034 3751 2139 3800 656
2312 3750 2377 3798 13
2425 3742 2523 3797 καὶ
2568 3739 2847 3810 σοφιστής

542 3829 693 3892 Eud.
774 3821 842 3882 ὃν
881 3858 942 3866 -
986 3822 1313 3897 Φιλόβιβλος
1347 3819 1383 3893 ἢ
1425 3843 1533 3880 om.
1570 3826 1723 3879 Eud.
1762 3840 2001 3894 pergens
2028 3821 2280 3894 γέγραφε
2322 3822 2454 3892 περὶ
2490 3816 2844 3888 άξιοκτήτων

545 3911 715 3981 βιβλ.;
759 3909 945 3979 Φιλοβ.
984 3907 1200 3974 πρῶτος
1235 3905 1368 3960 libri
1406 3903 1464 3960 oc*
1505 3906 1752 3976 Toupius
1787 3898 1821 3973 ἢ
1862 3921 1999 3960 corr.
2036 3905 2311 3959 Kusterus
2346 3924 2405 3958 τε
2444 3920 2546 3973 pro
2583 3902 2709 3970 περὶ
2746 3909 2796 3956 V

686 3986 959 4042 CLXXVI
995 3987 1144 4041 Eud.
1186 4004 1238 4055 p.
1279 3992 1382 4040 229
1516 3991 1582 4040 18
1623 3982 1961 4055 Τελμισσεύς
1987 3990 2033 4039 Δ
2059 3985 2209 4040 Eud.
2254 3978 2590 4054 Τελμινσεύς
2617 3988 2661 4035 Ε
2700 3987 2839 4037 Τελ-

543 4067 739 4141 μισεύς
773 4069 918 4137 vuly.
1029 4066 1278 4136 γέγραφε
1320 4065 1414 4120 καὶ
1453 4065 1582 4133 περὶ
1610 4063 1726 4136 Ὁμ.
1766 4066 1917 4120 Eud.
2050 4071 2114 4119 19
2154 4059 2333 4118 αὐτοῦ
2370 4061 2649 4133 ποιήσεως
2685 4061 2839 4131 libri,

543 4167 683 4205 corr.
720 4150 892 4204 Daub
1055 4154 1123 4201 20
1160 4141 1230 4216 ἦν
1269 4146 1331 4202 δὲ
1373 4137 1541 4207 οὗτος
1580 4177 1644 4186 -
1683 4146 1815 4200 exit.
1852 4163 1965 4202 non
2003 4147 2075 4202 ab
2113 4145 2391 4214 Hesychio
2428 4143 2682 4213 profecta.
2718 4159 2841 4198 esse

421 4243 429 4254 ·
545 4230 709 4284 docui
754 4229 894 4284 Mus.
934 4229 1108 4282 Rhen.
1147 4225 1353 4280 XXXV
1389 4245 1442 4296 p.
1483 4232 1605 4282 209.
1680 4226 1976 4294 Excerpsit
2010 4224 2491 4293 Pseudo-Hesych.
2530 4239 2574 4278 ο.
2620 4229 2687 4276 16

545 4315 611 4361 21
655 4303 845 4362 ἐθνῶν
882 4314 928 4361 Δ
965 4325 1101 4362 corr.
1141 4323 1285 4361 man.
1325 4307 1604 4362 recentior
1774 4299 1911 4359 ὥστε
1951 4304 2047 4359 καὶ
2086 4321 2222 4359 corr.
2262 4304 2706 4358 Hemsterhueius
2742 4306 2849 4358 καί

549 4400 727 4470 φασιν
765 4383 908 4441 coni.
943 4384 1146 4458 Daub,
1182 4384 1307 4438 coll.
1349 4383 1499 4440 Suid.
1540 4404 1591 4441 v.
1624 4385 1889 4464 Δίδυμος.
1914 4389 1972 4440 et
2010 4381 2231 4457 Ζήνων;
2269 4382 2367 4439 καὶ
2402 4383 2546 4456 vulq.
