<?xml version="1.0" encoding="UTF-8"?>
<!DOCTYPE html PUBLIC "-//W3C//DTD XHTML 1.0 Transitional//EN"
    "http://www.w3.org/TR/xhtml1/DTD/xhtml1-transitional.dtd">
<html xmlns="http://www.w3.org/1999/xhtml" xml:lang="en" lang="en">
 <head>
  <title>
</title>
<meta http-equiv="Content-Type" content="text/html;charset=utf-8" />
  <meta name='ocr-system' content='tesseract 3.04.00' />
  <meta name='ocr-capabilities' content='ocr_page ocr_carea ocr_par ocr_line ocrx_word'/>
</head>
<body>
  <div class='ocr_page' id='page_1' title='image "./hesychiimilesii04flacgoog_0199.png"; bbox 0 0 3025 4892; ppageno 0'>
   <div class='ocr_carea' id='block_1_1' title="bbox 1131 240 2485 308">
    <p class='ocr_par' dir='ltr' id='par_1_1' title="bbox 1131 240 2485 308">
     <span class='ocr_line' id='line_1_1' title="bbox 1131 240 2485 308; baseline 0.01 -14"><span class='ocrx_word' id='word_1_1' title='bbox 1131 240 1561 297; x_wconf 83' lang='lat' dir='ltr'><strong>HESYCHIUS.</strong></span> <span class='ocrx_word' id='word_1_2' title='bbox 2364 242 2485 308; x_wconf 83' lang='lat'><strong><em>101</em></strong></span> 
     </span>
    </p>
   </div>
   <div class='ocr_carea' id='block_1_2' title="bbox 193 400 2569 2839">
    <p class='ocr_par' dir='ltr' id='par_1_2' title="bbox 211 400 2492 595">
     <span class='ocr_line' id='line_1_2' title="bbox 211 400 2492 493; baseline 0.001 -25"><span class='ocrx_word' id='word_1_3' title='bbox 211 406 447 490; x_wconf 78' lang='grc' dir='ltr'><strong><em>ἔγραψε</em></strong></span> <span class='ocrx_word' id='word_1_4' title='bbox 481 400 1110 490; x_wconf 85' lang='grc' dir='ltr'><strong><em>συμβουλευτικούς,</em></strong></span> <span class='ocrx_word' id='word_1_5' title='bbox 1147 401 1384 488; x_wconf 79' lang='grc' dir='ltr'><strong><em>τέχνην</em></strong></span> <span class='ocrx_word' id='word_1_6' title='bbox 1423 400 1807 490; x_wconf 71' lang='grc' dir='ltr'><strong><em>ῥητορικήν,</em></strong></span> <span class='ocrx_word' id='word_1_7' title='bbox 1844 407 2143 488; x_wconf 76' lang='grc' dir='ltr'><strong><em>παίγνια,</em></strong></span> <span class='ocrx_word' id='word_1_8' title='bbox 2182 400 2492 493; x_wconf 77' lang='grc' dir='ltr'><strong><em>ἀφορμὰς</em></strong></span> 
     </span>
     <span class='ocr_line' id='line_1_3' title="bbox 211 505 572 595; baseline 0.003 -20"><span class='ocrx_word' id='word_1_9' title='bbox 211 505 572 595; x_wconf 77' lang='grc' dir='ltr'><strong><em>ῥητορικάς.</em></strong></span> 
     </span>
    </p>

    <p class='ocr_par' dir='ltr' id='par_1_3' title="bbox 197 610 2566 1877">
     <span class='ocr_line' id='line_1_4' title="bbox 381 610 2489 704; baseline 0.001 -21"><span class='ocrx_word' id='word_1_10' title='bbox 381 616 860 683; x_wconf 82' lang='lat' dir='ltr'><strong>CCCLXXVII.</strong></span> <span class='ocrx_word' id='word_1_11' title='bbox 909 610 1280 700; x_wconf 77' lang='grc' dir='ltr'><strong><em>Ἰάκωβος</em></strong></span> <span class='ocrx_word' id='word_1_12' title='bbox 1305 611 1627 701; x_wconf 82' lang='grc' dir='ltr'><strong><em>Ἡσυχίου</em></strong></span> <span class='ocrx_word' id='word_1_13' title='bbox 1663 614 1812 695; x_wconf 74' lang='grc' dir='ltr'><strong><em>υίὸς</em></strong></span> <span class='ocrx_word' id='word_1_14' title='bbox 1850 620 2107 703; x_wconf 79' lang='grc' dir='ltr'><strong><em>ἰατροῦ,</em></strong></span> <span class='ocrx_word' id='word_1_15' title='bbox 2146 614 2183 685; x_wconf 84' lang='grc' dir='ltr'>ὁ</span> <span class='ocrx_word' id='word_1_16' title='bbox 2228 618 2489 704; x_wconf 80' lang='grc' dir='ltr'><strong><em>ἐπικλη-</em></strong></span> 
     </span>
     <span class='ocr_line' id='line_1_5' title="bbox 205 720 2489 810; baseline 0.002 -22"><span class='ocrx_word' id='word_1_17' title='bbox 205 722 355 801; x_wconf 77' lang='grc' dir='ltr'><strong><em>θεὶς</em></strong></span> <span class='ocrx_word' id='word_1_18' title='bbox 393 720 780 810; x_wconf 82' lang='grc' dir='ltr'><strong><em>ψυχριστής,</em></strong></span> <span class='ocrx_word' id='word_1_19' title='bbox 827 722 898 788; x_wconf 80' lang='grc' dir='ltr'><strong><em>ἐκ</em></strong></span> <span class='ocrx_word' id='word_1_20' title='bbox 943 722 1064 789; x_wconf 86' lang='grc' dir='ltr'><strong><em>τοῦ</em></strong></span> <span class='ocrx_word' id='word_1_21' title='bbox 1111 722 1390 808; x_wconf 78' lang='grc' dir='ltr'><em>ἐξάρχου</em></span> <span class='ocrx_word' id='word_1_22' title='bbox 1430 726 1905 809; x_wconf 85' lang='grc' dir='ltr'><strong><em>Δαμασκηνοῦ.</em></strong></span> <span class='ocrx_word' id='word_1_23' title='bbox 1996 726 2093 802; x_wconf 81' lang='grc' dir='ltr'><strong><em>εἰς</em></strong></span> <span class='ocrx_word' id='word_1_24' title='bbox 2126 720 2366 792; x_wconf 79' lang='grc' dir='ltr'><strong><em>Ῥόδον</em></strong></span> <span class='ocrx_word' id='word_1_25' title='bbox 2415 724 2489 793; x_wconf 75' lang='grc' dir='ltr'><strong><em>δὲ</em></strong></span> 
     </span>
     <span class='ocr_line' id='line_1_6' title="bbox 203 826 2542 919; baseline 0 -24"><span class='ocrx_word' id='word_1_26' title='bbox 203 830 568 915; x_wconf 78' lang='grc' dir='ltr'><strong><em>γενομένου</em></strong></span> <span class='ocrx_word' id='word_1_27' title='bbox 605 832 726 897; x_wconf 87' lang='grc' dir='ltr'><strong><em>τοῦ</em></strong></span> <span class='ocrx_word' id='word_1_28' title='bbox 762 826 1034 915; x_wconf 83' lang='grc' dir='ltr'><strong><em>πατρός,</em></strong></span> <span class='ocrx_word' id='word_1_29' title='bbox 1071 826 1212 895; x_wconf 83' lang='grc' dir='ltr'><strong><em>εἶτα</em></strong></span> <span class='ocrx_word' id='word_1_30' title='bbox 1251 832 1345 909; x_wconf 81' lang='grc' dir='ltr'><strong><em>εἰς</em></strong></span> <span class='ocrx_word' id='word_1_31' title='bbox 1376 830 1737 915; x_wconf 81' lang='grc' dir='ltr'><strong><em>Δρέπανον</em></strong></span> <span class='ocrx_word' id='word_1_32' title='bbox 1775 830 1850 899; x_wconf 87' lang='grc' dir='ltr'><strong><em>τὸ</em></strong></span> <span class='ocrx_word' id='word_1_33' title='bbox 1892 832 1967 898; x_wconf 80' lang='grc' dir='ltr'><strong><em>ἐν</em></strong></span> <span class='ocrx_word' id='word_1_34' title='bbox 1994 826 2223 919; x_wconf 74' lang='grc' dir='ltr'><strong><em>Ἀργει</em></strong></span> <span class='ocrx_word' id='word_1_35' title='bbox 2252 830 2487 899; x_wconf 80' lang='grc' dir='ltr'><strong><em>ἐλθόν·</em></strong></span> <span class='ocrx_word' id='word_1_36' title='bbox 2516 856 2542 895; x_wconf 77' lang='lat'><strong>5</strong></span> 
     </span>
     <span class='ocr_line' id='line_1_7' title="bbox 203 932 2487 1025; baseline 0.001 -22"><span class='ocrx_word' id='word_1_37' title='bbox 203 962 345 1021; x_wconf 88' lang='grc' dir='ltr'><strong><em>τος,</em></strong></span> <span class='ocrx_word' id='word_1_38' title='bbox 393 936 584 1003; x_wconf 79' lang='grc' dir='ltr'><strong><em>κάκεῖ</em></strong></span> <span class='ocrx_word' id='word_1_39' title='bbox 637 934 973 1022; x_wconf 81' lang='grc' dir='ltr'><strong><em>γήμαντος</em></strong></span> <span class='ocrx_word' id='word_1_40' title='bbox 1025 932 1149 1022; x_wconf 83' lang='grc' dir='ltr'><strong><em>τὴν</em></strong></span> <span class='ocrx_word' id='word_1_41' title='bbox 1207 936 1273 1016; x_wconf 77' lang='grc' dir='ltr'><strong><em>ἐξ</em></strong></span> <span class='ocrx_word' id='word_1_42' title='bbox 1329 932 1544 1003; x_wconf 82' lang='grc' dir='ltr'><strong><em>αὐτοῦ</em></strong></span> <span class='ocrx_word' id='word_1_43' title='bbox 1598 938 1923 1004; x_wconf 83' lang='grc' dir='ltr'><strong><em>τεκοῦσαν</em></strong></span> <span class='ocrx_word' id='word_1_44' title='bbox 1978 934 2097 1005; x_wconf 87' lang='grc' dir='ltr'><strong><em>τὸν</em></strong></span> <span class='ocrx_word' id='word_1_45' title='bbox 2146 935 2487 1025; x_wconf 76' lang='grc' dir='ltr'><strong><em>Ἰάκωβον,</em></strong></span> 
     </span>
     <span class='ocr_line' id='line_1_8' title="bbox 201 1040 2483 1132; baseline 0.002 -24"><span class='ocrx_word' id='word_1_46' title='bbox 201 1042 675 1122; x_wconf 80' lang='grc' dir='ltr'><strong><em>καταλιπόντος</em></strong></span> <span class='ocrx_word' id='word_1_47' title='bbox 720 1042 796 1112; x_wconf 72' lang='grc' dir='ltr'><strong><em>δὲ</em></strong></span> <span class='ocrx_word' id='word_1_48' title='bbox 839 1042 964 1130; x_wconf 88' lang='grc' dir='ltr'><strong><em>τήν</em></strong></span> <span class='ocrx_word' id='word_1_49' title='bbox 1009 1069 1078 1110; x_wconf 88' lang='grc' dir='ltr'><strong><em>τε</em></strong></span> <span class='ocrx_word' id='word_1_50' title='bbox 1123 1040 1418 1130; x_wconf 80' lang='grc' dir='ltr'><strong><em>γαμετὴν</em></strong></span> <span class='ocrx_word' id='word_1_51' title='bbox 1465 1043 1578 1110; x_wconf 87' lang='grc' dir='ltr'><strong><em>καὶ</em></strong></span> <span class='ocrx_word' id='word_1_52' title='bbox 1623 1042 1744 1110; x_wconf 88' lang='grc' dir='ltr'><strong><em>τὸν</em></strong></span> <span class='ocrx_word' id='word_1_53' title='bbox 1780 1046 2010 1125; x_wconf 83' lang='grc' dir='ltr'><strong><em>παῖδα,</em></strong></span> <span class='ocrx_word' id='word_1_54' title='bbox 2057 1044 2169 1112; x_wconf 78' lang='grc' dir='ltr'><strong><em>καὶ</em></strong></span> <span class='ocrx_word' id='word_1_55' title='bbox 2206 1044 2483 1132; x_wconf 80' lang='grc' dir='ltr'><strong><em>ἐκδημή-</em></strong></span> 
     </span>
     <span class='ocr_line' id='line_1_9' title="bbox 203 1146 2487 1239; baseline 0.001 -23"><span class='ocrx_word' id='word_1_56' title='bbox 203 1170 437 1230; x_wconf 88' lang='grc' dir='ltr'><strong><em>σαντος</em></strong></span> <span class='ocrx_word' id='word_1_57' title='bbox 497 1149 604 1217; x_wconf 78' lang='grc' dir='ltr'><strong><em>ἐπὶ</em></strong></span> <span class='ocrx_word' id='word_1_58' title='bbox 665 1155 773 1236; x_wconf 83' lang='grc' dir='ltr'><strong><em>ἔτη</em></strong></span> <span class='ocrx_word' id='word_1_59' title='bbox 835 1149 940 1217; x_wconf 79' lang='grc' dir='ltr'><strong><em>ιθ’</em></strong></span> <span class='ocrx_word' id='word_1_60' title='bbox 1001 1159 1096 1229; x_wconf 73' lang='grc' dir='ltr'><strong><em>εἷς</em></strong></span> <span class='ocrx_word' id='word_1_61' title='bbox 1152 1176 1222 1218; x_wconf 89' lang='grc' dir='ltr'><strong><em>τε</em></strong></span> <span class='ocrx_word' id='word_1_62' title='bbox 1271 1146 1774 1239; x_wconf 76' lang='grc' dir='ltr'><strong><em>Ἀλεξάνδρειαν</em></strong></span> <span class='ocrx_word' id='word_1_63' title='bbox 1833 1151 1941 1217; x_wconf 79' lang='grc' dir='ltr'><strong><em>καὶ</em></strong></span> <span class='ocrx_word' id='word_1_64' title='bbox 1997 1148 2312 1236; x_wconf 86' lang='grc' dir='ltr'><strong><em>Ἰταλίαν,</em></strong></span> <span class='ocrx_word' id='word_1_65' title='bbox 2376 1152 2487 1219; x_wconf 85' lang='grc' dir='ltr'><strong><em>καὶ</em></strong></span> 
     </span>
     <span class='ocr_line' id='line_1_10' title="bbox 204 1252 2487 1345; baseline 0.001 -22"><span class='ocrx_word' id='word_1_66' title='bbox 204 1254 362 1325; x_wconf 81' lang='grc' dir='ltr'><strong><em>οὐδὲ</em></strong></span> <span class='ocrx_word' id='word_1_67' title='bbox 419 1270 746 1345; x_wconf 83' lang='grc' dir='ltr'><strong><em>περιεῖναι</em></strong></span> <span class='ocrx_word' id='word_1_68' title='bbox 815 1260 1207 1335; x_wconf 88' lang='grc' dir='ltr'><strong><em>δοκοῦντος·</em></strong></span> <span class='ocrx_word' id='word_1_69' title='bbox 1273 1252 1444 1325; x_wconf 77' lang='grc' dir='ltr'><strong><em>ὅθεν</em></strong></span> <span class='ocrx_word' id='word_1_70' title='bbox 1507 1270 1812 1343; x_wconf 80' lang='grc' dir='ltr'><strong><em>γαμεῖται</em></strong></span> <span class='ocrx_word' id='word_1_71' title='bbox 1878 1256 2001 1343; x_wconf 78' lang='grc' dir='ltr'><strong><em>μὲν</em></strong></span> <span class='ocrx_word' id='word_1_72' title='bbox 2067 1254 2106 1344; x_wconf 81' lang='grc' dir='ltr'><em>ἡ</em></span> <span class='ocrx_word' id='word_1_73' title='bbox 2166 1255 2487 1343; x_wconf 72' lang='grc' dir='ltr'><strong><em>Ἰακώβου</em></strong></span> 
     </span>
     <span class='ocr_line' id='line_1_11' title="bbox 199 1360 2566 1459; baseline -0.002 -27"><span class='ocrx_word' id='word_1_74' title='bbox 199 1363 408 1451; x_wconf 82' lang='grc' dir='ltr'><strong><em>μήτηρ</em></strong></span> <span class='ocrx_word' id='word_1_75' title='bbox 456 1364 742 1453; x_wconf 75' lang='grc' dir='ltr'><strong><em>δευτέρω</em></strong></span> <span class='ocrx_word' id='word_1_76' title='bbox 789 1361 998 1449; x_wconf 78' lang='grc' dir='ltr'><strong><em>ἀνδρί</em></strong></span> <span class='ocrx_word' id='word_1_77' title='bbox 1005 1414 1036 1459; x_wconf 65' lang='lat'>⁸</span> <span class='ocrx_word' id='word_1_78' title='bbox 1069 1363 1182 1431; x_wconf 81' lang='grc' dir='ltr'><strong><em>καὶ</em></strong></span> <span class='ocrx_word' id='word_1_79' title='bbox 1228 1368 1491 1432; x_wconf 85' lang='grc' dir='ltr'><strong><em>παίδων</em></strong></span> <span class='ocrx_word' id='word_1_80' title='bbox 1539 1360 1705 1453; x_wconf 80' lang='grc' dir='ltr'><strong><em>αὐτῇ</em></strong></span> <span class='ocrx_word' id='word_1_81' title='bbox 1750 1367 2134 1453; x_wconf 86' lang='grc' dir='ltr'><strong><em>γενομένων</em></strong></span> <span class='ocrx_word' id='word_1_82' title='bbox 2178 1363 2486 1450; x_wconf 80' lang='grc' dir='ltr'><strong><em>ἀρρένων</em></strong></span> <span class='ocrx_word' id='word_1_83' title='bbox 2518 1390 2566 1430; x_wconf 85' lang='grc' dir='ltr'><strong><em>ιο</em></strong></span> 
     </span>
     <span class='ocr_line' id='line_1_12' title="bbox 203 1468 2488 1560; baseline 0 -23"><span class='ocrx_word' id='word_1_84' title='bbox 203 1471 326 1540; x_wconf 83' lang='grc' dir='ltr'><strong><em>δύο</em></strong></span> <span class='ocrx_word' id='word_1_85' title='bbox 368 1472 476 1539; x_wconf 78' lang='grc' dir='ltr'><strong><em>καὶ</em></strong></span> <span class='ocrx_word' id='word_1_86' title='bbox 523 1476 800 1558; x_wconf 78' lang='grc' dir='ltr'><strong><em>θηλείας</em></strong></span> <span class='ocrx_word' id='word_1_87' title='bbox 833 1474 1105 1560; x_wconf 77' lang='grc' dir='ltr'><strong><em>τελευτᾷ</em></strong></span> <span class='ocrx_word' id='word_1_88' title='bbox 1141 1469 1261 1538; x_wconf 89' lang='grc' dir='ltr'><strong><em>τὸν</em></strong></span> <span class='ocrx_word' id='word_1_89' title='bbox 1298 1475 1454 1557; x_wconf 91' lang='grc' dir='ltr'><strong><em>βίον</em></strong></span> <span class='ocrx_word' id='word_1_90' title='bbox 1493 1468 1531 1539; x_wconf 85' lang='grc' dir='ltr'>ὁ</span> <span class='ocrx_word' id='word_1_91' title='bbox 1569 1470 1870 1559; x_wconf 79' lang='grc' dir='ltr'><strong><em>γαμήσας</em></strong></span> <span class='ocrx_word' id='word_1_92' title='bbox 1906 1470 2141 1559; x_wconf 85' lang='grc' dir='ltr'><strong><em>αὐτήν,</em></strong></span> <span class='ocrx_word' id='word_1_93' title='bbox 2189 1471 2488 1540; x_wconf 78' lang='grc' dir='ltr'><strong><em>ἐπάνεισι</em></strong></span> 
     </span>
     <span class='ocr_line' id='line_1_13' title="bbox 201 1574 2489 1666; baseline 0 -21"><span class='ocrx_word' id='word_1_94' title='bbox 201 1579 273 1647; x_wconf 77' lang='grc' dir='ltr'><strong><em>δὲ</em></strong></span> <span class='ocrx_word' id='word_1_95' title='bbox 326 1576 638 1664; x_wconf 77' lang='grc' dir='ltr'><strong><em>Ἡσύχιος</em></strong></span> <span class='ocrx_word' id='word_1_96' title='bbox 703 1581 798 1656; x_wconf 85' lang='grc' dir='ltr'><strong><em>είς</em></strong></span> <span class='ocrx_word' id='word_1_97' title='bbox 861 1576 1613 1645; x_wconf 86' lang='grc' dir='ltr'><strong><em>Κωνσταντινούπολιν·</em></strong></span> <span class='ocrx_word' id='word_1_98' title='bbox 1682 1575 1844 1662; x_wconf 76' lang='grc' dir='ltr'><strong><em>ὅπερ</em></strong></span> <span class='ocrx_word' id='word_1_99' title='bbox 1910 1576 2117 1664; x_wconf 86' lang='grc' dir='ltr'><strong><em>γνοὺς</em></strong></span> <span class='ocrx_word' id='word_1_100' title='bbox 2174 1574 2489 1666; x_wconf 80' lang='grc' dir='ltr'><strong><em>Ἰάκωβος</em></strong></span> 
     </span>
     <span class='ocr_line' id='line_1_14' title="bbox 197 1677 2486 1772; baseline 0 -19"><span class='ocrx_word' id='word_1_101' title='bbox 197 1677 362 1771; x_wconf 81' lang='grc' dir='ltr'><strong><em>ἦλθε</em></strong></span> <span class='ocrx_word' id='word_1_102' title='bbox 414 1683 582 1772; x_wconf 87' lang='grc' dir='ltr'><strong><em>πρὸς</em></strong></span> <span class='ocrx_word' id='word_1_103' title='bbox 637 1682 876 1771; x_wconf 82' lang='grc' dir='ltr'><strong><em>αὐτόν,</em></strong></span> <span class='ocrx_word' id='word_1_104' title='bbox 929 1684 1039 1751; x_wconf 75' lang='grc' dir='ltr'><strong><em>καὶ</em></strong></span> <span class='ocrx_word' id='word_1_105' title='bbox 1091 1682 1240 1751; x_wconf 84' lang='grc' dir='ltr'><strong><em>τότε</em></strong></span> <span class='ocrx_word' id='word_1_106' title='bbox 1294 1687 1598 1763; x_wconf 88' lang='grc' dir='ltr'><strong><em>παιδείας</em></strong></span> <span class='ocrx_word' id='word_1_107' title='bbox 1648 1682 1924 1771; x_wconf 78' lang='grc' dir='ltr'><strong><em>ἤρξατο,</em></strong></span> <span class='ocrx_word' id='word_1_108' title='bbox 1980 1685 2091 1753; x_wconf 86' lang='grc' dir='ltr'><strong><em>καὶ</em></strong></span> <span class='ocrx_word' id='word_1_109' title='bbox 2138 1685 2486 1772; x_wconf 80' lang='grc' dir='ltr'><strong><em>ι’άτρευσεν</em></strong></span> 
     </span>
     <span class='ocr_line' id='line_1_15' title="bbox 199 1789 1900 1877; baseline 0 -20"><span class='ocrx_word' id='word_1_110' title='bbox 199 1793 272 1857; x_wconf 79' lang='grc' dir='ltr'><strong><em>ἐν</em></strong></span> <span class='ocrx_word' id='word_1_111' title='bbox 313 1789 1024 1860; x_wconf 84' lang='grc' dir='ltr'><strong><em>Κωνσταντινουπόλει</em></strong></span> <span class='ocrx_word' id='word_1_112' title='bbox 1071 1790 1176 1859; x_wconf 79' lang='grc' dir='ltr'><strong><em>ἐπὶ</em></strong></span> <span class='ocrx_word' id='word_1_113' title='bbox 1221 1791 1514 1869; x_wconf 84' lang='grc' dir='ltr'><strong><em>Λέοντος</em></strong></span> <span class='ocrx_word' id='word_1_114' title='bbox 1559 1792 1900 1877; x_wconf 83' lang='grc' dir='ltr'><strong><em>βασιλέως.</em></strong></span> 
     </span>
    </p>

    <p class='ocr_par' dir='ltr' id='par_1_4' title="bbox 193 1886 2568 2410">
     <span class='ocr_line' id='line_1_16' title="bbox 373 1886 2568 1983; baseline 0 -19"><span class='ocrx_word' id='word_1_115' title='bbox 373 1898 893 1966; x_wconf 84' lang='lat' dir='ltr'><strong>COOLXXVIJI.</strong></span> <span class='ocrx_word' id='word_1_116' title='bbox 924 1893 981 1964; x_wconf 88' lang='grc' dir='ltr'><strong><em>Ἰ</em></strong></span> <span class='ocrx_word' id='word_1_117' title='bbox 984 1895 1028 1962; x_wconf 77' lang='grc' dir='ltr'><strong><em>οἱ</em></strong></span> <span class='ocrx_word' id='word_1_118' title='bbox 1042 1923 1087 1982; x_wconf 92' lang='grc' dir='ltr'><strong><em>μ</em></strong></span> <span class='ocrx_word' id='word_1_119' title='bbox 1097 1902 1224 1982; x_wconf 91' lang='grc' dir='ltr'><strong><em>βλι</em></strong></span> <span class='ocrx_word' id='word_1_120' title='bbox 1235 1922 1382 1982; x_wconf 79' lang='grc' dir='ltr'><strong><em>χος.</em></strong></span> <span class='ocrx_word' id='word_1_121' title='bbox 1431 1886 1650 1981; x_wconf 83' lang='grc' dir='ltr'><strong><em>οὗτος,</em></strong></span> <span class='ocrx_word' id='word_1_122' title='bbox 1682 1893 1771 1976; x_wconf 73' lang='grc' dir='ltr'><strong><em>ὥς</em></strong></span> <span class='ocrx_word' id='word_1_123' title='bbox 1798 1918 2031 1983; x_wconf 86' lang='grc' dir='ltr'><strong><em>φασιν,</em></strong></span> <span class='ocrx_word' id='word_1_124' title='bbox 2060 1898 2189 1967; x_wconf 79' lang='grc' dir='ltr'><strong><em>ἀπὸ</em></strong></span> <span class='ocrx_word' id='word_1_125' title='bbox 2220 1898 2488 1967; x_wconf 83' lang='grc' dir='ltr'><strong><em>δούλων</em></strong></span> <span class='ocrx_word' id='word_1_126' title='bbox 2517 1926 2568 1965; x_wconf 77' lang='lat'><strong><em>15</em></strong></span> 
     </span>
     <span class='ocr_line' id='line_1_17' title="bbox 199 1995 2489 2095; baseline 0.002 -26"><span class='ocrx_word' id='word_1_127' title='bbox 199 1995 306 2089; x_wconf 80' lang='grc' dir='ltr'><strong><em>ἦν,</em></strong></span> <span class='ocrx_word' id='word_1_128' title='bbox 353 2008 600 2090; x_wconf 82' lang='grc' dir='ltr'><strong><em>ἔγραψε</em></strong></span> <span class='ocrx_word' id='word_1_129' title='bbox 648 2002 722 2071; x_wconf 75' lang='grc' dir='ltr'><strong><em>δὲ</em></strong></span> <span class='ocrx_word' id='word_1_130' title='bbox 767 2000 848 2071; x_wconf 77' lang='grc' dir='ltr'><strong><em>τὰ</em></strong></span> <span class='ocrx_word' id='word_1_131' title='bbox 895 2001 1272 2089; x_wconf 83' lang='grc' dir='ltr'><strong><em>καλούμενα</em></strong></span> <span class='ocrx_word' id='word_1_132' title='bbox 1311 2003 1799 2089; x_wconf 82' lang='grc' dir='ltr'><strong><em>Βαβυλωνιακά</em></strong></span> <span class='ocrx_word' id='word_1_133' title='bbox 1847 2004 2017 2095; x_wconf 84' lang='grc' dir='ltr'><strong><em>(ἔστι</em></strong></span> <span class='ocrx_word' id='word_1_134' title='bbox 2060 2004 2489 2074; x_wconf 72' lang='grc' dir='ltr'><strong><em>δὲῬοδοένου</em></strong></span> 
     </span>
     <span class='ocr_line' id='line_1_18' title="bbox 195 2101 2486 2197; baseline 0.002 -21"><span class='ocrx_word' id='word_1_135' title='bbox 195 2112 304 2179; x_wconf 74' lang='grc' dir='ltr'><strong><em>καὶ</em></strong></span> <span class='ocrx_word' id='word_1_136' title='bbox 341 2114 724 2189; x_wconf 89' lang='grc' dir='ltr'><strong><em>Σινωνίδος</em></strong></span> <span class='ocrx_word' id='word_1_137' title='bbox 769 2115 936 2193; x_wconf 84' lang='grc' dir='ltr'><strong><em>ἔρως</em></strong></span> <span class='ocrx_word' id='word_1_138' title='bbox 975 2112 1046 2179; x_wconf 85' lang='grc' dir='ltr'><strong><em>ἐν</em></strong></span> <span class='ocrx_word' id='word_1_139' title='bbox 1093 2114 1381 2196; x_wconf 85' lang='grc' dir='ltr'><strong><em>βιβλίοις</em></strong></span> <span class='ocrx_word' id='word_1_140' title='bbox 1426 2109 1594 2197; x_wconf 78' lang='grc' dir='ltr'><strong><em>λθ’).</em></strong></span> <span class='ocrx_word' id='word_1_141' title='bbox 1670 2101 1895 2193; x_wconf 84' lang='grc' dir='ltr'><strong><em>[οὗτος</em></strong></span> <span class='ocrx_word' id='word_1_142' title='bbox 1941 2112 2114 2196; x_wconf 80' lang='grc' dir='ltr'><strong><em>λέγει</em></strong></span> <span class='ocrx_word' id='word_1_143' title='bbox 2158 2114 2307 2195; x_wconf 81' lang='grc' dir='ltr'><strong><em>περὶ</em></strong></span> <span class='ocrx_word' id='word_1_144' title='bbox 2347 2120 2486 2181; x_wconf 90' lang='grc' dir='ltr'><strong><em>Ζω-</em></strong></span> 
     </span>
     <span class='ocr_line' id='line_1_19' title="bbox 193 2216 2487 2306; baseline 0.001 -23"><span class='ocrx_word' id='word_1_145' title='bbox 193 2221 364 2302; x_wconf 84' lang='grc' dir='ltr'><strong><em>βαρᾶ</em></strong></span> <span class='ocrx_word' id='word_1_146' title='bbox 434 2221 558 2287; x_wconf 89' lang='grc' dir='ltr'><strong><em>τοῦ</em></strong></span> <span class='ocrx_word' id='word_1_147' title='bbox 631 2216 964 2303; x_wconf 82' lang='grc' dir='ltr'><strong><em>εὐνούχου</em></strong></span> <span class='ocrx_word' id='word_1_148' title='bbox 1035 2220 1158 2284; x_wconf 84' lang='grc' dir='ltr'><strong><em>τοῦ</em></strong></span> <span class='ocrx_word' id='word_1_149' title='bbox 1231 2218 1514 2304; x_wconf 79' lang='grc' dir='ltr'><strong><em>ἐραστοῦ</em></strong></span> <span class='ocrx_word' id='word_1_150' title='bbox 1594 2218 1710 2301; x_wconf 82' lang='grc' dir='ltr'><strong><em>τῆς</em></strong></span> <span class='ocrx_word' id='word_1_151' title='bbox 1780 2224 2299 2305; x_wconf 87' lang='grc' dir='ltr'><strong><em>Μεσοποταμίας</em></strong></span> <span class='ocrx_word' id='word_1_152' title='bbox 2369 2224 2487 2306; x_wconf 82' lang='grc' dir='ltr'><strong><em>τῆς</em></strong></span> 
     </span>
     <span class='ocr_line' id='line_1_20' title="bbox 201 2321 710 2410; baseline 0.004 -21"><span class='ocrx_word' id='word_1_153' title='bbox 201 2321 672 2410; x_wconf 78' lang='grc' dir='ltr'><strong><em>εὐειδεστάτης.</em></strong></span> <span class='ocrx_word' id='word_1_154' title='bbox 686 2328 710 2408; x_wconf 95' lang='grc'>]</span> 
     </span>
    </p>

    <p class='ocr_par' dir='ltr' id='par_1_5' title="bbox 194 2426 2569 2839">
     <span class='ocr_line' id='line_1_21' title="bbox 371 2426 2569 2519; baseline 0 -20"><span class='ocrx_word' id='word_1_155' title='bbox 371 2432 820 2500; x_wconf 85' lang='lat' dir='ltr'><strong>COOLXXIX.</strong></span> <span class='ocrx_word' id='word_1_156' title='bbox 879 2426 938 2498; x_wconf 85' lang='grc' dir='ltr'><strong><em>Ἰ</em></strong></span> <span class='ocrx_word' id='word_1_157' title='bbox 941 2428 1324 2516; x_wconf 80' lang='grc' dir='ltr'><strong><em>άμβλιχος</em></strong></span> <span class='ocrx_word' id='word_1_158' title='bbox 1370 2432 1619 2518; x_wconf 81' lang='grc' dir='ltr'><strong><em>ἔτερος,</em></strong></span> <span class='ocrx_word' id='word_1_159' title='bbox 1668 2434 1999 2510; x_wconf 86' lang='grc' dir='ltr'><strong><em>Χαλκίδος</em></strong></span> <span class='ocrx_word' id='word_1_160' title='bbox 2042 2435 2159 2518; x_wconf 79' lang='grc' dir='ltr'><strong><em>τῆς</em></strong></span> <span class='ocrx_word' id='word_1_161' title='bbox 2205 2438 2484 2519; x_wconf 84' lang='grc' dir='ltr'><strong><em>Συρίας,</em></strong></span> <span class='ocrx_word' id='word_1_162' title='bbox 2514 2460 2569 2499; x_wconf 76' lang='lat'><strong><em>20</em></strong></span> 
     </span>
     <span class='ocr_line' id='line_1_22' title="bbox 194 2535 2483 2626; baseline 0.001 -22"><span class='ocrx_word' id='word_1_163' title='bbox 194 2537 584 2626; x_wconf 86' lang='grc' dir='ltr'><strong><em>φιλόσοφος,</em></strong></span> <span class='ocrx_word' id='word_1_164' title='bbox 623 2535 929 2624; x_wconf 81' lang='grc' dir='ltr'><strong><em>μαθητὴς</em></strong></span> <span class='ocrx_word' id='word_1_165' title='bbox 957 2543 1364 2625; x_wconf 86' lang='grc' dir='ltr'><strong><em>Πορφυρίου</em></strong></span> <span class='ocrx_word' id='word_1_166' title='bbox 1393 2540 1517 2605; x_wconf 86' lang='grc' dir='ltr'><strong><em>τοῦ</em></strong></span> <span class='ocrx_word' id='word_1_167' title='bbox 1545 2537 1929 2624; x_wconf 85' lang='grc' dir='ltr'><strong><em>φιλοσόφου</em></strong></span> <span class='ocrx_word' id='word_1_168' title='bbox 1953 2542 2075 2606; x_wconf 88' lang='grc' dir='ltr'><strong><em>τοῦ</em></strong></span> <span class='ocrx_word' id='word_1_169' title='bbox 2104 2543 2483 2623; x_wconf 89' lang='grc' dir='ltr'><strong><em>Πλωτίνου,</em></strong></span> 
     </span>
     <span class='ocr_line' id='line_1_23' title="bbox 195 2642 2484 2732; baseline 0.001 -20"><span class='ocrx_word' id='word_1_170' title='bbox 195 2644 486 2731; x_wconf 71' lang='grc' dir='ltr'><strong><em>γεγονώς</em></strong></span> <span class='ocrx_word' id='word_1_171' title='bbox 556 2642 723 2713; x_wconf 78' lang='grc' dir='ltr'><strong><em>κατὰ</em></strong></span> <span class='ocrx_word' id='word_1_172' title='bbox 795 2642 954 2723; x_wconf 80' lang='grc' dir='ltr'><strong><em>τούς</em></strong></span> <span class='ocrx_word' id='word_1_173' title='bbox 1017 2642 1305 2732; x_wconf 82' lang='grc' dir='ltr'><strong><em>χρόνους</em></strong></span> <span class='ocrx_word' id='word_1_174' title='bbox 1370 2649 1899 2712; x_wconf 87' lang='grc' dir='ltr'><strong><em>Κωνσταντίνου</em></strong></span> <span class='ocrx_word' id='word_1_175' title='bbox 1959 2648 2081 2713; x_wconf 88' lang='grc' dir='ltr'><strong><em>τοῦ</em></strong></span> <span class='ocrx_word' id='word_1_176' title='bbox 2144 2646 2484 2731; x_wconf 85' lang='grc' dir='ltr'><strong><em>βασιλέως.</em></strong></span> 
     </span>
     <span class='ocr_line' id='line_1_24' title="bbox 195 2749 1460 2839; baseline 0.002 -23"><span class='ocrx_word' id='word_1_177' title='bbox 195 2756 440 2838; x_wconf 82' lang='grc' dir='ltr'><strong><em>ἔγραψε</em></strong></span> <span class='ocrx_word' id='word_1_178' title='bbox 486 2757 716 2839; x_wconf 88' lang='grc' dir='ltr'><strong><em>βιβλία</em></strong></span> <span class='ocrx_word' id='word_1_179' title='bbox 759 2750 1099 2839; x_wconf 88' lang='grc' dir='ltr'><strong><em>φιλόσοφα</em></strong></span> <span class='ocrx_word' id='word_1_180' title='bbox 1149 2749 1460 2837; x_wconf 79' lang='grc' dir='ltr'><strong><em>διοέφορα.</em></strong></span> 
     </span>
    </p>
   </div>
   <div class='ocr_carea' id='block_1_3' title="bbox 195 2886 620 2900">
    <p class='ocr_par' dir='ltr' id='par_1_6' title="bbox 195 2886 620 2900">
     <span class='ocr_line' id='line_1_25' title="bbox 195 2886 620 2900; baseline 0 1992"><span class='ocrx_word' id='word_1_181' title='bbox 195 2886 620 2900; x_wconf 95' lang='lat' dir='ltr'><strong><em> </em></strong></span> 
     </span>
    </p>
   </div>
   <div class='ocr_carea' id='block_1_4' title="bbox 189 2954 2484 4384">
    <p class='ocr_par' dir='ltr' id='par_1_7' title="bbox 191 2954 2483 3266">
     <span class='ocr_line' id='line_1_26' title="bbox 336 2954 2482 3027; baseline 0.001 -17"><span class='ocrx_word' id='word_1_182' title='bbox 336 2963 364 3010; x_wconf 95' lang='grc'>1</span> <span class='ocrx_word' id='word_1_183' title='bbox 403 2954 942 3027; x_wconf 65' lang='grc' dir='ltr'><strong><em>συμβουλευτικάςῗ</em></strong></span> <span class='ocrx_word' id='word_1_184' title='bbox 1065 2964 1096 3011; x_wconf 99' lang='grc'><strong>2</strong></span> <span class='ocrx_word' id='word_1_185' title='bbox 1133 2954 1279 3009; x_wconf 85' lang='lat' dir='ltr'>Huic</span> <span class='ocrx_word' id='word_1_186' title='bbox 1317 2956 1467 3010; x_wconf 74' lang='lat' dir='ltr'><strong>vitae</strong></span> <span class='ocrx_word' id='word_1_187' title='bbox 1505 2957 1691 3011; x_wconf 86' lang='lat' dir='ltr'>locum</span> <span class='ocrx_word' id='word_1_188' title='bbox 1720 2956 2013 3012; x_wconf 80' lang='lat' dir='ltr'><strong>Michaelis</strong></span> <span class='ocrx_word' id='word_1_189' title='bbox 2052 2958 2348 3013; x_wconf 75' lang='lat' dir='ltr'><strong>Nossaitae</strong></span> <span class='ocrx_word' id='word_1_190' title='bbox 2386 2958 2482 3012; x_wconf 80' lang='lat' dir='ltr'><strong><em>ad-</em></strong></span> 
     </span>
     <span class='ocr_line' id='line_1_27' title="bbox 191 3033 2483 3108; baseline 0.001 -18"><span class='ocrx_word' id='word_1_191' title='bbox 191 3038 414 3108; x_wconf 73' lang='lat' dir='ltr'><strong><em>scripsit</em></strong></span> <span class='ocrx_word' id='word_1_192' title='bbox 443 3037 658 3094; x_wconf 82' lang='lat' dir='ltr'><strong>Suidas.</strong></span> <span class='ocrx_word' id='word_1_193' title='bbox 701 3037 958 3093; x_wconf 74' lang='lat' dir='ltr'>Ceterum</span> <span class='ocrx_word' id='word_1_194' title='bbox 981 3038 1046 3093; x_wconf 79' lang='lat' dir='ltr'><strong><em>cf.</em></strong></span> <span class='ocrx_word' id='word_1_195' title='bbox 1069 3037 1240 3091; x_wconf 87' lang='lat' dir='ltr'><strong>schol.</strong></span> <span class='ocrx_word' id='word_1_196' title='bbox 1260 3037 1476 3092; x_wconf 60' lang='lat' dir='ltr'><strong>Platon.</strong></span> <span class='ocrx_word' id='word_1_197' title='bbox 1497 3035 1576 3089; x_wconf 91' lang='lat' dir='ltr'><strong><em>VI</em></strong></span> <span class='ocrx_word' id='word_1_198' title='bbox 1595 3055 1649 3105; x_wconf 90' lang='lat' dir='ltr'><strong><em>p.</em></strong></span> <span class='ocrx_word' id='word_1_199' title='bbox 1667 3034 1999 3092; x_wconf 77' lang='lat' dir='ltr'><strong>275Herm.:</strong></span> <span class='ocrx_word' id='word_1_200' title='bbox 2030 3033 2061 3092; x_wconf 85' lang='grc' dir='ltr'><strong>ὁ</strong></span> <span class='ocrx_word' id='word_1_201' title='bbox 2092 3042 2149 3090; x_wconf 86' lang='lat' dir='ltr'><em>X</em></span> <span class='ocrx_word' id='word_1_202' title='bbox 2147 3033 2483 3105; x_wconf 77' lang='grc' dir='ltr'><strong><em>αλκηδόνιός</em></strong></span> 
     </span>
     <span class='ocr_line' id='line_1_28' title="bbox 193 3110 2482 3188; baseline 0.001 -19"><span class='ocrx_word' id='word_1_203' title='bbox 193 3111 341 3171; x_wconf 74' lang='grc' dir='ltr'><strong><em>ἐστιν</em></strong></span> <span class='ocrx_word' id='word_1_204' title='bbox 371 3114 402 3172; x_wconf 82' lang='grc' dir='ltr'><em>ὃ</em></span> <span class='ocrx_word' id='word_1_205' title='bbox 437 3115 822 3188; x_wconf 83' lang='grc' dir='ltr'><strong><em>Θρασύμαχος,</em></strong></span> <span class='ocrx_word' id='word_1_206' title='bbox 853 3112 915 3180; x_wconf 80' lang='grc' dir='ltr'><strong><em>ὃς</em></strong></span> <span class='ocrx_word' id='word_1_207' title='bbox 945 3113 1216 3182; x_wconf 77' lang='grc' dir='ltr'><strong><em>ἔδίδαξιν,</em></strong></span> <span class='ocrx_word' id='word_1_208' title='bbox 1245 3110 1320 3177; x_wconf 75' lang='grc' dir='ltr'><strong><em>ὥς</em></strong></span> <span class='ocrx_word' id='word_1_209' title='bbox 1348 3118 1446 3171; x_wconf 84' lang='grc' dir='ltr'><strong><em>δεῖ</em></strong></span> <span class='ocrx_word' id='word_1_210' title='bbox 1465 3114 1654 3170; x_wconf 77' lang='grc' dir='ltr'><strong><em>οἶκτον</em></strong></span> <span class='ocrx_word' id='word_1_211' title='bbox 1686 3113 1925 3185; x_wconf 79' lang='grc' dir='ltr'><strong><em>ἐγείρειν</em></strong></span> <span class='ocrx_word' id='word_1_212' title='bbox 1954 3114 2052 3171; x_wconf 87' lang='grc' dir='ltr'><strong><em>τὸν</em></strong></span> <span class='ocrx_word' id='word_1_213' title='bbox 2084 3112 2356 3185; x_wconf 84' lang='grc' dir='ltr'><strong><em>δικαστὴν</em></strong></span> <span class='ocrx_word' id='word_1_214' title='bbox 2385 3117 2482 3171; x_wconf 79' lang='grc' dir='ltr'><strong><em>καὶ</em></strong></span> 
     </span>
     <span class='ocr_line' id='line_1_29' title="bbox 195 3190 2414 3266; baseline 0 -17"><span class='ocrx_word' id='word_1_215' title='bbox 195 3192 548 3252; x_wconf 76' lang='grc' dir='ltr'><strong><em>ἐπισπᾶσθαι</em></strong></span> <span class='ocrx_word' id='word_1_216' title='bbox 587 3196 770 3263; x_wconf 77' lang='grc' dir='ltr'><strong><em>ἔλεον,</em></strong></span> <span class='ocrx_word' id='word_1_217' title='bbox 809 3198 1010 3266; x_wconf 83' lang='grc' dir='ltr'><strong><em>γῆρας,</em></strong></span> <span class='ocrx_word' id='word_1_218' title='bbox 1049 3197 1280 3263; x_wconf 85' lang='grc' dir='ltr'><strong><em>πενίαν,</em></strong></span> <span class='ocrx_word' id='word_1_219' title='bbox 1318 3194 1491 3249; x_wconf 77' lang='grc' dir='ltr'><strong><em>τέκνα</em></strong></span> <span class='ocrx_word' id='word_1_220' title='bbox 1530 3190 1965 3266; x_wconf 74' lang='grc' dir='ltr'><strong><em>ἀποδυρόμενον</em></strong></span> <span class='ocrx_word' id='word_1_221' title='bbox 2002 3197 2099 3251; x_wconf 76' lang='grc' dir='ltr'><strong><em>καὶ</em></strong></span> <span class='ocrx_word' id='word_1_222' title='bbox 2136 3194 2205 3251; x_wconf 80' lang='grc' dir='ltr'><strong><em>τὰ</em></strong></span> <span class='ocrx_word' id='word_1_223' title='bbox 2245 3190 2414 3265; x_wconf 78' lang='grc' dir='ltr'><strong><em>ὅμοια</em></strong></span> 
     </span>
    </p>

    <p class='ocr_par' dir='ltr' id='par_1_8' title="bbox 189 3275 2484 3730">
     <span class='ocr_line' id='line_1_30' title="bbox 332 3275 2481 3345; baseline -0.002 -12"><span class='ocrx_word' id='word_1_224' title='bbox 332 3276 720 3333; x_wconf 86' lang='lat' dir='ltr'>CCCLXXVll</span> <span class='ocrx_word' id='word_1_225' title='bbox 765 3295 872 3333; x_wconf 91' lang='lat' dir='ltr'><strong><em>om.</em></strong></span> <span class='ocrx_word' id='word_1_226' title='bbox 913 3278 1186 3331; x_wconf 78' lang='lat' dir='ltr'><strong><em>Westerm.</em></strong></span> <span class='ocrx_word' id='word_1_227' title='bbox 1263 3275 1346 3330; x_wconf 84' lang='lat' dir='ltr'><strong><em>De</em></strong></span> <span class='ocrx_word' id='word_1_228' title='bbox 1391 3276 1510 3330; x_wconf 73' lang='lat' dir='ltr'><strong>vita.</strong></span> <span class='ocrx_word' id='word_1_229' title='bbox 1558 3275 1845 3345; x_wconf 77' lang='lat' dir='ltr'><strong>disputavi</strong></span> <span class='ocrx_word' id='word_1_230' title='bbox 1882 3277 2022 3332; x_wconf 88' lang='lat' dir='ltr'><strong><em>Mus.</em></strong></span> <span class='ocrx_word' id='word_1_231' title='bbox 2064 3278 2238 3332; x_wconf 85' lang='lat' dir='ltr'><strong>Rhen.</strong></span> <span class='ocrx_word' id='word_1_232' title='bbox 2278 3275 2481 3331; x_wconf 84' lang='lat' dir='ltr'>XXXV</span> 
     </span>
     <span class='ocr_line' id='line_1_31' title="bbox 191 3355 2484 3427; baseline -0 -16"><span class='ocrx_word' id='word_1_233' title='bbox 191 3374 242 3424; x_wconf 89' lang='lat' dir='ltr'><strong><em>p.</em></strong></span> <span class='ocrx_word' id='word_1_234' title='bbox 272 3364 378 3413; x_wconf 82' lang='lat'><strong><em>232</em></strong></span> <span class='ocrx_word' id='word_1_235' title='bbox 409 3374 524 3427; x_wconf 83' lang='lat' dir='ltr'><strong><em>seq.</em></strong></span> <span class='ocrx_word' id='word_1_236' title='bbox 566 3358 645 3414; x_wconf 79' lang='lat' dir='ltr'><strong><em>Of.</em></strong></span> <span class='ocrx_word' id='word_1_237' title='bbox 677 3359 746 3413; x_wconf 84' lang='lat' dir='ltr'><strong><em>de</em></strong></span> <span class='ocrx_word' id='word_1_238' title='bbox 776 3359 976 3413; x_wconf 86' lang='lat' dir='ltr'>eodem</span> <span class='ocrx_word' id='word_1_239' title='bbox 1005 3358 1264 3412; x_wconf 81' lang='lat' dir='ltr'><strong>Damaso.</strong></span> <span class='ocrx_word' id='word_1_240' title='bbox 1295 3356 1443 3426; x_wconf 82' lang='lat' dir='ltr'><strong>apud</strong></span> <span class='ocrx_word' id='word_1_241' title='bbox 1471 3355 1635 3411; x_wconf 81' lang='lat' dir='ltr'><strong>Phot.</strong></span> <span class='ocrx_word' id='word_1_242' title='bbox 1666 3376 1720 3426; x_wconf 89' lang='lat' dir='ltr'><strong><em>p.</em></strong></span> <span class='ocrx_word' id='word_1_243' title='bbox 1742 3362 1932 3421; x_wconf 82' lang='lat' dir='ltr'><strong>344a.;</strong></span> <span class='ocrx_word' id='word_1_244' title='bbox 1974 3374 2009 3411; x_wconf 80' lang='lat' dir='ltr'><strong><em>a.</em></strong></span> <span class='ocrx_word' id='word_1_245' title='bbox 2036 3375 2145 3426; x_wconf 90' lang='lat' dir='ltr'><strong><em>quo</em></strong></span> <span class='ocrx_word' id='word_1_246' title='bbox 2174 3358 2484 3427; x_wconf 79' lang='lat' dir='ltr'><strong>Hesychius</strong></span> 
     </span>
     <span class='ocr_line' id='line_1_32' title="bbox 189 3432 2484 3507; baseline 0 -17"><span class='ocrx_word' id='word_1_247' title='bbox 189 3438 396 3503; x_wconf 72' lang='lat' dir='ltr'><strong>pendeb</strong></span> <span class='ocrx_word' id='word_1_248' title='bbox 494 3443 529 3491; x_wconf 84' lang='lat'>4</span> <span class='ocrx_word' id='word_1_249' title='bbox 565 3434 937 3507; x_wconf 76' lang='grc' dir='ltr'><strong><em>ψυχόχριστος</em></strong></span> <span class='ocrx_word' id='word_1_250' title='bbox 964 3438 1130 3507; x_wconf 65' lang='lat' dir='ltr'><em>vulq„</em></span> <span class='ocrx_word' id='word_1_251' title='bbox 1167 3436 1318 3505; x_wconf 87' lang='lat' dir='ltr'>quod</span> <span class='ocrx_word' id='word_1_252' title='bbox 1347 3453 1485 3493; x_wconf 85' lang='lat' dir='ltr'><strong>corr.</strong></span> <span class='ocrx_word' id='word_1_253' title='bbox 1517 3436 1841 3503; x_wconf 78' lang='lat' dir='ltr'><strong><em>Salmasius,</em></strong></span> <span class='ocrx_word' id='word_1_254' title='bbox 1879 3432 2183 3505; x_wconf 77' lang='grc' dir='ltr'><strong><em>ψύχριστος</em></strong></span> <span class='ocrx_word' id='word_1_255' title='bbox 2210 3438 2484 3492; x_wconf 79' lang='lat' dir='ltr'><strong><em>Kusterus</em></strong></span> 
     </span>
     <span class='ocr_line' id='line_1_33' title="bbox 191 3510 2482 3587; baseline 0.001 -20"><span class='ocrx_word' id='word_1_256' title='bbox 191 3514 268 3577; x_wconf 81' lang='grc' dir='ltr'><strong><em>εἰς</em></strong></span> <span class='ocrx_word' id='word_1_257' title='bbox 303 3514 367 3571; x_wconf 84' lang='grc' dir='ltr'><strong><em>τὸ</em></strong></span> <span class='ocrx_word' id='word_1_258' title='bbox 411 3513 652 3586; x_wconf 75' lang='grc' dir='ltr'><strong><em>ἐξάρχου</em></strong></span> <span class='ocrx_word' id='word_1_259' title='bbox 688 3520 832 3587; x_wconf 71' lang='lat' dir='ltr'><em>vuly.</em></span> <span class='ocrx_word' id='word_1_260' title='bbox 875 3535 1008 3573; x_wconf 85' lang='lat' dir='ltr'><strong>corr.</strong></span> <span class='ocrx_word' id='word_1_261' title='bbox 1041 3518 1207 3572; x_wconf 75' lang='lat' dir='ltr'><strong><em>Kust.</em></strong></span> <span class='ocrx_word' id='word_1_262' title='bbox 1249 3512 1312 3571; x_wconf 79' lang='grc' dir='ltr'><strong><em>ἐκ</em></strong></span> <span class='ocrx_word' id='word_1_263' title='bbox 1351 3512 1587 3570; x_wconf 76' lang='grc' dir='ltr'><strong><em>πάππου</em></strong></span> <span class='ocrx_word' id='word_1_264' title='bbox 1628 3510 1703 3581; x_wconf 77' lang='grc' dir='ltr'><strong><em>ἐξ.</em></strong></span> <span class='ocrx_word' id='word_1_265' title='bbox 1736 3516 2056 3571; x_wconf 76' lang='lat' dir='ltr'><strong><em>Gutschmid</em></strong></span> <span class='ocrx_word' id='word_1_266' title='bbox 2207 3522 2239 3571; x_wconf 91' lang='lat'>8</span> <span class='ocrx_word' id='word_1_267' title='bbox 2279 3517 2375 3570; x_wconf 81' lang='grc' dir='ltr'><strong><em>καὶ</em></strong></span> <span class='ocrx_word' id='word_1_268' title='bbox 2413 3511 2482 3570; x_wconf 78' lang='grc' dir='ltr'><strong><em>οῦ</em></strong></span> 
     </span>
     <span class='ocr_line' id='line_1_34' title="bbox 190 3590 2484 3669; baseline 0 -19"><span class='ocrx_word' id='word_1_269' title='bbox 190 3600 329 3669; x_wconf 74' lang='lat' dir='ltr'><strong>vuly.</strong></span> <span class='ocrx_word' id='word_1_270' title='bbox 369 3598 468 3651; x_wconf 80' lang='grc' dir='ltr'><strong><em>καὶ</em></strong></span> <span class='ocrx_word' id='word_1_271' title='bbox 497 3592 632 3652; x_wconf 71' lang='grc' dir='ltr'><strong><em>οὐδὲ</em></strong></span> <span class='ocrx_word' id='word_1_272' title='bbox 664 3602 709 3649; x_wconf 98' lang='lat' dir='ltr'>A</span> <span class='ocrx_word' id='word_1_273' title='bbox 737 3597 832 3651; x_wconf 77' lang='grc' dir='ltr'><strong><em>καὶ</em></strong></span> <span class='ocrx_word' id='word_1_274' title='bbox 862 3597 1030 3652; x_wconf 83' lang='grc' dir='ltr'><strong><em>τοῦδε</em></strong></span> <span class='ocrx_word' id='word_1_275' title='bbox 1062 3602 1106 3649; x_wconf 85' lang='lat' dir='ltr'><strong>V</strong></span> <span class='ocrx_word' id='word_1_276' title='bbox 1229 3603 1294 3650; x_wconf 92' lang='grc'><strong><em>10</em></strong></span> <span class='ocrx_word' id='word_1_277' title='bbox 1333 3590 1587 3664; x_wconf 72' lang='grc' dir='ltr'><strong><em>ἀρρένων</em></strong></span> <span class='ocrx_word' id='word_1_278' title='bbox 1618 3613 1724 3651; x_wconf 90' lang='lat' dir='ltr'><strong><em>om.</em></strong></span> <span class='ocrx_word' id='word_1_279' title='bbox 1755 3599 1903 3647; x_wconf 82' lang='lat' dir='ltr'><strong><em>ABE</em></strong></span> <span class='ocrx_word' id='word_1_280' title='bbox 2015 3600 2079 3648; x_wconf 89' lang='lat'><strong><em>11</em></strong></span> <span class='ocrx_word' id='word_1_281' title='bbox 2112 3591 2218 3650; x_wconf 78' lang='grc' dir='ltr'><strong><em>δύο</em></strong></span> <span class='ocrx_word' id='word_1_282' title='bbox 2246 3597 2484 3651; x_wconf 75' lang='lat' dir='ltr'><strong>accessit</strong></span> 
     </span>
     <span class='ocr_line' id='line_1_35' title="bbox 200 3682 504 3730; baseline -0.003 -1"><span class='ocrx_word' id='word_1_283' title='bbox 200 3692 262 3730; x_wconf 83' lang='lat' dir='ltr'><strong><em>ex</em></strong></span> <span class='ocrx_word' id='word_1_284' title='bbox 298 3682 504 3730; x_wconf 78' lang='lat' dir='ltr'>ABVE</span> 
     </span>
    </p>

    <p class='ocr_par' dir='ltr' id='par_1_9' title="bbox 192 3754 2482 4224">
     <span class='ocr_line' id='line_1_36' title="bbox 330 3754 2482 3825; baseline -0.001 -14"><span class='ocrx_word' id='word_1_285' title='bbox 330 3755 696 3811; x_wconf 87' lang='lat' dir='ltr'>CCCLXVIII</span> <span class='ocrx_word' id='word_1_286' title='bbox 748 3755 826 3810; x_wconf 87' lang='lat' dir='ltr'><strong><em>Cf.</em></strong></span> <span class='ocrx_word' id='word_1_287' title='bbox 857 3757 1020 3811; x_wconf 63' lang='lat' dir='ltr'><strong>Phoss.</strong></span> <span class='ocrx_word' id='word_1_288' title='bbox 1052 3756 1188 3811; x_wconf 92' lang='lat' dir='ltr'><strong>bibl.</strong></span> <span class='ocrx_word' id='word_1_289' title='bbox 1226 3775 1279 3825; x_wconf 90' lang='lat' dir='ltr'><strong><em>p.</em></strong></span> <span class='ocrx_word' id='word_1_290' title='bbox 1313 3760 1379 3810; x_wconf 80' lang='lat'><strong><em>73</em></strong></span> <span class='ocrx_word' id='word_1_291' title='bbox 1418 3758 1476 3810; x_wconf 81' lang='lat' dir='ltr'><strong><em>et</em></strong></span> <span class='ocrx_word' id='word_1_292' title='bbox 1513 3772 1654 3825; x_wconf 85' lang='lat' dir='ltr'><strong>quae</strong></span> <span class='ocrx_word' id='word_1_293' title='bbox 1693 3754 1836 3808; x_wconf 71' lang='lat' dir='ltr'><strong>dixit</strong></span> <span class='ocrx_word' id='word_1_294' title='bbox 1870 3754 2094 3821; x_wconf 76' lang='lat' dir='ltr'>Rohde,</span> <span class='ocrx_word' id='word_1_295' title='bbox 2132 3754 2225 3808; x_wconf 85' lang='lat' dir='ltr'><strong><em>Gr.</em></strong></span> <span class='ocrx_word' id='word_1_296' title='bbox 2264 3754 2482 3809; x_wconf 82' lang='lat' dir='ltr'>Roman</span> 
     </span>
     <span class='ocr_line' id='line_1_37' title="bbox 193 3828 2272 3908; baseline -0 -20"><span class='ocrx_word' id='word_1_297' title='bbox 193 3852 240 3902; x_wconf 93' lang='lat' dir='ltr'><strong><em>p.</em></strong></span> <span class='ocrx_word' id='word_1_298' title='bbox 280 3843 380 3891; x_wconf 82' lang='lat'><strong><em>361</em></strong></span> <span class='ocrx_word' id='word_1_299' title='bbox 423 3839 538 3891; x_wconf 74' lang='lat' dir='ltr'><strong>not.</strong></span> <span class='ocrx_word' id='word_1_300' title='bbox 688 3842 753 3890; x_wconf 84' lang='grc'>16</span> <span class='ocrx_word' id='word_1_301' title='bbox 792 3832 1160 3908; x_wconf 76' lang='grc' dir='ltr'><strong><em>Βαβυλωνικά</em></strong></span> <span class='ocrx_word' id='word_1_302' title='bbox 1196 3837 1339 3905; x_wconf 71' lang='lat' dir='ltr'><strong><em>vuly.</em></strong></span> <span class='ocrx_word' id='word_1_303' title='bbox 1381 3830 1791 3903; x_wconf 76' lang='grc' dir='ltr'><strong><em>Βαβυλωνιακά</em></strong></span> <span class='ocrx_word' id='word_1_304' title='bbox 1830 3838 1930 3885; x_wconf 85' lang='lat' dir='ltr'><strong><em>AV</em></strong></span> <span class='ocrx_word' id='word_1_305' title='bbox 2076 3828 2197 3902; x_wconf 64' lang='grc' dir='ltr'><strong><em>ἆοδῦ</em></strong></span> <span class='ocrx_word' id='word_1_306' title='bbox 2225 3839 2272 3887; x_wconf 75' lang='lat' dir='ltr'>V</span> 
     </span>
     <span class='ocr_line' id='line_1_38' title="bbox 195 3911 2479 3985; baseline 0.001 -19"><span class='ocrx_word' id='word_1_307' title='bbox 195 3921 255 3969; x_wconf 80' lang='lat'><strong><em>1⁷</em></strong></span> <span class='ocrx_word' id='word_1_308' title='bbox 293 3917 622 3976; x_wconf 79' lang='grc' dir='ltr'><strong><em>Συνωνίδος</em></strong></span> <span class='ocrx_word' id='word_1_309' title='bbox 658 3920 703 3967; x_wconf 98' lang='lat' dir='ltr'>A</span> <span class='ocrx_word' id='word_1_310' title='bbox 846 3913 929 3971; x_wconf 86' lang='grc' dir='ltr'><strong><em>λε’</em></strong></span> <span class='ocrx_word' id='word_1_311' title='bbox 970 3920 1078 3969; x_wconf 77' lang='lat' dir='ltr'><strong>eod.</strong></span> <span class='ocrx_word' id='word_1_312' title='bbox 1105 3922 1227 3971; x_wconf 71' lang='lat' dir='ltr'><strong>vat.</strong></span> <span class='ocrx_word' id='word_1_313' title='bbox 1267 3914 1417 3985; x_wconf 79' lang='lat' dir='ltr'><strong>apud</strong></span> <span class='ocrx_word' id='word_1_314' title='bbox 1451 3916 1608 3980; x_wconf 73' lang='lat' dir='ltr'><strong><em>Mai,</em></strong></span> <span class='ocrx_word' id='word_1_315' title='bbox 1648 3914 1811 3968; x_wconf 89' lang='lat' dir='ltr'>Nova</span> <span class='ocrx_word' id='word_1_316' title='bbox 1850 3914 1996 3967; x_wconf 66' lang='lat' dir='ltr'><strong><em>Paizr.</em></strong></span> <span class='ocrx_word' id='word_1_317' title='bbox 2038 3911 2165 3967; x_wconf 80' lang='lat' dir='ltr'><strong>coll.</strong></span> <span class='ocrx_word' id='word_1_318' title='bbox 2206 3914 2256 3966; x_wconf 95' lang='lat' dir='ltr'><strong><em>II</em></strong></span> <span class='ocrx_word' id='word_1_319' title='bbox 2290 3931 2342 3982; x_wconf 89' lang='lat' dir='ltr'><strong><em>p.</em></strong></span> <span class='ocrx_word' id='word_1_320' title='bbox 2377 3919 2479 3969; x_wconf 83' lang='lat'><strong><em>348</em></strong></span> 
     </span>
     <span class='ocr_line' id='line_1_39' title="bbox 194 3990 2479 4063; baseline 0 -17"><span class='ocrx_word' id='word_1_321' title='bbox 194 3994 373 4060; x_wconf 74' lang='lat' dir='ltr'><strong>(Phot.</strong></span> <span class='ocrx_word' id='word_1_322' title='bbox 414 3990 476 4049; x_wconf 76' lang='grc' dir='ltr'><strong><em>ἔν</em></strong></span> <span class='ocrx_word' id='word_1_323' title='bbox 507 3992 592 4056; x_wconf 80' lang='grc' dir='ltr'><strong><em>οἷς</em></strong></span> <span class='ocrx_word' id='word_1_324' title='bbox 621 3990 650 4047; x_wconf 86' lang='grc' dir='ltr'>ὁ</span> <span class='ocrx_word' id='word_1_325' title='bbox 684 4012 740 4054; x_wconf 85' lang='grc' dir='ltr'><strong><em>ις</em></strong></span> <span class='ocrx_word' id='word_1_326' title='bbox 767 3992 930 4063; x_wconf 83' lang='grc' dir='ltr'><strong><em>λόγος</em></strong></span> <span class='ocrx_word' id='word_1_327' title='bbox 958 4013 1031 4050; x_wconf 84' lang='lat' dir='ltr'><strong><em>so.</em></strong></span> <span class='ocrx_word' id='word_1_328' title='bbox 1063 3995 1531 4063; x_wconf 84' lang='grc' dir='ltr'><strong><em>συμπληροῦται),</em></strong></span> <span class='ocrx_word' id='word_1_329' title='bbox 1570 3993 1771 4061; x_wconf 86' lang='lat' dir='ltr'><strong>quibus</strong></span> <span class='ocrx_word' id='word_1_330' title='bbox 1802 3994 1871 4047; x_wconf 84' lang='lat' dir='ltr'><strong><em>de</em></strong></span> <span class='ocrx_word' id='word_1_331' title='bbox 1902 3993 2289 4062; x_wconf 80' lang='lat' dir='ltr'><strong>discrepantiis</strong></span> <span class='ocrx_word' id='word_1_332' title='bbox 2319 3993 2479 4048; x_wconf 86' lang='lat' dir='ltr'><strong>dubi-</strong></span> 
     </span>
     <span class='ocr_line' id='line_1_40' title="bbox 192 4072 2321 4145; baseline 0.001 -21"><span class='ocrx_word' id='word_1_333' title='bbox 192 4072 372 4129; x_wconf 72' lang='lat' dir='ltr'>tanter</span> <span class='ocrx_word' id='word_1_334' title='bbox 409 4074 527 4143; x_wconf 73' lang='lat' dir='ltr'><strong>egib</strong></span> <span class='ocrx_word' id='word_1_335' title='bbox 564 4074 781 4141; x_wconf 80' lang='lat' dir='ltr'><strong><em>Rohde,</em></strong></span> <span class='ocrx_word' id='word_1_336' title='bbox 818 4075 854 4129; x_wconf 90' lang='lat'><strong><em>1.</em></strong></span> <span class='ocrx_word' id='word_1_337' title='bbox 896 4094 940 4130; x_wconf 86' lang='grc' dir='ltr'><strong><em>ο.</em></strong></span> <span class='ocrx_word' id='word_1_338' title='bbox 979 4095 1032 4145; x_wconf 90' lang='lat' dir='ltr'><strong><em>p.</em></strong></span> <span class='ocrx_word' id='word_1_339' title='bbox 1073 4081 1176 4130; x_wconf 85' lang='lat'><strong><em>364</em></strong></span> <span class='ocrx_word' id='word_1_340' title='bbox 1212 4076 1327 4129; x_wconf 72' lang='lat' dir='ltr'><strong>not.</strong></span> <span class='ocrx_word' id='word_1_341' title='bbox 1368 4081 1400 4129; x_wconf 92' lang='grc'><strong>2</strong></span> <span class='ocrx_word' id='word_1_342' title='bbox 1552 4081 1613 4128; x_wconf 81' lang='grc'>17</span> <span class='ocrx_word' id='word_1_343' title='bbox 1654 4091 1766 4143; x_wconf 83' lang='lat' dir='ltr'><strong><em>seq.</em></strong></span> <span class='ocrx_word' id='word_1_344' title='bbox 1808 4072 2011 4127; x_wconf 79' lang='lat' dir='ltr'><strong>Suidae</strong></span> <span class='ocrx_word' id='word_1_345' title='bbox 2049 4073 2321 4129; x_wconf 72' lang='lat' dir='ltr'>debentur</span> 
     </span>
     <span class='ocr_line' id='line_1_41' title="bbox 197 4152 1797 4224; baseline 0.001 -20"><span class='ocrx_word' id='word_1_346' title='bbox 197 4158 257 4207; x_wconf 89' lang='grc'>18</span> <span class='ocrx_word' id='word_1_347' title='bbox 293 4155 738 4222; x_wconf 79' lang='grc' dir='ltr'><strong><em>,Μεσοποταμίας</em></strong></span> <span class='ocrx_word' id='word_1_348' title='bbox 766 4158 811 4205; x_wconf 98' lang='lat' dir='ltr'>A</span> <span class='ocrx_word' id='word_1_349' title='bbox 848 4154 1010 4209; x_wconf 73' lang='lat' dir='ltr'><strong>Phot.</strong></span> <span class='ocrx_word' id='word_1_350' title='bbox 1051 4152 1329 4224; x_wconf 86' lang='grc' dir='ltr'><strong><em>μεσόπτης</em></strong></span> <span class='ocrx_word' id='word_1_351' title='bbox 1364 4158 1457 4206; x_wconf 83' lang='grc' dir='ltr'><strong><em>ΒΕ</em></strong></span> <span class='ocrx_word' id='word_1_352' title='bbox 1497 4153 1621 4207; x_wconf 83' lang='lat' dir='ltr'><strong>edd.</strong></span> <span class='ocrx_word' id='word_1_353' title='bbox 1660 4156 1797 4208; x_wconf 73' lang='lat' dir='ltr'><strong>vett.</strong></span> 
     </span>
    </p>

    <p class='ocr_par' dir='ltr' id='par_1_10' title="bbox 194 4228 2478 4384">
     <span class='ocr_line' id='line_1_42' title="bbox 331 4228 2478 4307; baseline 0 -18"><span class='ocrx_word' id='word_1_354' title='bbox 331 4232 692 4289; x_wconf 84' lang='lat' dir='ltr'>CCCLXXIX</span> <span class='ocrx_word' id='word_1_355' title='bbox 730 4233 880 4289; x_wconf 81' lang='lat' dir='ltr'><strong><em>Eud.</em></strong></span> <span class='ocrx_word' id='word_1_356' title='bbox 909 4252 961 4301; x_wconf 90' lang='lat' dir='ltr'><strong><em>p.</em></strong></span> <span class='ocrx_word' id='word_1_357' title='bbox 985 4239 1106 4287; x_wconf 82' lang='grc'><strong><em>396.</em></strong></span> <span class='ocrx_word' id='word_1_358' title='bbox 1145 4233 1224 4287; x_wconf 85' lang='lat' dir='ltr'><strong><em>Cf.</em></strong></span> <span class='ocrx_word' id='word_1_359' title='bbox 1257 4234 1468 4303; x_wconf 83' lang='lat' dir='ltr'><strong>Eunap.</strong></span> <span class='ocrx_word' id='word_1_360' title='bbox 1501 4236 1525 4287; x_wconf 95' lang='lat' dir='ltr'>I</span> <span class='ocrx_word' id='word_1_361' title='bbox 1553 4252 1606 4302; x_wconf 96' lang='lat' dir='ltr'><strong><em>p.</em></strong></span> <span class='ocrx_word' id='word_1_362' title='bbox 1639 4240 1700 4287; x_wconf 86' lang='lat'><strong><em>11</em></strong></span> <span class='ocrx_word' id='word_1_363' title='bbox 1725 4250 1839 4301; x_wconf 87' lang='lat' dir='ltr'><strong><em>seq.</em></strong></span> <span class='ocrx_word' id='word_1_364' title='bbox 1950 4238 2019 4287; x_wconf 91' lang='grc'><strong><em>20</em></strong></span> <span class='ocrx_word' id='word_1_365' title='bbox 2054 4228 2257 4307; x_wconf 76' lang='grc' dir='ltr'><strong><em>Ἰάμβλ.</em></strong></span> <span class='ocrx_word' id='word_1_366' title='bbox 2299 4230 2328 4288; x_wconf 89' lang='grc' dir='ltr'><strong>ὁ</strong></span> <span class='ocrx_word' id='word_1_367' title='bbox 2362 4239 2478 4303; x_wconf 85' lang='grc' dir='ltr'><strong><em>φιλ.</em></strong></span> 
     </span>
     <span class='ocr_line' id='line_1_43' title="bbox 194 4308 2472 4384; baseline 0.002 -18"><span class='ocrx_word' id='word_1_368' title='bbox 194 4328 295 4370; x_wconf 89' lang='lat' dir='ltr'><strong><em>om.</em></strong></span> <span class='ocrx_word' id='word_1_369' title='bbox 337 4313 523 4384; x_wconf 77' lang='grc' dir='ltr'><strong><em>ἕτερος</em></strong></span> <span class='ocrx_word' id='word_1_370' title='bbox 560 4314 712 4367; x_wconf 77' lang='lat' dir='ltr'><strong><em>Eud.</em></strong></span> <span class='ocrx_word' id='word_1_371' title='bbox 893 4320 957 4366; x_wconf 82' lang='lat'><strong><em>21</em></strong></span> <span class='ocrx_word' id='word_1_372' title='bbox 1001 4314 1290 4367; x_wconf 81' lang='grc' dir='ltr'><strong><em>Πλωτίνου</em></strong></span> <span class='ocrx_word' id='word_1_373' title='bbox 1338 4310 1621 4368; x_wconf 78' lang='grc' dir='ltr'><strong><em>ἅκουστοῦ</em></strong></span> <span class='ocrx_word' id='word_1_374' title='bbox 1658 4314 1803 4381; x_wconf 61' lang='lat' dir='ltr'><strong><em>vulg).</em></strong></span> <span class='ocrx_word' id='word_1_375' title='bbox 1844 4312 1990 4367; x_wconf 72' lang='lat' dir='ltr'><strong><em>Eud.</em></strong></span> <span class='ocrx_word' id='word_1_376' title='bbox 2042 4308 2324 4369; x_wconf 77' lang='grc' dir='ltr'><strong><em>ἅκουστοῦ</em></strong></span> <span class='ocrx_word' id='word_1_377' title='bbox 2363 4330 2472 4370; x_wconf 90' lang='lat' dir='ltr'><strong><em>om.</em></strong></span> 
     </span>
    </p>
   </div>
   <div class='ocr_carea' id='block_1_5' title="bbox 199 4387 1825 4468">
    <p class='ocr_par' dir='ltr' id='par_1_11' title="bbox 199 4387 1825 4468">
     <span class='ocr_line' id='line_1_44' title="bbox 199 4387 1825 4468; baseline 0.002 -23"><span class='ocrx_word' id='word_1_378' title='bbox 199 4397 397 4449; x_wconf 77' lang='lat' dir='ltr'>ABVE</span> <span class='ocrx_word' id='word_1_379' title='bbox 543 4399 612 4447; x_wconf 80' lang='lat'><strong><em>23</em></strong></span> <span class='ocrx_word' id='word_1_380' title='bbox 651 4396 810 4462; x_wconf 84' lang='grc' dir='ltr'><strong><em>διαφ.</em></strong></span> <span class='ocrx_word' id='word_1_381' title='bbox 854 4395 903 4468; x_wconf 87' lang='grc' dir='ltr'><strong><em>β.</em></strong></span> <span class='ocrx_word' id='word_1_382' title='bbox 943 4414 1002 4462; x_wconf 89' lang='grc' dir='ltr'><strong><em>φ.</em></strong></span> <span class='ocrx_word' id='word_1_383' title='bbox 1041 4393 1195 4449; x_wconf 78' lang='lat' dir='ltr'><strong><em>Eud.</em></strong></span> <span class='ocrx_word' id='word_1_384' title='bbox 1270 4392 1366 4447; x_wconf 81' lang='grc' dir='ltr'><strong><em>καὶ</em></strong></span> <span class='ocrx_word' id='word_1_385' title='bbox 1405 4387 1695 4464; x_wconf 87' lang='grc' dir='ltr'><strong><em>φιλόσοφα</em></strong></span> <span class='ocrx_word' id='word_1_386' title='bbox 1732 4398 1825 4449; x_wconf 79' lang='lat' dir='ltr'><strong><em>BE</em></strong></span> 
     </span>
    </p>
   </div>
  </div>
 </body>
</html>
