3025 4892
575 202 660 267 82
1501 198 1930 263 HESYCHIUS.

749 363 1088 431 OOCVIII.
1169 362 1446 449 Ζήνων
1507 370 1964 453 Διοσκορίδου
2030 362 2355 450 Ταρσεύς,
2413 361 2502 443 ὡς
2559 366 2637 432 δέ
2680 390 2856 443 τινες

569 468 934 556 Σιδώνιος,
1011 470 1415 558 φιλόσοφος,
1491 472 1796 560 μαθητὴς
1859 477 2258 560 Χρυσίππου
2328 474 2450 540 τοῦ
2534 473 2850 559 Ταρσέως,

569 574 952 662 φιλοσόφου
1001 582 1343 664 Στωικοῦ,
1387 578 1498 647 καὶ
1547 578 1880 665 διάδοχος.

745 684 1018 752 ΟΟΟΙΧ.
1092 684 1372 771 Ζήνων
1421 685 1766 769 [Κιτιεύς].
1842 690 1903 753 εἰ
1949 685 2023 754 δὲ
2070 684 2291 775 ῥήτωρ
2328 712 2426 765 τις
2462 677 2553 772 ἦν
2588 682 2629 773 ἢ
2667 684 2849 772 φιλό-

515 810 541 852 ⁶
570 808 802 876 σοφος,
853 787 1128 877 ἄδηλον.
1221 795 1467 879 ἔγραψε
1510 792 1661 880 περὶ
1710 790 2031 880 στάσεων,
2078 792 2229 880 περὶ
2276 790 2652 880 σχημάτων,
2692 790 2851 861 ὑπό-

567 924 792 984 μνημα
847 902 943 979 είς
997 900 1434 985 Ξενοφῶντα,
1500 903 1596 978 είς
1653 904 1947 987 Λυσίαν,
2014 904 2109 980 είς
2163 900 2654 988 Δημοσθένην,
2703 898 2850 988 περὶ

570 1003 1110 1092 ἐπιχειρημάτων.

745 1112 982 1180 CGOX.
1040 1118 1338 1192 Ζωίλος
1380 1110 1853 1202 Ἀμφιπολίτης
1892 1113 2110 1204 (πόλις
2148 1112 2210 1182 δ’
2255 1115 2391 1183 ἐστὶ
2430 1119 2852 1194 Μακεδονίας

561 1213 971 1305 Ἀμφίπολις,
1021 1216 1162 1305 ἥτις
1206 1220 1534 1310 πρότερον
1576 1224 1868 1290 ἐκαλεῖτο
1902 1218 2135 1290 Ἐννέα
2171 1218 2377 1311 ὁδοί),
2417 1218 2492 1301 ὃς
2527 1218 2849 1307 ἐπεκλήθη

489 1320 1060 1415 ιοὉμηρομάστιξ,
1113 1325 1215 1395 ὅτι
1265 1328 1677 1397 ἐπέσκωπτεν
1708 1325 2031 1418 Ὅμηρον·
2089 1326 2196 1399 διὸ
2245 1326 2455 1397 αὐτὸν
2505 1327 2851 1409 διώξαντες

569 1433 638 1497 οί
699 1432 772 1499 ἐν
827 1436 904 1521 τῇ
955 1429 1274 1525 Ὀλυμπίᾳ
1329 1433 1494 1503 κατὰ
1548 1441 1684 1503 τῶν
1745 1440 2187 1523 Σκιρωνίὸων
2243 1439 2503 1523 πετρῶν
2559 1440 2851 1523 ἔρριψαν.

567 1535 786 1627 ῥήτωρ
847 1538 918 1606 δὲ
964 1531 1052 1627 ἦν
1096 1541 1206 1608 καὶ
1254 1532 1648 1629 φιλόσοφος.
1731 1548 1977 1629 ἔγραψε
2024 1544 2249 1629 μέντοι
2295 1541 2446 1610 τινὰ
2500 1543 2611 1611 καὶ
2657 1568 2853 1630 γραμ-

566 1644 837 1731 ματικά,
881 1645 1045 1714 κατὰ
1091 1651 1208 1733 τῆς
1243 1644 1534 1735 Ὁμήρου
1579 1647 1925 1735 ποιήσεως·
1951 1647 2197 1735 λόγους
2239 1648 2333 1735 θ’,
2381 1651 2683 1739 ἱστορίαν
2727 1646 2850 1717 άπὸ

565 1758 925 1837 θεογονίας
973 1754 1096 1833 ἕως
1138 1758 1256 1841 τῆς
1299 1760 1640 1824 Φιλίππου
1684 1759 1990 1842 τελευτῆς
2035 1761 2260 1843 βιβλία
2306 1756 2398 1844 γ’,
2444 1758 2594 1845 περὶ
2633 1756 2851 1843 Ἀμφι-

491 1877 539 1917 15
568 1855 821 1937 πόλεως
878 1860 988 1927 καὶ
1049 1860 1214 1929 κατὰ
1271 1859 1691 1949 Ἰσοκράτους
1762 1867 1884 1932 τοῦ
1943 1863 2225 1952 ῥήτορος
2287 1864 2396 1932 καὶ
2461 1861 2632 1931 ἄλλα
2683 1871 2851 1932 πλεῖ·

569 1985 690 2031 στα
742 1966 842 2049 [ἐν
891 1960 990 2046 οἷς
1033 1969 1145 2036 καὶ
1191 1968 1402 2056 ψόγος
1438 1966 1773 2058 Ὁμήρου.]

747 2081 1022 2151 ΟΟΟΧΙ.
1124 2091 1497 2166 Ζωναῑος.
1600 2090 1890 2174 ἔγραψεν
1955 2085 2269 2172 ἐρωτικὰς
2325 2085 2671 2168 ἐπιστολὰς
2748 2088 2849 2155 καὶ

567 2186 718 2274 περὶ
763 2192 888 2256 τοῦ
936 2197 1326 2280 σφαιρίζειν.
1399 2194 1719 2283 φέρονται
1758 2192 1832 2260 δὲ
1871 2190 2080 2261 αὐτοῦ
2115 2194 2227 2261 καὶ
2266 2196 2481 2283 ἕτεραι
2522 2194 2851 2264 ἐπιστολαὶ

565 2290 972 2382 άγροικικαί,
1022 2295 1167 2367 ἄλλ’
1221 2298 1668 2370 άποπίπτουσι
1713 2304 1834 2383 τοῦ
1882 2304 2308 2389 χαρακτῆρος.

488 2420 540 2459 20
747 2403 1052 2474 CCCXII.
1139 2408 1752 2496 Ζωροάστρης
1810 2406 2253 2496 Περσόμηδος
2313 2408 2555 2496 σοφός,
2618 2405 2693 2489 ὃς
2750 2410 2851 2477 καὶ

710 2668 973 2727 CCCVIII
1011 2674 1163 2729 Eud.
1201 2674 1239 2729 l.
1279 2692 1325 2731 0.
1471 2682 1504 2731 3
1543 2676 1640 2731 καὶ
1677 2672 1944 2745 διάδοχος
1980 2694 2087 2731 om.
2128 2677 2278 2731 Eud.

709 2748 918 2807 CCCIX
959 2753 1110 2809 Eud.
1148 2753 1186 2809 1.
1225 2772 1290 2823 0.,
1329 2772 1472 2824 quae
1507 2755 1709 2826 incipit
1746 2753 1943 2824 Ζήνων
1983 2751 2058 2812 ἕτ.
2098 2760 2220 2814 Κιτ.
2330 2764 2365 2811 4
2401 2752 2631 2821 Κιτιεύς
2655 2757 2852 2812 mersto

566 2832 806 2899 suspect.
843 2831 1209 2904 Bernhardyo
1253 2838 1312 2890 et
1359 2822 1632 2891 Wcstev’m.
1706 2836 1969 2891 Fortasse
2016 2835 2085 2891 de
2132 2837 2351 2893 Zenone
2398 2837 2629 2907 Myndio
2676 2853 2851 2893 sermo

567 2914 680 2980 est,
719 2928 829 2980 quo
867 2912 1046 2967 ussitur
1080 2915 1282 2971 Zenob.
1318 2915 1396 2984 ΙΙ,
1435 2922 1503 2970 30
1577 2912 1607 2971 ὁ
1647 2935 1748 2986 pro
1787 2910 1821 2984 ἢ
1860 2921 1907 2968 Δ
2052 2922 2083 2971 5
2123 2913 2369 2981 στάσεως
2405 2918 2557 2975 Eud.

709 2991 894 3047 GCCX
931 2993 1083 3049 Eud.
1124 3013 1176 3065 p.
1211 3002 1330 3051 321.
1406 2996 1487 3051 Cf.
1528 2996 1720 3066 Steph.
1758 2996 1886 3065 Byz.
1925 3015 1977 3054 v.
2012 2991 2330 3067 Ἀμφίπολις
2366 2998 2426 3053 et
2460 2996 2675 3066 Rohde,
2713 3000 2849 3053 Mus,

562 3069 739 3125 Rhen.
776 3072 1009 3127 XXXIV
1047 3093 1100 3145 p.
1141 3081 1262 3132 5⁷1.
1335 3077 1418 3130 De
1456 3093 1523 3132 eo
1561 3096 1613 3131 v.
1652 3076 1856 3130 Mfiller
1890 3076 1942 3129 II
1979 3094 2035 3145 p.
2074 3082 2141 3133 85
2308 3082 2341 3132 8
2378 3073 2538 3140 πόλις
2574 3082 2733 3133 Man.
2775 3096 2849 3133 se-

557 3148 861 3219 'quentibus
901 3169 1009 3208 om.
1047 3155 1198 3209 Eud.
1343 3162 1375 3209 9
1414 3155 1635 3224 πρῶτον
1669 3160 1715 3206 V
1862 3162 1927 3212 10
1964 3159 2095 3226 post
2118 3152 2363 3228 Ὅμηρον
2402 3157 2529 3215 add.
2568 3159 2719 3213 Eud.
2762 3154 2850 3228 ῥ’ἡ-

562 3252 673 3302 τωρ
712 3226 784 3302 ἦν
812 3234 911 3288 καὶ
941 3232 1267 3304 φιλόσοφος.
1336 3233 1553 3305 ἔγραψέ
1589 3255 1718 3290 τινα
1746 3232 2237 3315 γραμματικάτθὶ.
2268 3237 2491 3292 omissis
2606 3244 2668 3292 11
2710 3235 2851 3308 ἔρρι-

563 3323 685 3381 ψαν
723 3317 824 3365 Av
861 3309 1098 3381 ὄθησαν
1135 3316 1232 3377 rel.
1382 3321 1447 3370 12
1488 3313 1712 3385 ἔγραψα
1749 3320 1794 3368 Δ
1942 3323 2007 3373 13
2046 3312 2160 3373 άπὸ
2203 3319 2368 3387 Θεογ.
2411 3334 2517 3373 om.
2557 3317 2709 3372 Eud.

567 3395 632 3444 14
669 3396 778 3447 τελ.
819 3394 1007 3465 βιβλία
1045 3392 1189 3450 δέκα
1224 3396 1376 3452 Eud.
1533 3396 1662 3466 περὶ
1695 3390 1847 3467 Ἅμφ.
1885 3399 2073 3470 βιβλία
2108 3399 2235 3466 τρία
2272 3398 2445 3465 Eud„
2487 3398 2637 3468 quod
2674 3399 2851 3469 magis

562 3468 702 3523 mihi
732 3473 943 3528 arridet
1059 3480 1123 3529 15
1161 3475 1260 3531 καὶ
1297 3473 1434 3531 ἄλλα
1461 3481 1719 3545 πλεῖστα,
1758 3476 1886 3533 add.
1916 3478 2067 3533 Eud.
2098 3476 2193 3533 καὶ
2222 3473 2364 3532 ἄλλα
2391 3482 2638 3547 πλεῖστα,
2681 3474 2744 3533 ἒν
2776 3476 2851 3539 οἷς

561 3550 659 3604 καὶ
703 3548 884 3622 ψόγος
923 3552 1167 3627 Ὁμήρου
1217 3557 1419 3612 Suidae
1465 3556 1599 3612 libri
1644 3558 1868 3627 praeter
1911 3562 1974 3626 V,
2022 3557 2119 3627 qui
2166 3575 2272 3614 om.
2322 3558 2419 3613 καὶ
2466 3553 2606 3613 ἄλλα
2648 3590 2713 3599 -
2754 3556 2847 3621 οἷς.

434 3647 443 3656 ’
561 3630 773 3687 Iniuria
801 3635 1126 3707 Bernhardy
1164 3641 1223 3694 et
1248 3638 1468 3693 Bekker
1497 3638 1685 3693 omnia
1713 3642 2099 3709 expunxerunt

703 3713 914 3770 CCCXI
949 3718 1101 3774 Eud.
1139 3738 1194 3789 p.
1235 3726 1355 3774 323.
1413 3719 1493 3775 cf.
1532 3718 1755 3786 Rohde,
1793 3718 1885 3775 Gr.
1923 3719 2143 3772 Roman
2178 3736 2232 3787 p.
2272 3723 2373 3771 343
2406 3720 2521 3773 not.
2576 3718 2733 3772 Idem
2776 3721 2852 3774 est

561 3796 658 3865 qui
694 3796 974 3867 sophista,
1021 3800 1093 3854 ad
1130 3816 1297 3870 quem
1339 3802 1540 3869 quarta
1576 3802 1798 3855 Aeneae
1838 3798 2100 3853 Gazensis
2138 3799 2381 3868 epistola
2418 3800 2630 3869 scripta
2671 3804 2747 3870 (p.
2790 3808 2849 3856 25

559 3875 855 3945 Hereher)‚
903 3879 962 3933 et
996 3878 1234 3934 fortasse
1271 3881 1449 3950 idem,
1496 3882 1595 3951 qui
1638 3880 1768 3949 περὶ
1806 3875 2101 3949 σχημάτων
2146 3879 2260 3933 τῶν
2305 3875 2451 3933 κατὰ
2499 3874 2667 3948 λόγον
2706 3898 2848 3936 eom-

559 3956 747 4023 posuifi
792 3958 1084 4029 (Spengel,
1132 3960 1295 4015 Rhet.
1335 3960 1424 4032 ιΙΙΙ
1461 3980 1514 4031 p.
1566 3968 1668 4016 116
1693 3962 1888 4028 -170)
2070 3965 2135 4013 19
2192 3954 2514 4029 άγροιγικαὶ
2563 3959 2663 4014 καὶ
2714 3958 2850 4016 ἄλλα

559 4033 919 4107 γραμματικά
965 4059 1023 4094 τε
1069 4039 1169 4095 καὶ
1213 4038 1479 4110 ῥητορικά
1528 4042 1679 4097 Eud.
1727 4036 1957 4109 reliquis
2004 4056 2140 4109 om.,
2192 4056 2336 4107 quae
2384 4040 2560 4095 verba
2606 4057 2674 4095 ex
2712 4042 2851 4096 Zoili

559 4115 678 4170 vita
711 4119 991 4174 translata
1036 4136 1157 4175 esse
1206 4120 1326 4176 sine
1363 4138 1530 4176 eausa
1568 4120 1883 4192 suspicatus
1928 4119 2017 4171 est
2052 4119 2251 4186 Daub,
2288 4119 2359 4174 de
2399 4120 2543 4175 Viol.
2582 4140 2637 4191 p.
2678 4128 2713 4177 5
2760 4123 2849 4192 qui

557 4196 738 4250 izotam
779 4197 985 4253 Suidae
1021 4199 1198 4254 vitam
1236 4200 1518 4269 Hesychio
1554 4202 1873 4258 abiudicare
1912 4198 2129 4255 studuit
2164 4200 2300 4266 (not.
2334 4202 2385 4269 1)
2465 4269 2474 4280 .

700 4274 940 4333 CCCXII
986 4279 1138 4334 Eud.
1177 4299 1231 4350 p.
1271 4288 1390 4336 325.
1466 4283 1546 4335 Cf.
1586 4284 1760 4338 schol.
1798 4280 2016 4336 Platon.
2055 4278 2133 4333 VI
2169 4298 2223 4349 p.
2264 4286 2365 4336 281
2530 4288 2599 4336 20
2640 4286 2849 4355 Περσο-

557 4354 736 4423 μῆδος
775 4362 870 4410 ΔΒ
919 4355 1287 4429 Περσόμηδος
1321 4368 1365 4413 Ε
1405 4361 1775 4432 Περσομήδης
1811 4367 1956 4436 vulq.
1993 4359 2145 4415 Eud.
2221 4356 2399 4431 σοφὸς
2444 4355 2508 4415 ἕν
2544 4362 2613 4433 τῇ
2655 4358 2847 4435 οἶστρο-
