3025 4892
1080 237 1510 298 HESYCHIUS.
2352 235 2433 302 77

155 401 615 492 ὑπομνήματα,
674 403 787 472 καὶ
844 403 1032 491 ἕτερα
1087 401 1318 472 πολλά.
1421 401 1683 490 ἤνθησε
1738 401 2021 489 μάλιστα
2082 402 2186 470 ἐπὶ
2242 405 2435 468 Κων-

158 517 503 580 σταντίνου
585 516 709 581 τοῦ
785 503 1110 597 βασιλέως
1179 510 1292 578 καὶ
1361 515 1873 596 Κωνσταντίου,
1946 510 2057 577 καὶ
2134 506 2247 578 διὰ
2311 507 2439 594 τὴν

156 624 378 705 φιλίαν
455 617 582 706 τὴν
651 617 818 705 πρὸς
883 617 1250 705 Πάμφιλον
1318 615 1438 686 τὸν
1505 615 1809 706 μάρτυρα
1872 620 1990 705 τῆς
2060 618 2438 703 ἐπωνυμίας

155 723 354 793 αὐτοῦ
398 723 710 812 ἠξιώθη]

322 832 592 900 CCXCI.
682 829 1138 911 Εὐστάθιος
1195 826 1613 916 Ἐπιφανεύς.
1722 827 2045 917 χρονικὴν
2116 829 2435 919 ἐπιτομὴν
2464 847 2489 889 ⁶

152 943 285 1007 τῶν
334 929 462 1006 ἀπὸ
512 943 794 1008 Αἰνείου
847 940 1077 1026 μέχρις
1121 933 1559 1006 Ἀναστασίου
1602 939 1927 1023 βασιλέως
1973 939 2047 1006 ἐν
2091 938 2321 1027 τόμοις
2356 935 2436 1006 θ’

155 1045 260 1112 καὶ
303 1043 470 1113 ἄλλα
515 1044 687 1114 τινά.

323 1151 632 1221 ΟΟΧΟΙΙ.
707 1159 770 1219 Ε
785 1149 944 1220 ὐστ
967 1153 1004 1229 έ
1015 1176 1226 1238 φιος
1264 1148 1727 1238 Ἀφροδισιεὺς
1784 1149 2106 1240 σοφιστὴς
2153 1203 2168 1220 .
2198 1204 2212 1219 .
2242 1205 2257 1220 .
2305 1153 2436 1220 ἐπι-

155 1263 411 1344 φανίων
467 1263 604 1328 τῶν
652 1262 726 1327 ἐν
767 1257 1143 1348 Ἀδρόττοις
1185 1262 1276 1352 τῷ
1327 1257 1682 1350 εὐκτηρίῳ,
1736 1253 1771 1326 ὃ
1819 1271 2029 1327 κεῖται
2076 1261 2151 1327 ἐν
2198 1262 2437 1349 Λυδίᾳ.

155 1372 390 1454 ἔγραψε
435 1367 726 1453 μελέτας.
2467 1383 2518 1424 ¹0

325 1473 666 1542 OGXOIII.
742 1471 1181 1562 Εὖστόχιος
1240 1471 1696 1560 Καππαδόκης
1751 1473 2092 1562 σοφιστής.
2194 1477 2439 1560 ἔγραψε

152 1578 229 1647 τὰ
284 1578 445 1647 κατὰ
494 1579 909 1649 Κωνσταντα
963 1577 1083 1648 τὸν
1138 1579 1416 1666 βασιλέα
1471 1579 1584 1647 καὶ
1642 1577 2119 1669 ἀρχαιολογίαν
2166 1585 2439 1648 Καππα-

155 1691 377 1767 δοκίας
421 1688 534 1754 καὶ
581 1691 836 1757 λοιπῶν
884 1688 1128 1754 ἐθνῶν.

323 1793 662 1863 GGXOIV.
739 1793 1182 1882 [Εὔσχημος
1234 1791 1539 1881 κωμικός.
1628 1797 1767 1864 τῶν
1825 1794 2184 1881 δραμάτων
2230 1792 2440 1863 αὑτοῦ

151 1903 327 1970 ἐστιν
367 1901 687 1991 Ἐμπολή,
737 1898 825 1982 ὥς
863 1899 1222 1989 Ἀθήναιος
1266 1902 1488 1988 λέγω]
1871 1956 1879 1963 .
2470 1919 2522 1960 15

323 2009 626 2078 OCXCV.
700 2006 1150 2097 Εὐτρόπιος
1187 2003 1435 2087 Ἰταλὸς
1483 2008 1823 2095 σοφιστής.
1904 2007 2027 2096 τὴν
2065 2007 2442 2098 Ῥωμαϊκὴν

151 2119 450 2206 ἱστορίαν
497 2117 891 2201 ἐπιτομικῶς
933 2117 1012 2202 τῇ
1055 2109 1328 2181 Ἰταλῶν
1374 2115 1590 2200 φωνῇ.
1683 2119 1928 2200 ἔγραψε
1973 2117 2083 2185 καὶ
2130 2115 2317 2185 ἄλλα.

323 2223 662 2291 CCXCVI.
711 2219 1138 2307 Εὐφορίων
1168 2221 1316 2299 υίὸς
1343 2219 1690 2306 Αἰσχύλου
1726 2225 1848 2289 τοῦ
1880 2227 2222 2313 τραγικοῦ,
2246 2221 2441 2310 Ἀθη-

290 2401 316 2449 1
358 2387 565 2464 ἦνοισε
604 2398 649 2445 A
795 2396 828 2444 3
865 2385 966 2444 τὸν
1006 2405 1114 2444 om.
1152 2393 1247 2441 An

289 2465 504 2529 COXOI
538 2474 690 2527 Eud.
728 2491 783 2542 p.
815 2476 934 2526 286.
1011 2466 1091 2523 Of.
1130 2470 1331 2524 Mt‘iller
1364 2467 1440 2524 lV
1477 2488 1531 2540 p.
1574 2474 1693 2524 138.
1808 2476 1840 2525 5
1878 2469 2220 2542 συνήθροισε
2256 2492 2443 2542 χρονι·

150 2550 253 2623 κήν
292 2548 569 2623 ἐπιτομὴν
608 2546 958 2620 ὡραιοτάτην
994 2549 1108 2603 τῶν
1151 2545 1264 2604 άπὸ
1294 2581 1362 2592 —-
1391 2551 1565 2618 Eud„
1602 2567 1714 2619 qua
1750 2549 1820 2606 de
1848 2551 2030 2607 forma
2061 2569 2115 2608 v.
2147 2553 2335 2620 Daub,
2372 2553 2443 2608 de

151 2635 289 2691 Viol.
309 2653 366 2704 p.
399 2639 432 2688 8
526 2639 558 2687 6
585 2632 686 2686 τοῦ
721 2623 913 2699 Τρωός
941 2628 1068 2684 add.
1090 2627 1241 2684 Eud.
1281 2628 1443 2700 μέχρι
1461 2636 1508 2683 A
1602 2625 1666 2686 ἐν
1695 2648 1803 2687 om.
1822 2636 1868 2683 V
1907 2628 1970 2687 ἐν
1998 2629 2191 2704 τόμοις
2222 2628 2276 2706 β’
2299 2633 2441 2687 coni.

149 2715 422 2770 Kmterus
457 2717 688 2784 propter
721 2707 957 2779 Euagrii
1001 2709 1129 2763 hist.
1167 2709 1317 2768 Eccl.
1355 2710 1423 2780 V,
1462 2718 1558 2780 24,
1605 2729 1715 2780 quo
1762 2712 1992 2782 quidem
2036 2714 2164 2768 loco
2214 2709 2299 2782 (ἐν
2337 2709 2443 2768 δύο

149 2793 424 2866 τεύχεσιν)
460 2792 541 2847 nil
569 2791 798 2862 probari
823 2793 976 2846 reeize
1000 2789 1288 2860 perspexit
1313 2792 1649 2864 Bernhardy
1686 2787 1749 2848 ἐν
1786 2790 1978 2864 τόμοις
2015 2797 2192 2851 εἴκοσι
2217 2795 2443 2862 reatina,

150 2879 210 2929 ut
234 2876 486 2941 videtur,
525 2873 696 2939 ..Eud,
734 2887 882 2941 quae
914 2870 1104 2941 pergit
1131 2869 1227 2924 καὶ
1255 2867 1396 2925 ἄλλα
1424 2868 1554 2926 τινὰ
1585 2869 1818 2941 χρονικὰ
1849 2871 2261 2945 συνεγράψατο.
2300 2875 2443 2930 Huic

153 2954 300 3011 vitae
334 2953 536 3010 Suidas
572 2952 875 3022 adscripsit
909 2951 1158 3022 glossam
1192 2954 1496 3022 repetitam
1533 2967 1601 3006 ex
1630 2955 1919 3017 Βασίλειος
1951 2949 2305 3026 Ἅγαυρανός,
2344 2956 2446 3010 ubi

157 3035 483 3108 compilayib
519 3035 787 3104 Sophron.
828 3049 872 3088 ο.
913 3038 981 3088 89

293 3114 535 3173 ccxcll
563 3131 670 3168 om.
693 3112 969 3169 Westerm.
998 3113 1149 3169 Eud.
1178 3132 1235 3183 p.
1254 3119 1375 3168 289.
1415 3112 1497 3169 cf.
1518 3129 1569 3167 v
1590 3107 1855 3184 Λαχάρης
1962 3121 1994 3168 9
2026 3110 2444 3186 ἔναδρόττοιςΔ

156 3197 342 3251 locum
379 3195 708 3250 mendosum
745 3211 942 3250 sanare
976 3195 1222 3250 tentavit
1255 3195 1479 3261 Berkel,
1520 3193 1659 3249 coni.
1692 3189 1960 3263 σοφιστὴς
1997 3191 2295 3263 ἐπιφανῶν
2334 3197 2445 3250 τῶν

155 3271 212 3330 ἒν
246 3272 553 3345 Ἀδρόττοις
582 3270 912 3344 οἰκητόρων,
947 3267 984 3327 ἃ
1015 3280 1218 3344 κεῖται,
1245 3273 1616 3343 Eustephium
1646 3273 1886 3329 edidisse
1914 3275 2294 3331 laudationem
2326 3272 2443 3331 ἐπι-

156 3356 408 3424 φανειῶν
445 3355 558 3410 τῶν
599 3350 661 3409 ἐν
693 3348 997 3423 Ἀδρόττοις
1033 3355 1274 3424 putabat
1310 3355 1669 3426 Bernhardy,
1716 3355 1865 3432 quod
1913 3373 1980 3411 eo
2022 3357 2205 3412 minus
2242 3356 2442 3427 proba-

151 3435 259 3490 bile
305 3436 557 3503 videtur,
604 3433 754 3503 quod
799 3433 948 3488 infra
990 3433 1216 3490 demum
1261 3435 1472 3506 legitur
1520 3433 1733 3506 ἔγραψε
1782 3453 1924 3506 seqq
1972 3433 2001 3490 ὁ
2012 3433 2275 3526 γράψας
2313 3436 2443 3506 περὶ

152 3519 372 3587 supplet
407 3517 595 3571 Daub.
661 3512 851 3568 Satius
887 3515 974 3569 est
1018 3516 1250 3570 lacuna-e
1289 3517 1510 3587 signum
1547 3533 1756 3587 ponere
1799 3573 1811 3590 ⁸
1891 3517 1966 3587 τῷ
2006 3499 2156 3572 εὐκτ.
2194 3522 2291 3570 ΔΕ
2331 3517 2442 3570 τῶν

154 3592 461 3667 εὖκτηρίων
489 3594 1019 3666 vuly.Eud.10
1059 3593 1272 3666 ἔγραψε
1311 3595 1512 3667 λόγους
1548 3592 1972 3667 πανηγυρικοὺς
2007 3597 2105 3651 καὶ
2142 3602 2259 3667 μελ.
2290 3597 2441 3651 Eud.

290 3675 558 3734 CCXCIII
592 3675 744 3729 Eud.
774 3692 828 3745 p.
852 3681 972 3731 289.
1031 3675 1264 3732 Tractat
1300 3677 1504 3732 Muller
1540 3678 1617 3732 IV
1654 3696 1709 3749 p.
1741 3684 1773 3732 3
1876 3683 1941 3731 12
1986 3676 2440 3745 archaeologiam

155 3756 388 3812 fortasse
417 3754 614 3810 laudat
634 3754 826 3824 steph.
849 3755 973 3824 Byz.
995 3773 1046 3810 v.
1070 3755 1504 3814 Παντικάπαιον
1584 3764 1649 3812 13
1676 3759 1887 3813 λοιπῶν
1910 3759 2150 3826 suspect.
2168 3757 2440 3812 Westerm.

291 3835 557 3892 CCXCIV
608 3835 798 3890 Vitam
833 3833 1134 3891 Eusebemi
1172 3837 1376 3895 Suidae
1415 3839 1607 3894 deberi
1645 3838 1948 3894 verisimile
2000 3840 2236 3908 decepto
2282 3837 2441 3892 libris

158 3915 520 3972 deterioribus
560 3915 764 3971 Athen.
793 3914 924 3968 XIII
951 3934 1005 3985 p.
1037 3923 1166 3987 571,
1204 3920 1303 3975 ubi
1340 3920 1410 3976 de
1445 3923 1619 3991 poeta
1647 3918 1908 3991 Ephippo
1940 3918 2143 3989 agitur.
2190 3916 2443 3973 Correxit

161 3999 514 4057 Casaubonus
553 3998 626 4052 ed
661 3997 868 4054 Athen.
907 3997 1038 4051 VIII
1073 4016 1128 4067 p.
1167 4005 1270 4055 363

291 4076 526 4134 CCXOV
566 4095 673 4132 om.
707 4077 981 4131 Westerm.
1047 4077 1310 4134 Tracssavi
1338 4079 1480 4138 Mus.
1510 4079 1688 4134 Rhen.
1720 4079 1951 4134 XXXVI
1978 4080 2015 4136 l.
2046 4095 2094 4134 e.
2221 4083 2283 4132 1⁷
2324 4073 2440 4132 ἔπι·

158 4159 318 4225 τίμως
352 4161 490 4216 vett.
529 4158 654 4215 edd.
691 4173 760 4212 ex
796 4157 920 4211 Par.
960 4173 1099 4214 corr.
1128 4159 1404 4216 Kusterus
1514 4159 1728 4230 ἔγραψε
1768 4160 1865 4215 καὶ
1902 4156 2041 4214 ἄλλα
2076 4165 2121 4212 A
2157 4159 2290 4230 post
2327 4155 2441 4228 ἔγρ.

157 4235 614 4311 ἰηῦοτρῑιιικοωηὴ
649 4238 776 4293 edd.
900 4238 997 4292 καὶ
1033 4235 1174 4294 ἄλλα
1210 4258 1320 4298 om.
1355 4245 1418 4311 V,
1456 4241 1530 4304 cs.
1567 4257 1708 4309 quae
1746 4239 1889 4295 dixit
1923 4239 2164 4310 Teuffel,
2202 4239 2311 4294 Lit.
2351 4239 2445 4294 R.³

161 4321 188 4382 ἓ
223 4324 350 4389 415,
389 4327 420 4374 3
461 4319 586 4376 coll.
627 4319 890 4374 Priscian.
928 4319 980 4388 Ι,
1019 4326 1052 4376 8

296 4400 560 4458 COXCVI
595 4401 747 4457 Eud.
777 4420 830 4472 p.
854 4406 974 4458 292.
1013 4399 1301 4471 Welcker,
1330 4399 1423 4456 Gr.
1445 4401 1614 4472 Trag.
1632 4420 1687 4473 p.
1710 4406 1812 4457 967
1931 4405 1995 4455 18
2020 4396 2129 4458 Ἀθ.
2161 4416 2269 4457 om.
2291 4400 2441 4456 Eud.
