3025 4892
545 226 668 289 118
1463 220 1891 275 HESYCHIUS.

717 386 828 453 καὶ
876 391 1274 472 Καρκῖνος
1307 382 1698 450 Θεοδέκτου
1742 378 1783 467 ἢ
1830 383 2239 460 Ξενοκλέους
2278 378 2644 465 Ἀθηναῖος
2691 406 2843 465 τρα-

542 492 748 579 γικός.
820 490 1120 579 δράματα
1159 490 1462 569 ἐδίδαξεν
1502 486 1627 575 ρξ’,
1667 490 1930 574 ἐνίκησε
1969 486 2043 554 δὲ
2082 486 2167 555 α’.
2233 485 2471 574 ἤκμαζε
2509 484 2681 553 κατὰ
2723 483 2844 571 τὴν

545 600 611 687 ρ’
661 596 1068 685 ὀλυμπιάδα,
1132 597 1260 684 πρὸ
1309 600 1425 683 τῆς
1479 599 2201 682 Φιλίππουβασιλείας
2255 598 2375 662 τοῦ
2422 591 2844 670 Μακεδόνος.

545 710 680 774 τῶν
719 703 1076 792 δραμάτων
1116 701 1324 772 αὐτοῦ
1364 706 1547 771 ἐστιν
1587 699 1947 789 Ἀχιλλεύς,
1995 704 2256 788 Σεμέλη
2308 692 2413 787 [ἧς
2458 698 2663 788 ἀρχή,
2686 750 2846 767 .....

493 837 518 876 5
549 811 636 891 ὡς
676 810 1037 900 Ἀθήναιός
1080 829 1290 898 φησιν
1339 812 1412 877 ἐν
1461 815 2119 895 Δειπνοσοφισταῖς.]

729 928 1244 997 CCCCXXXVI.
1318 932 1723 1012 Καρκῖνος
1768 922 2045 1011 ποιητὴς
2077 922 2385 1003 Ἀττικός.

727 1036 1276 1103 CCCCXXXVII.
1334 1031 1798 1117 Καρνεάδης
1846 1036 2060 1116 Λίβυς
2115 1027 2243 1098 ἀπὸ
2296 1029 2648 1117 Κυρήνης,
2699 1028 2846 1106 υίὸς

556 1141 978 1227 Φιλοκώμου,
1026 1139 1419 1228 φιλόσοφος,
1466 1134 1587 1225 ἀφ’
1643 1129 1849 1224 οὗπερ
1896 1136 1936 1224 ἡ
1986 1138 2104 1205 νέα
2137 1134 2535 1223 Ἀκαδήμεια
2580 1134 2843 1223 ἤρξατο.

554 1248 719 1335 φασὶ
777 1248 850 1313 δὲ
895 1246 1409 1333 τελευτήσαντος
1453 1241 1665 1313 αὐτοῦ
1709 1243 1835 1332 τὴν
1884 1243 2175 1331 σελήνην
2224 1246 2517 1311 ἐκλιπεῖν
2572 1244 2683 1311 καὶ
2730 1240 2847 1309 τὸν

476 1378 528 1417 ιο
563 1352 756 1441 ἥλιον
803 1352 1112 1441 ἀμυδρὸν
1157 1354 1495 1439 γενέσθαι.

735 1479 1321 1547 CCCCXXXVIII.
1379 1483 1446 1543 K
1463 1504 1504 1543 α
1529 1504 1567 1565 ρ
1591 1504 1631 1543 ν
1657 1503 1687 1543 ε
1712 1476 1754 1543 ά
1778 1480 1819 1542 δ
1840 1503 1879 1563 η
1904 1504 1936 1556 ς
1982 1478 2224 1563 ἕτερος,
2265 1474 2624 1562 Ἀθηναῖος
2662 1475 2847 1563 φιλό-

557 1598 799 1673 σοφος’,
847 1583 1151 1673 μαθητὴς
1193 1581 1664 1670 Ἀναξαγόρου.

737 1710 1253 1778 CCCCXXXJX.
1337 1706 1670 1792 Κάστωρ
1726 1705 2013 1792 Ῥόδιος,
2069 1704 2109 1793 ἢ
2159 1704 2249 1786 ὥς
2295 1716 2481 1788 ’τινες
2535 1706 2847 1791 Γαλάτης,

557 1817 646 1897 ὡς
692 1818 766 1885 δὲ
813 1816 1003 1885 ἄλλοι
1052 1813 1536 1901 ἐπλανήθησαν
1584 1814 2105 1900 Μασσαλιώτης,
2166 1815 2419 1902 ῥήτωρ,
2478 1813 2551 1895 ὃς
2598 1816 2843 1901 ἐκλήθη

480 1946 528 1985 15
565 1922 1047 2011 Φιλοριόμαιος.
1140 1921 1354 2009 γήμας
1411 1922 1484 1989 δὲ
1544 1912 1741 2001 οὗτος
1789 1921 2179 2009 Δηιοτάρου
2231 1927 2354 1991 τοῦ
2412 1924 2847 2010 συγκλητικοῦ

561 2032 903 2118 θυγατέρα
959 2028 1259 2117 ἀνῃρέθη
1320 2024 1434 2096 ὑπ’
1497 2024 1706 2096 αὐτοῦ
1768 2026 1904 2114 ἅμα
1958 2033 2037 2117 τῇ
2085 2034 2365 2119 γαμετῇ,
2425 2030 2596 2098 διότι
2644 2026 2847 2096 αὐτὸν

565 2143 857 2225 Καίσαρι
917 2138 1241 2223 διέβαλεν.
1334 2140 1580 2224 ἔγραψε
1636 2134 1711 2203 δὲ
1767 2133 2171 2223 ἀναγραφὴν
2222 2142 2656 2224 [Βαβυλῶνος
2716 2134 2843 2217 καὶ]

563 2248 699 2313 τῶν
735 2242 1527 2332 θαλασσοκρατησάντων
1566 2244 1638 2309 ἐν
1677 2247 1963 2328 βιβλίοις
1996 2240 2091 2327 β’,
2128 2242 2406 2329 χρονικὰ
2448 2240 2845 2330 ἄγνοήματα,

567 2511 664 2566 καὶ
703 2510 892 2581 ἕτερος
928 2508 1163 2579 ποιητὴς
1195 2504 1444 2570 Ἀττικός.
1502 2508 1601 2562 καὶ
1634 2503 1798 2569 ἄλλος
1828 2506 2149 2563 Θεοδέκτου
2179 2515 2241 2577 V,
2276 2505 2385 2565 Ἀθ.
2415 2506 2676 2581 τραγικός
2705 2508 2843 2563 Eud.

568 2592 820 2646 Tertium
858 2595 1087 2661 poetam
1123 2591 1359 2646 fortasse
1397 2588 1615 2643 librarii
1650 2589 1926 2643 finxerunt
2098 2596 2129 2642 2
2169 2581 2335 2651 οὗτος
2373 2586 2453 2646 ε’δ.
2493 2592 2640 2647 Eud.

567 2678 600 2725 4
639 2663 706 2739 ἧς
742 2667 885 2739 ἀρχή
917 2688 1054 2725 corr.
1085 2670 1360 2723 Kusterus
1390 2668 1517 2722 coll.
1548 2668 1753 2722 Athen.
1784 2667 1914 2721 XIII
1942 2687 1996 2737 p.
2026 2674 2129 2723 559
2170 2665 2203 2737 ἢ
2244 2664 2387 2739 ἀρχὴ
2426 2670 2557 2725 libri
2592 2670 2690 2726 καὶ
2718 2666 2845 2725 ἄλλα

567 2752 717 2805 Eud.
765 2750 1064 2820 adscripsit
1107 2749 1368 2803 librarius
1415 2765 1482 2802 ex
1524 2748 1797 2802 Athenaei
1845 2749 1967 2802 loco
2015 2749 2269 2817 laudato,
2317 2750 2509 2820 itaque
2559 2770 2660 2805 om.
2702 2750 2842 2804 Eud.

569 2831 650 2886 Cf.
690 2850 741 2885 v,
781 2829 1159 2901 Κλεοβουλίνη
1199 2848 1242 2884 s,
1279 2829 1372 2882 fin.

715 2908 1126 2965 CCCCXXXVI
1153 2910 1308 2963 Idem
1338 2911 1510 2979 poeta
1538 2910 1623 2962 est
1644 2909 1812 2977 (alter
1830 2908 2149 2979 Eudoeiae)‚
2180 2928 2343 2979 quem
2366 2914 2636 2966 vexarunt
2660 2913 2846 2981 poetae

572 2990 771 3045 comici
801 2990 1192 3057 Pherecrates,
1225 2986 1660 3056 Aristophanes,
1700 2988 1879 3043 Plato.
1946 2988 2027 3045 cf.
2068 2990 2242 3043 etiam
2279 2989 2845 3056 Phot.1ex.v.1(a9-

572 3072 732 3137 κίνου
771 3066 1073 3139 ποιήματα.
1141 3067 1375 3122 Addidit
1413 3066 1615 3121 Suidas
1656 3068 1827 3123 schol
1866 3067 1958 3122 Ar.
1998 3068 2126 3123 Pac.
2169 3075 2269 3123 785
2309 3071 2398 3139 (of.
2442 3070 2593 3128 Suid
2634 3089 2673 3123 s.
2704 3074 2846 3137 Σφο-

573 3152 743 3219 ρίδες)
782 3150 928 3203 unde
965 3148 1203 3202 fortasse
1241 3149 1362 3202 tota
1398 3147 1521 3201 vita
1552 3147 1801 3201 manavit

719 3236 1156 3292 CCCCXXXVII
1194 3238 1276 3291 Of
1315 3238 1477 3306 Diog.
1520 3238 1614 3305 IV,
1652 3243 1717 3291 62
1740 3254 1852 3306 seq.
1920 3238 2095 3293 Eud.
2110 3257 2163 3307 p
2203 3244 2306 3294 446
2474 3246 2506 3293 8
2550 3236 2843 3307 Φιλοκόμου

575 3320 727 3373 Eud.
874 3311 1164 3386 ακαδημία
1201 3316 1336 3370 libri
1494 3324 1525 3371 9
1566 3311 1745 3371 αὐτοῦ
1784 3334 1891 3371 om.
1931 3318 2083 3372 Eud.
2188 3314 2469 3373 ἐκλείπειν
2507 3325 2569 3389 V,
2619 3321 2763 3375 cuius
2796 3318 2845 3369 in

577 3415 752 3466 marg.
793 3396 1000 3466 legitur
1026 3398 1269 3467 ψεῦδοςς
1308 3397 1545 3453 fortasse
1576 3398 1717 3466 φασὶ
1755 3429 1816 3437 -
1859 3397 1987 3451 exit.
2020 3398 2219 3452 lectori
2248 3399 2544 3469 debentur,
2584 3401 2677 3470 qui
2714 3416 2841 3454 com

576 3478 782 3549 pilavit
817 3477 981 3546 Diog.
1021 3476 1117 3543 IV,
1157 3484 1224 3531 64
2180 3516 2183 3518 Α
2484 3530 2491 3535 .

720 3556 1188 3613 CCCCXXXVIII
1226 3574 1332 3612 om.
1363 3556 1640 3613 Westerm.
1762 3563 1825 3611 12
1864 3557 2225 3627 Anaxagoras
2264 3558 2391 3613 fort.
2432 3561 2625 3616 rhetor
2660 3562 2843 3615 Isocra-

577 3642 736 3706 teusx,
773 3655 939 3706 quem
975 3636 1172 3691 laudat
1207 3635 1368 3705 Diog.
1408 3634 1484 3703 Π,
1524 3642 1586 3689 11

722 3724 1134 3781 ΟΟΟΟΧΧΧΙΧ
1169 3724 1319 3779 Eud.
1354 3743 1412 3825 Ρ.
1443 3731 1564 3779 439.
1631 3726 1709 3783 Cf.
1751 3727 2104 3793 Gutsohmid,
2143 3727 2201 3781 in
2238 3729 2437 3783 Euseb.
2479 3729 2568 3784 ed
2600 3724 2845 3784 SohoneI

577 3824 704 3877 app.
744 3826 797 3877 p.
827 3812 931 3861 241
1062 3811 1128 3859 13
1169 3808 1300 3859 Γαλ.
1341 3802 1549 3875 ρήτωρ,
1596 3810 1777 3877 Φιλορ.
1819 3811 2049 3879 κληθείς
2091 3809 2189 3862 rel.
2232 3826 2338 3863 om.
2376 3810 2527 3865 Eud.
2704 3815 2761 3863 14
2794 3799 2844 3865 ὃς

579 3885 792 3969 ἐκλήθη
835 3917 900 3925 -
943 3886 1071 3939 exit.
1111 3901 1218 3939 om.
1258 3891 1327 3948 E,
1368 3903 1604 3954 quornm
1640 3888 1763 3942 loco
1808 3886 2022 3957 ἔγραψε
2062 3885 2313 3956 διάφορα
2361 3890 2535 3944 habet
2676 3894 2735 3944 15
2769 3881 2843 3955 γή-

578 3989 686 4039 μας
726 4000 790 4009 --
822 3964 1086 4035 διέβαλεν
1116 3982 1223 4019 om,
1257 3966 1408 4026 Eud.
1537 3967 1605 4021 de
1645 3970 2013 4038 συγκλητικοῦ
2053 3969 2278 4022 dubitat
2304 3974 2364 4022 A.
2405 3970 2652 4036 Schdfer,
2678 3966 2843 4022 Abriss

577 4050 710 4140 Hp.
744 4054 810 4103 69
959 4053 1023 4100 17
1065 4046 1398 4119 Βαβυλῶνος
1435 4045 1532 4100 καὶ
1572 4064 1677 4101 om.
1709 4050 1860 4104 Eud.
1902 4068 2047 4139 susp.
2084 4050 2448 4119 Bernhardyo
2487 4051 2546 4104 et
2582 4052 2844 4109 Westerm.‚

580 4128 676 4197 qui
703 4128 860 4183 uncis
892 4128 1251 4195 secluserunt,
1284 4126 1558 4199 βασιλέων
1590 4130 1646 4181 et
1674 4130 1781 4199 βιβ.
1814 4126 1870 4196 ς’
1903 4128 2041 4183 coni.
2074 4128 2410 4182 Gutschmid.
2449 4127 2707 4183 Fortasse
2734 4139 2844 4181 vero

578 4209 752 4262 verba
789 4210 887 4262 aut
917 4223 984 4260 ex
1010 4207 1263 4277 margine
1291 4209 1512 4276 glossae
1544 4205 1987 4277 καταγηράσαις,
2018 4224 2130 4276 qua
2159 4207 2227 4261 de
2258 4208 2640 4277 Sardanapalo
2668 4206 2843 4277 agitur,

581 4288 682 4340 aut
709 4288 872 4339 unius
899 4285 1200 4341 alteriusve
1230 4287 1544 4355 glossarum
1572 4287 2033 4355 Herodotearum‚
2073 4304 2217 4356 quae
2247 4289 2569 4357 sequuntur,
2603 4288 2710 4341 huc
2736 4298 2845 4363 qaeu

581 4366 798 4419 intrusa
835 4368 966 4418 sunt
