3025 4892
523 189 610 254 28
1446 187 1877 244 flEschUS.

524 349 752 437 ἐπειδὴ
800 357 1046 438 ἔγραψε
1083 355 1338 418 παιᾶνα
1374 353 1470 430 εἰς
1494 347 1811 438 Ἑρμείαν
1846 347 1969 418 τὸν
2006 346 2357 434 εὐνοῦχον.
2436 351 2506 415 οἱ
2540 347 2635 414 δέ
2670 366 2837 432 φασι

523 456 708 548 νόσῳ
751 453 964 525 αὐτὸν
1008 461 1394 544 τελευτῆσαι
1439 456 1781 544 βιώσαντα
1826 461 1941 544 ἔτη
1986 455 2071 526 o'.

703 565 840 634 CII.
907 562 1488 652 Ἀριστοφάνης
1522 562 1785 645 Ῥόδιος
1822 562 1975 651 ἤτοι
2022 568 2303 644 Λίνδιος
2347 565 2451 652 (οῖ
2492 562 2573 632 δὲ
2626 559 2838 648 Αίγύ-

525 697 722 740 πτιον
767 677 1064 757 ἔφασαν,
1111 674 1183 739 οἰ
1223 671 1298 740 δὲ
1344 673 1707 760 Καμιρέα),
1750 674 1941 741 θέσει
1980 671 2056 740 δὲ
2096 671 2457 758 Ἀθηναῖος
2499 671 2839 759 (ἐπολιτο-

474 805 500 845 5
528 779 851 868 γραφήθη
891 779 1023 867 γὰρ
1057 776 1216 865 παρ’
1249 776 1531 866 αὐτοῖς),
1572 779 1885 867 κωμικός,
1930 777 2082 859 υίὸς
2122 784 2483 864 Φιλίππου,
2529 773 2843 864 γεγονὼς

525 890 600 955 ἐν
653 901 798 968 τοῖς
839 884 1054 973 άγῶσι
1099 885 1264 954 κατὰ
1299 883 1435 974 τὴν
1481 885 1620 974 ριδ’
1670 884 2075 975 ὀλυμπιάδα,
2120 883 2394 974 εὑρετὴς
2436 889 2563 956 τοῦ
2602 909 2837 992 τετρα-

525 993 772 1081 μέτρου
828 994 940 1061 καὶ
1001 991 1438 1081 ὀκταμέτρου,
1506 998 1752 1075 παῖδας
1810 992 1991 1082 σχων
2054 993 2401 1082 Αραρότα,
2466 983 2839 1078 Φίλιππον,

532 1101 930 1188 Φιλέταιρον
984 1100 1338 1189 κωμικούς.
1427 1100 1605 1182 τινὲς
1664 1101 1741 1170 δὲ
1796 1100 2009 1171 αὐτὸν
2050 1102 2163 1170 καὶ
2207 1101 2601 1171 άπόδουλον
2657 1104 2833 1168 ἱστο-

527 1206 786 1294 ρήκασι.
879 1207 1183 1295 δράματα
1230 1208 1305 1277 δὲ
1349 1205 1563 1277 αὐτοῦ
1608 1212 1699 1296 μδ
1710 1207 1751 1278 ’.
1826 1206 2021 1296 [ἅπερ
2068 1209 2144 1278 δὲ
2188 1209 2622 1298 πεπράχαμεν
2669 1205 2836 1292 Ἀρι-

447 1340 500 1379 ιο
527 1314 912 1403 στοφάνους
974 1313 1311 1403 δράματα,
1375 1319 1611 1384 ταῦτα·
1670 1311 2037 1403 Ἀχαρνεῑς,
2102 1314 2470 1405 Βάτραχοι,
2533 1313 2834 1404 Εἰρήνη,

524 1419 1090 1509 Ἐκκλησιάζουσι,
1137 1423 1833 1511 Θεσμοφοριάζουσαι,
1868 1420 2136 1509 Ἱππεῖς,
2188 1423 2645 1514 Λυσιστράτη,
2700 1426 2831 1489 Νε-

524 1529 752 1615 φέλαι,
778 1528 1128 1618 Ὄρνιθες,
1176 1533 1517 1615 Πλοῦτος,
1564 1534 1882 1617 Σφῆκες.]

703 1637 878 1706 CIII.-
922 1634 1496 1724 Ἀριστοφάνης
1523 1639 1891 1720 Βυζάντιος
1917 1637 2389 1726 γραμματικός,
2428 1637 2577 1718 υίὸς
2599 1633 2829 1705 Ἀπελ-

524 1747 650 1812 λοῦ
696 1741 1080 1831 ἡγουμένου
1123 1747 1570 1831 στρατιωτῶν,
1619 1741 1927 1833 μαθητὴς
1975 1744 2408 1833 Καλλιμάχου
2451 1745 2563 1812 καὶ
2612 1753 2830 1830 Ζηνο-

443 1876 493 1916 15
523 1850 730 1919 δότου
784 1849 985 1939 (ἀλλὰ
1042 1855 1165 1920 τοῦ
1223 1849 1349 1938 μὲν
1401 1852 1583 1936 νέος,
1636 1855 1783 1923 τοῦ
1816 1850 1891 1919 δὲ
1934 1863 2091 1930 παῖς
2148 1850 2457 1941 ἤκουσε),
2521 1849 2697 1938 πρὸς
2754 1847 2827 1916 δε

521 1947 785 2038 τούτοις
819 1959 930 2026 καὶ
962 1963 1344 2027 Διονυσιου
1378 1961 1504 2027 τοῦ
1528 1955 1803 2045 Ἰάμβου
1834 1958 1947 2026 καὶ
1978 1955 2379 2046 Εὐφρονίδα
2412 1962 2539 2027 τοῦ
2566 1965 2825 2044 Κοριν-

521 2069 688 2132 θίου
751 2060 794 2150 ἢ
855 2069 1261 2134 Σικυωνίου.
1351 2066 1591 2152 γέγονε
1654 2064 1730 2133 δὲ
1790 2062 1959 2133 κατὰ
2018 2064 2145 2153 τὴν
2209 2065 2371 2153 ρμδ’
2436 2062 2824 2152 ὀλυμπιάδα

2980 378 2984 463 ¹,

665 2259 761 2316 CII
808 2259 890 2316 Cf.
929 2279 982 2316 v.
1010 2257 1795 2318 Wilamowitz-M611endorff
1825 2261 1987 2318 Anal.
2024 2261 2154 2318 Eur.
2192 2281 2248 2332 p.
2281 2267 2381 2316 135
2420 2263 2537 2317 not.
2576 2268 2611 2316 3
2660 2263 2723 2316 et
2758 2260 2813 2314 in

521 2341 731 2396 Herma
757 2339 888 2394 XIV
923 2359 978 2410 p.
1007 2346 1110 2396 461
1142 2357 1258 2410 neq.
1295 2342 1354 2396 et
1399 2357 1544 2412 quae
1580 2338 1697 2394 dixi
1733 2341 1876 2396 Mus.
1913 2341 2090 2396 Rhen.
2132 2340 2412 2412 XXXVp.
2458 2348 2560 2396 193
2600 2344 2662 2396 et
2699 2345 2819 2408 235,

523 2422 620 2478 ubi
648 2414 888 2477 verba*
848 2439 1084 2490 απερ-
1106 2420 1236 2478 exit.
1267 2420 1472 2475 Suidae
1501 2419 1609 2476 soli
1635 2421 1810 2476 tribui
1927 2420 2285 2493 3Αίγινήτην
2308 2423 2407 2480 vit.
2430 2422 2597 2478 Arist.
2620 2441 2677 2494 p.
2704 2425 2821 2486 156,

524 2510 594 2559 28
611 2503 788 2558 West.
899 2509 931 2556 6
961 2497 1077 2572 ριὸ’
1107 2503 1300 2571 aperto
1331 2502 1673 2570 corruptum,
1708 2519 1881 2571 quare
1906 2503 2179 2558 nonnulla
2206 2501 2475 2558 excidisse
2504 2502 2821 2572 suspicatus

523 2586 609 2639 est
634 2583 970 2653 Bernhardy
1117 2587 1150 2636 8
1179 2580 1353 2643 τινέςε
1391 2581 1760 2652 Ψαάιεηιαεὴ,
1800 2581 1989 2652 Symb.
2016 2601 2070 2652 p.
2104 2588 2209 2638 140
2348 2588 2381 2638 9
2419 2582 2488 2638 de
2526 2599 2630 2637 usu
2668 2581 2819 2650 vqcis

523 2659 792 2733 πράττειν
831 2661 902 2718 cf.
939 2663 1190 2732 Bt‘inger,
1229 2662 1296 2716 de
1335 2663 1430 2715 Ar.
1466 2658 1610 2729 Equ.
1650 2664 1756 2716 etc.
1795 2662 1946 2732 apud
1984 2661 2136 2718 Suid.
2175 2662 2272 2717 rel.
2313 2662 2627 2730 (Argentor.
2663 2666 2819 2726 1878)

523 2761 578 2811 p.
609 2749 640 2796 9
672 2757 786 2810 seq.
837 2740 1094 2796 Ceterum
1135 2757 1458 2810 comparare
1486 2739 1624 2795 licef.
1650 2741 1875 2797 doctam
1905 2741 2107 2812 vitam,
2145 2759 2291 2812 quae
2316 2739 2530 2812 legitur
2555 2740 2615 2794 in
2644 2740 2819 2796 schoL

522 2822 741 2876 Platon.
762 2821 842 2876 VI
869 2839 921 2890 Ρ.
953 2827 1057 2876 22⁷
1079 2821 1294 2876 Herm·
1330 2816 1723 2891 Ἀριστοφάνης
1758 2817 1789 2877 6
1820 2819 2245 2895 κωμῳδιοποιὸς
2282 2817 2575 2892 φαλακρὸς
2609 2813 2709 2890 ἦν,
2748 2815 2820 2881 ὥς

526 2897 702 2964 αὖτός
739 2919 912 2970 φησιν
951 2898 1197 2973 Εἰρήνῃ·
1247 2897 1604 2974 ἐκωμῳδεῖτο
1652 2897 1708 2958 δ’
1754 2899 1847 2958 ἐπὶ
1890 2903 1968 2976 τῷ
2007 2899 2285 2958 σκώπτειν
2330 2921 2435 2972 μεν
2476 2895 2815 2971 Εὐριπίδην,

522 2985 823 3054 μιμεῖσθαι
871 2976 928 3037 δ’
969 2975 1166 3036 αὐτόν.
1231 2987 1534 3051 Κρατῖνος·
1585 2983 1700 3046 ’τίς
1744 2981 1809 3038 δὲ
1848 2980 1943 3051 σῦς
1991 2978 2216 3054 κομψός
2250 3001 2333 3043 τις
2371 2979 2554 3050 ἔροιτο
2597 2977 2813 3048 θεατὴς

523 3059 995 3131 ὑπολεπτόλογος,
1048 3057 1433 3132 γνωμιδιῶτης
1477 3059 2210 3171 siptmdoepwwoedoevigmv'
2256 3060 2356 3116 καὶ
2400 3055 2574 3124 αὐτὸς
2621 3056 2678 3116 δ’
2732 3056 2817 3125 ἐξ·

524 3147 878 3213 ομολογεῖται
915 3138 1146 3211 Σκηνὰς
1181 3139 1775 3218 καταλαμβανουσαις·
1817 3144 2069 3214 *χρῶμαι
2102 3139 2212 3212 γάρ
2250 3137 2457 3211 αὐτοῦ,
2500 3144 2669 3212 φησί,
2715 3139 2815 3196 τοῦ

525 3218 796 3294 στόματος
830 3223 907 3297 τῷ
948 3220 1286 3296 στρογγύλῳ·
1339 3220 1472 3287 τοῦς
1507 3225 1646 3288 νοῦς
1683 3219 1739 3277 δ’
1780 3219 2085 3294 ἀγοραίους
2113 3213 2282 3292 ἦττον
2310 3215 2345 3291 ἢ
2372 3217 2579 3284 ’κεῖνος
2616 3219 2791 3276 ποιῶ’

519 3278 911 3372 Ἀριστώνυμος
956 3297 1012 3357 δ’
1065 3297 1129 3357 ἐν
1171 3297 1339 3376 εἨλιῳ
1387 3301 1642 3374 ᾆιγοῦντι
1685 3303 1783 3358 καὶ
1828 3305 2165 3372 Σαννυρίων
2214 3297 2277 3357 ἐν
2326 3301 2537 3356 Γέλωτι
2586 3296 2813 3370 τετράδι

525 3381 702 3451 φασὶν
738 3376 916 3437 αὐτὸν
953 3381 1252 3452 γενέσθαι,
1291 3359 1382 3438 διὸ
1419 3379 1521 3439 τὸν
1560 3386 1686 3458 βίον
1722 3381 2062 3453 κατέτριψεν
2098 3377 2313 3451 ἑτέροις
2346 3382 2563 3438 πονῶν·
2616 3379 2676 3436 οἷ
2706 3399 2812 3478 γαρ

524 3458 751 3529 τετράδι
797 3459 1143 3532 γεννώμενοι
1186 3464 1497 3526 πονοῦντες
1541 3459 1731 3527 αλλοις
1774 3465 2140 3534 καρποῦσθαι
2186 3459 2558 3533 παρέχουσιν,
2606 3457 2683 3524 ὡς
2718 3458 2813 3515 καὶ

529 3537 831 3612 Φιλόχορος
879 3539 943 3598 ἐν
989 3543 1057 3615 τῇ
1103 3538 1296 3616 πρώτῃ
1346 3545 1476 3616 περὶ
1523 3540 1747 3615 ἡμερῶν
1795 3542 2015 3612 ἴστορει.
2088 3539 2279 3636 voe-1512
2312 3539 2377 3596 δὲ
2424 3541 2526 3596 καὶ
2567 3537 2811 3610 Ηρακλῆ

527 3642 669 3694 φασι
713 3625 1085 3694 γεννηθῆναι.
1159 3631 1307 3695 τρεῖς
1353 3622 1415 3679 δ’
1454 3623 1619 3695 ’ἔσχεν
1664 3621 1851 3694 υιούς,
1899 3625 2180 3678 Φίλιππον
2226 3619 2326 3678 τὸν
2373 3622 2477 3676 τοῦ
2516 3616 2809 3693 Εὔβουλον

526 3702 806 3774 δράμασιν
842 3699 1270 3774 ἀγωνισάμενον
1307 3705 1406 3760 καὶ
1445 3699 1711 3774 Ἀραρότα
1750 3702 1917 3767 ἰδίοις
1950 3723 2009 3758 τε
2049 3704 2149 3758 καὶ
2183 3704 2284 3758 τοῦ
2324 3697 2537 3771 πατρὸς
2571 3698 2815 3772 δράμασι

526 3777 968 3856 διηγωνισμένον
1005 3783 1103 3839 καὶ
1138 3786 1352 3855 τρίτον,
1398 3779 1465 3840 ὃν
1507 3781 1911 3854 Ἀπολλόδωρος
1955 3783 2061 3854 μὲν
2100 3780 2493 3852 Νικόστρατον
2530 3785 2719 3850 καλεῖ,
2762 3774 2816 3833 οἶ

525 3861 590 3919 δὲ
629 3864 759 3934 περὶ
798 3867 1144 3935 Δικαίαρχον
1188 3864 1531 3935 Φιλεταιρον.
1606 3860 1990 3934 κατεκλήρωσε
2040 3862 2104 3920 δὲ
2151 3864 2251 3919 καὶ
2295 3857 2400 3932 τὴν
2436 3864 2697 3932 Αἴγιναν,
2744 3853 2814 3920 (ὃς

527 3943 812 4014 Θεογένης
849 3940 911 4000 ἐν
949 3966 1024 4019 τῳ
1063 3944 1210 4015 περὶ
1231 3943 1471 4015 Αἰγίνης.
1546 3947 1901 4019 κωμῳδεῖται
1936 3942 2029 4014 δέ,
2078 3939 2166 4000 ὅτι
2212 3944 2309 3999 καὶ
2350 3938 2414 3998 τὸ
2452 3943 2554 4011 τῆς
2590 3938 2811 4011 εἰρήνης

525 4022 856 4082 κολοσσικόν
904 4023 1105 4098 ἐξῆρεν
1148 4021 1402 4098 αγαλμα·
1470 4022 1719 4090 Εὔπολις
1761 4020 2087 4098 Αυτολύκῳ,
2136 4021 2375 4080 Πλάτων
2423 4022 2648 4084 Νίκαις.
2734 4017 2808 4074 Cf.

525 4105 825 4178 Mettauer,
864 4107 934 4164 de
970 4108 1109 4166 font.
1147 4127 1200 4178 p.
1233 4113 1302 4164 59
1331 4124 1447 4177 seq.

670 4186 791 4242 CIII
837 4187 990 4244 Eud.
1028 4207 1080 4260 Ρ.
1114 4193 1234 4257 108,
1271 4204 1418 4259 quae
1452 4205 1565 4245 om.
1594 4183 1734 4242 ἄλλα
1764 4217 1830 4227 -
1860 4181 2067 4255 ἤκουσε
2106 4186 2166 4239 eb
2202 4178 2237 4253 ἢ
2276 4186 2402 4240 Σικ.
2432 4213 2497 4224 --
2528 4183 2662 4238 exit.
2736 4181 2810 4238 cf.

527 4265 715 4334 Daub,
755 4267 914 4323 stud.
950 4284 1004 4335 p.
1038 4273 1104 4322 ‘18
1253 4276 1318 4324 14
1355 4269 1457 4324 τοῦ
1493 4269 1625 4339 post
1655 4265 1762 4324 Ἇπ.
1790 4265 1920 4322 add.
1949 4266 2119 4320 Daub
2260 4259 2665 4334 ΖηνοδόχουῩ

533 4349 596 4396 17
645 4341 769 4412 ρμε’
821 4345 1002 4400 Paris·
1047 4347 1277 4402 Kusteri
1322 4347 1549 4404 lomim
1594 4345 1727 4416 ρμδ’
1777 4351 1982 4400 ABRV
2030 4345 2315 4413 Gaisford.
2390 4339 2481 4413 με’
2522 4361 2652 4414 pars
2693 4342 2809 4398 edd.
