3025 4892
552 206 676 269 166
1476 205 1907 261 HESYCHIUS.

721 368 1076 433 DGXXXI.
1167 371 1759 453 Πείσανδρος
1813 373 2163 447 Πείσωνος
2215 368 2325 435 καὶ
2379 364 2823 456 Ἀρισταίχμας

543 483 954 563 Καμειραῖος
1027 471 1155 541 άπὸ
1212 472 1456 542 Ῥόδου
1522 474 1888 563 (Κάμειρος
1962 473 2089 562 γὰρ
2120 482 2127 491 ’
2156 466 2242 562 ἦν
2308 474 2499 555 πόλις
2552 472 2824 564 Ῥόδου).

541 588 661 650 καί
705 608 882 661 τινες
935 582 1057 669 μὲν
1112 577 1318 649 αὐτὸν
1365 580 1737 669 Εὐμόλπου
1792 587 1912 651 τοῦ
1970 587 2255 669 ποιητοῦ
2303 582 2676 670 σύγχρονον
2714 584 2821 649 καὶ

543 689 882 778 ἐρώμενον
940 692 1312 773 ἱστοροῦσι,
1373 688 1547 769 τινὲς
1594 688 1669 757 δὲ
1715 689 1826 756 καὶ
1865 686 2185 757 Ἡσιόδου
2231 689 2703 777 πρεσβύτερον,
2758 695 2827 757 οἱ

490 819 516 859 5
545 796 619 864 δὲ
682 794 848 864 κατὰ
901 796 1023 883 τὴν
1081 794 1192 881 λγ’
1241 794 1623 883 ὀλυμπιάδα
1676 796 2046 864 τάττουσιν.
2142 802 2287 883 ἔσχε
2346 796 2421 863 δὲ
2476 797 2587 864 καὶ
2644 795 2821 865 άδελ-

541 902 682 991 φὴν
722 903 1101 972 Διόκλειαν.
1176 903 1506 990 ποιήματα
1546 903 1620 970 δὲ
1663 901 1898 971 αὐτοῦ·
1935 901 2289 992 “Ηράκλεια
2328 903 2401 969 ἐν
2440 909 2714 989 βιβλίοις
2748 904 2817 989 β’

545 1012 712 1100 (ἔστι
761 1010 837 1078 δὲ
873 1009 951 1078 τὰ
981 1008 1382 1097 Ἡρακλέους
1429 1011 1639 1099 ἔργα),
1688 1016 1858 1077 ἔνθα
1903 1014 2163 1095 πρῶτος
2189 1007 2506 1096 “Ηρακλεῖ
2538 1010 2820 1097 ῥόπαλον

543 1120 966 1204 περιτέθεικε.
1059 1115 1136 1185 τὰ
1194 1117 1268 1184 δὲ
1324 1116 1492 1184 ἄλλα
1540 1120 1675 1184 τῶν
1720 1116 2110 1203 ποιημάτων
2157 1116 2338 1185 νόθα
2385 1113 2597 1184 αὐτοῦ
2642 1115 2821 1197 δοξά-

549 1232 748 1310 ζεται,
796 1224 1128 1311 γενόμενα
1175 1222 1308 1291 ὑπό
1358 1251 1426 1292 τε
1473 1222 1698 1308 ἄλλων
1744 1224 1856 1291 καὶ
1898 1222 2206 1310 Ἀρίστεω
2253 1228 2373 1293 τοῦ
2421 1228 2707 1309 ποιητοῦ.

469 1354 518 1392 ιο
723 1332 1112 1399 DCXXXII.
1198 1333 1701 1415 Πείσανδρος
1756 1332 2095 1417 Νέστορος
2152 1335 2273 1399 τοῦ
2333 1334 2613 1416 ποιητοῦ
2666 1330 2824 1413 υἱός,

547 1436 940 1525 Λαρανδεὺς
1007 1434 1047 1524 ἢ
1110 1436 1434 1521 Λυκάων,
1499 1434 1795 1522 γεγονῶς
1860 1436 1964 1504 ἐπὶ
2014 1424 2455 1525 ’Ἀλεξάνδρου
2520 1437 2825 1523 βασιλέως

543 1549 664 1613 τοῦ
714 1551 1034 1632 Μαμαίας
1078 1542 1337 1628 παιδός,
1391 1541 1703 1621 ἐποποιὸς
1749 1544 1857 1610 καὶ
1907 1542 2125 1622 αὐτός.
2202 1548 2490 1631 ἔγραψεν
2538 1547 2823 1630 ἱστορίαν

543 1658 852 1738 ποικίλην
916 1648 1007 1718 δι’
1069 1652 1276 1735 ἐπῶν,
1343 1646 1428 1736 ἢν
1486 1650 1835 1737 ἐπιγράφει
1880 1648 2229 1738 εΗρωικῶν
2282 1656 2695 1739 θεογαμιῶν,
2755 1654 2823 1718 ἐν

544 1764 832 1845 βιβλίοις
880 1757 966 1842 ς’,
1013 1759 1123 1825 καὶ
1171 1755 1339 1823 ἄλλα
1385 1756 1870 1844 καταλογάδην.

466 1886 516 1927 15
721 1866 1141 1932 DCXXXIII.
1216 1865 1732 1950 Περίανδρος
1780 1865 2101 1945 Κυψέλου
2148 1866 2554 1951 Κορίνθιος,
2600 1868 2726 1935 τῶν
2772 1865 2821 1946 ζ’

547 1976 804 2058 σοφῶν,
846 1967 1141 2057 γεγονῶς
1175 1967 1339 2037 κατὰ
1377 1967 1498 2055 τὴν
1538 1967 1649 2055 λη’
1689 1966 2088 2057 ὀλυμπιάδα.
2163 1976 2453 2060 ἔγραψεν
2490 1969 2823 2058 ὑποθήκας

545 2084 638 2158 εἰς
691 2078 809 2146 τὸν
865 2075 1294 2164 ἀνθρώπειον
1351 2081 1537 2162 βίον,
1596 2081 1715 2163 ἔπη
1778 2080 2088 2164 δισχίλια.
2184 2070 2408 2163 [οὗτός
2454 2080 2593 2146 ἐστι
2638 2085 2823 2165 Περί-

545 2190 796 2273 ανδρος
849 2182 885 2251 ὁ
945 2182 1055 2252 διὰ
1109 2183 1328 2270 λύπην
1388 2188 1571 2251 ἰδίαν
1627 2180 2030 2270 ἀποθανών,
2090 2183 2177 2264 ὡς
2222 2186 2331 2253 καὶ
2378 2185 2453 2254 τὸ
2506 2184 2606 2253 ἐπ’
2659 2184 2823 2277 αὐτῷ

545 2296 918 2380 ἐπίγραμμα
973 2305 1297 2379 μαρτυρεῖ
1341 2288 1551 2370 οὕτως
1606 2296 1790 2378 ἔχον·
1857 2292 2139 2380 εμήποτε
2190 2292 2454 2381 λυπήσῃ
2510 2312 2581 2360 σε
2627 2291 2699 2360 τὸ
2743 2291 2823 2379 μή

465 2422 516 2460 20
546 2418 619 2467 σε
675 2412 898 2484 τυχεῖν
948 2425 1161 2482 τινος,
1217 2397 1388 2465 ἀλλὰ
1432 2399 1667 2483 τέρπεο
1712 2401 1916 2466 πᾶσιν
1966 2396 2145 2485 ὁμῶς
2192 2393 2326 2466 οἷσι
2375 2402 2615 2467 δίδωσι
2658 2399 2828 2477 θεός.

543 2507 654 2572 καὶ
701 2502 827 2592 γὰρ
875 2503 1231 2591 ἀθυμήσας
1277 2502 1312 2571 ὃ
1353 2503 1564 2589 σοφὸς
1601 2508 2026 2592 Περίανδρος
2062 2502 2340 2592 άπέσβη,
2393 2504 2668 2574 οὕνεκεν
2713 2502 2827 2574 οὐκ

549 2611 778 2701 ἔτυχεν
821 2612 1095 2697 πρήξιος
1141 2604 1217 2698 ἧς
1271 2614 1582 2695 ἐ’θελεν’.]
2223 2599 2228 2604 ’

723 2719 1145 2787 DCXXXIV.
1253 2727 1432 2804 Περ
1456 2722 1708 2804 ικλῆς
1784 2720 2189 2794 ,Ξανθίππου
2263 2722 2372 2788 καὶ
2435 2719 2828 2809 Ἀγαρίστης,

688 2853 962 2907 DCXXXI
1000 2853 1150 2905 Eud.
1190 2871 1243 2921 p.
1275 2858 1395 2907 597.
1474 2852 1553 2907 Cf.
1596 2853 1789 2920 Sbeph
1828 2853 1954 2919 Byz.
1994 2872 2046 2907 v.
2085 2848 2338 2923 Κάμιρος
2464 2860 2496 2907 2
2536 2856 2643 2909 τῶν
2682 2860 2827 2909 πολι-

544 2934 656 2987 τῶν
692 2950 794 3003 pro
832 2930 990 2994 πόλις
1026 2939 1071 2986 V
1185 2938 1217 2986 3
1256 2932 1358 2985 καί
1388 2952 1539 2993 τινες
1578 2964 1642 2972 -
1686 2931 1833 2986 ἔνθα
1874 2922 2065 2987 om.'A
2102 2936 2208 2987 καί
2236 2952 2385 2995 τινες
2423 2966 2488 2973 —-
2531 2930 2826 2990 Διόκλειαν

548 3032 653 3069 om.
693 3014 864 3080 Eud„
903 3032 1045 3083 quae
1084 3012 1270 3082 pergit
1307 3010 1543 3081 φέρεται
1582 3008 1759 3066 αὐτοῦ
1797 3010 2084 3083 ποιήματα
2233 3021 2262 3068 7
2302 3012 2371 3067 τὰ
2408 3015 2509 3068 τοῦ
2540 3010 2653 3082 ‘Ha
2686 3016 2826 3069 Eud.

546 3100 578 3148 8
617 3090 684 3146 τὰ
725 3090 788 3146 δὲ
827 3088 966 3145 ἄλλα
1008 3125 1070 3131 —-
1113 3090 1242 3147 exit.
1284 3108 1389 3144 om.
1421 3092 1574 3146 Eud.
1649 3090 1804 3146 νόθα
1846 3090 2023 3147 αὐτοῦ
2062 3099 2107 3146 V
2134 3098 2253 3148 Ald.
2294 3090 2471 3148 αὐτοῦ
2512 3093 2665 3148 νόθα
2703 3096 2796 3150 rel.

547 3179 577 3225 9
616 3171 897 3225 Arisheam
934 3173 1157 3239 poetam
1207 3170 1510 3239 significari
1557 3172 1781 3239 putavit
1818 3174 2177 3244 Bernhardy,
2224 3174 2413 3241 itaque
2453 3169 2697 3241 Ἀρίστεω
2736 3192 2827 3243 pro

543 3247 823 3319 Ἀριστέως
863 3267 998 3306 corr.
1029 3252 1225 3316 Daub‚
1261 3245 1505 3319 Ἀρίστεω
1544 3253 1645 3305 τοῦ
1685 3248 1885 3321 γόητος
1921 3253 2168 3322 praefert
2206 3253 2282 3305 W
2278 3255 2569 3307 ilamowitz
2599 3254 2828 3309 Hermae

547 3332 678 3385 XIV
715 3350 769 3400 p.
803 3337 902 3385 162
951 3332 1077 3385 coll.
1119 3329 1320 3385 Strabo
1358 3329 1489 3385 X111
1525 3350 1579 3400 p.
1614 3338 1716 3385 589

689 3410 992 3465 DCXXXII
1028 3411 1182 3465 Eud.
1213 3411 1248 3465 1.
1272 3428 1317 3465 c,
1394 3417 1460 3465 10
1490 3411 1791 3480 Νέστωρος
1819 3419 1879 3477 A,
1910 3414 2006 3483 qui
2034 3431 2139 3468 om.
2162 3408 2496 3481 Λαρανδεύς
2523 3408 2559 3483 ἢ
2642 3421 2704 3468 11
2728 3420 2827 3469 Λυ-

546 3491 703 3544 κάων
739 3492 883 3560 vuly.
916 3491 1093 3558 Eud„
1138 3491 1287 3559 quod
1327 3491 1525 3560 scripsi
1572 3494 1698 3549 coll.
1739 3493 1931 3564 Sheph.
1970 3495 2100 3564 Byz.
2140 3514 2191 3549 v.
2220 3498 2531 3561 Λυκαονία,
2558 3492 2831 3557 Λυκάνιος

545 3574 748 3622 ABVE
777 3566 1089 3632 Λυκάνειος
1109 3577 1162 3622 Η
1183 3574 1299 3624 Ala.
1330 3566 1647 3635 Λυκαόνιος
1678 3574 1821 3628 coni.
1844 3575 2113 3643 Gaisford
2141 3571 2205 3631 ἐκ
2234 3576 2448 3636 Λυκίοις
2478 3575 2754 3630 Kasterus

549 3656 613 3704 12
652 3646 858 3711 παιδός
897 3650 1003 3704 del.
1036 3650 1204 3704 Daub
1319 3646 1591 3715 ἐποποιὸς
1616 3684 1688 3693 -
1715 3655 1845 3711 exit.
1876 3672 1979 3709 om.
2012 3661 2057 3707 A
2178 3662 2240 3709 13
2274 3650 2561 3723 Ἡρωικῶν
2587 3654 2743 3709 Eud.
2782 3656 2831 3707 eb

547 3730 748 3783 Zosim.
778 3728 910 3784 hist.
935 3729 1003 3797 V,
1033 3735 1118 3796 29,
1158 3730 1308 3798 quod
1345 3731 1559 3800 recepi,
1589 3727 1871 3800 Ἦραικῶν
1898 3737 2043 3806 vuly.
2158 3741 2223 3788 14
2261 3731 2313 3799 ξ’
2351 3751 2419 3789 ex
2453 3734 2671 3789 duobus
2701 3735 2827 3789 Par.

547 3810 628 3878 (eb
662 3812 722 3876 B)
762 3810 1038 3863 Kusterus
1077 3808 1134 3874 ἕξ
1172 3811 1314 3879 ναῖς).
1347 3811 1500 3868 Eud.

687 3890 1014 3944 DCXXXIII
1051 3890 1202 3945 Eud.
1234 3909 1286 3959 p.
1320 3896 1440 3945 604.
1500 3892 1582 3950 Cf.
1610 3894 1775 3964 Diog.
1806 3894 1848 3964 Ι,
1878 3901 1947 3951 94
2071 3902 2137 3949 15
2174 3893 2474 3962 Κυψὲλλου
2510 3896 2656 3966 υιιῖρ.
2685 3896 2829 3951 Eud.

544 3970 812 4039 Κυψέλου
838 3977 883 4023 A
911 3989 984 4025 an
1013 3969 1094 4033 εἷς
1121 3972 1269 4026 τῶνῗ
1376 3979 1439 4026 16
1471 3972 1550 4028 Cf.
1580 3972 1743 4042 Diog.
1773 3975 1816 4041 Ι,
1846 3981 1913 4029 97
1946 3971 2170 4043 ἐποίησε
2204 3973 2266 4029 δὲ
2297 3974 2395 4029 καὶ
2423 3969 2733 4043 ὑποθήκας
2762 3974 2831 4037 εἰς

547 4049 653 4119 ἔπη
691 4054 949 4121 δισχίλια.
1021 4051 1176 4106 Haec
1213 4068 1281 4105 ex
1315 4052 1561 4105 Lobonis
1601 4054 1849 4107 menbitis
1884 4054 2133 4109 historiis
2169 4055 2393 4110 fluxisse
2431 4055 2602 4109 evicit
2637 4056 2831 4122 Ηίῖῖεν,

545 4132 685 4185 Mus·
715 4132 890 4187 Rhen.
921 4131 1155 4185 XXXIII
1181 4152 1233 4202 p.
1266 4138 1371 4186 520
1483 4138 1549 4185 1⁷
1580 4127 1949 4201 ἀνθρώπινον
1977 4136 2121 4205 vuly.
2152 4136 2302 4191 Eud.
2343 4131 2709 4205 ἀνθρώπειον
2743 4142 2832 4189 AV

545 4213 684 4280 δισχ.
724 4228 831 4265 om.
861 4216 906 4263 V
1006 4208 1067 4280 μ’
1111 4212 1167 4281 (i.
1209 4229 1254 4265 e.
1287 4208 1364 4281 β’)
1405 4215 1450 4261 A
1560 4202 1722 4275 οὗτος
1760 4246 1827 4254 --
1868 4215 1999 4271 exit.
2039 4232 2145 4270 om.
2177 4217 2347 4285 Eud„
2388 4216 2672 4271 addidisse
2712 4217 2830 4273 Sui-

546 4290 676 4345 dam
715 4307 781 4344 ex
809 4291 971 4361 Di'og.
1002 4293 1044 4357 Ι,
1075 4297 1141 4345 97
1181 4290 1296 4344 dixi
1334 4290 1474 4345 Mus.
1509 4293 1685 4347 Rhen.
1725 4294 1761 4348 1.
1804 4311 1848 4350 e.
2000 4302 2061 4349 19
2101 4298 2267 4351 Anth.
2308 4298 2428 4352 Pal.
2467 4295 2595 4362 VII,
2634 4303 2743 4351 620

686 4369 1015 4425 DCXXXIV
1055 4387 1160 4426 om.
1194 4373 1467 4428 Westerm.
1536 4372 1735 4431 Totam
1773 4375 1949 4431 vitam
1990 4392 2096 4431 om.
2134 4382 2205 4446 A,
2251 4378 2309 4432 in
2347 4378 2503 4433 cuius
2546 4396 2723 4449 marg.
2768 4382 2832 4435 le-
