3025 4892
1069 201 1636 257 PROLEGOMENA.
2180 177 2499 316 ‘Qxevsl
2516 237 2573 265 0
2746 163 2766 312 J
2816 165 2826 175 ’
2857 167 2897 308 αῖ

197 367 572 432 Vaticanus
617 365 950 444 Pearsoni,
996 388 1168 430 nunc
1213 365 1364 430 Vat.
1393 366 1453 431 3.
1489 367 1564 450 4,
1596 366 1989 430 chartaceus
2028 389 2194 432 saec.
2240 365 2361 432 XV
2410 339 2522 450 (iu
2577 347 2589 351 ⁶

198 475 532 560 catalogo,
579 457 770 559 quem
819 473 1177 557 publicavit
1221 472 1440 538 Haase
1487 474 1557 538 in
1594 471 1875 559 Serapeo
1914 477 2070 538 tom.
2099 473 2227 538 XII
2264 497 2326 559 p.
2360 475 2506 558 136,

195 605 263 646 n.
322 579 528 668 16)¹),
593 581 772 646 foliis
838 581 968 646 510
1033 583 1368 664 constans,
1435 579 1619 644 cuius
1683 579 1993 645 lectiones
2056 601 2133 644 ex
2196 579 2506 646 Pearsoni

197 689 560 772 exemplari
609 688 762 754 olim
811 679 1276 772 Cantabrigiae
1325 690 1583 752 servato
1618 690 1937 754 Kusterus
1984 687 2329 771 exscripsit
2366 685 2505 773 (no-

199 795 346 858 tavi
393 793 542 859 Vat.
579 793 840 880 Pears.).
923 794 1139 879 Atque
1187 792 1647 859 Gaisfordiana
1692 792 1892 858 editio
1932 793 2097 858 mihi
2134 793 2503 879 suppedita-

197 901 298 965 vit
327 900 640 966 lectiones
669 900 847 968 codd.
875 900 932 965 B
965 931 1048 954 =
1077 901 1219 966 Par.
1249 901 1425 965 2622
1455 922 1617 966 saec.
1646 899 1807 964 XIII
1837 899 1938 964 vel
1964 897 2141 984 XIV,
2166 899 2208 964 G
2230 931 2313 954 =
2337 901 2503 966 Oxo·

193 1007 452 1072 niensis
500 1008 655 1074 bibl.
749 1007 913 1074 Con.
969 1029 1139 1092 corp.
1190 1005 1533 1091 Christi2)‚
1594 1006 1653 1072 E
1692 1037 1776 1060 =--
1814 1005 2279 1090 Bruxellensis,
2346 1007 2502 1072 olim

194 1115 722 1200 Antwerpiensis
760 1138 926 1180 saec.
954 1112 1098 1198 XV,
1135 1114 1368 1198 quibus
1407 1112 1572 1179 addo
1605 1113 1963 1178 editionum
1996 1111 2501 1180 Mediolanensis

195 1243 253 1285 a.
295 1219 466 1284 1499
508 1217 634 1305 (Μ)
673 1223 738 1284 et
777 1219 1171 1286 Basileensis
1211 1243 1266 1286 a.
1301 1217 1553 1305 1544.⁸)
1638 1219 1943 1284 Aldinam
1982 1221 2198 1284 autem
2240 1243 2295 1285 a.
2330 1221 2501 1286 1514

197 1327 474 1410 editam,
513 1348 674 1410 quae
713 1327 1010 1412 quamvis
1041 1349 1116 1391 ex
1148 1325 1619 1392 Mediolanensi
1648 1325 1970 1410 descripta
1998 1325 2241 1392 multas
2281 1328 2502 1412 singu·

193 1434 376 1498 lares
437 1434 748 1498 lectiones
801 1433 1070 1518 praebet
1127 1455 1240 1499 seu
1297 1455 1374 1497 ex
1427 1433 1635 1498 altero
1691 1432 1905 1498 codice
1956 1453 2067 1498 seu
2114 1456 2191 1498 ex
2238 1433 2503 1500 editoris

195 1540 470 1625 ingenio
529 1540 808 1621 additas,
863 1542 1004 1625 ipse
1062 1564 1208 1607 cum
1263 1563 1408 1606 meo
1457 1538 1691 1606 Suidae
1740 1539 2096 1624 exemplari
2145 1540 2503 1627 diligentis-

195 1648 368 1712 sime
429 1648 704 1732 contuli3
753 1647 1193 1712 Genevensem
1241 1646 1424 1713 Porti
1480 1646 1567 1732 (a.
1608 1644 1807 1733 1619)
1867 1669 1943 1712 ex
1988 1645 2351 1714 Basileensi
2396 1649 2503 1714 de-

195 1755 522 1839 scriptam
577 1756 810 1820 merito
868 1755 1139 1845 neglexi.
1233 1754 1488 1822 Codicis
1535 1757 1794 1839 praeter
1841 1753 1900 1818 A
1952 1754 2500 1838 praestantissimi

195 1860 258 1924 V
291 1892 377 1914 =
407 1860 583 1926 Leid.
611 1860 801 1958 Voss.
830 1861 897 1927 F.
928 1863 969 1928 2
1007 1859 1196 1947 (olim
1237 1862 1425 1927 Voss.
1465 1858 1619 1946 2⁰1)
1664 1861 1976 1927 lectiones
2021 1862 2301 1926 maxime
2347 1862 2501 1926 insi-

194 1989 363 2052 gnes
411 1967 854 2054 (potissimum
901 1990 1037 2053 eas,
1092 1968 1170 2034 de
1217 1969 1452 2054 quibus
1499 1968 1623 2033 viri
1673 1968 1846 2034 docti
1893 1965 2341 2056 dissentirent)
2392 1991 2499 2034 ex-

197 2075 486 2160 scriptas
532 2098 572 2140 a
609 2075 714 2141 W.
745 2073 1052 2160 Galando,
1097 2098 1214 2160 per
1259 2076 1484 2140 literas
1531 2074 1691 2140 mihi
1727 2074 1909 2140 misit
1946 2073 2044 2139 vir
2081 2075 2499 2142 doctissimus

195 2187 401 2266 atque
459 2181 1110 2248 benevolentissimus
1167 2183 1259 2246 de‘
1291 2182 1483 2266 Rieu,
1548 2183 1655 2266 qui
1716 2182 2147 2248 bibliothecae
2202 2181 2501 2248 Leidensi

195 2285 580 2375 praestat.⁴)
682 2287 788 2353 Ab
855 2289 1078 2354 eodem
1149 2289 1370 2374 accepi
1434 2289 1605 2353 hanc
1668 2288 1907 2354 codicis
1972 2289 2500 2372 descriptionem:

194 2397 393 2461 Voss.
421 2398 484 2480 2,
528 2394 974 2479 bombycinus,
1023 2417 1190 2462 saec.
1214 2393 1341 2459 XII
1381 2393 1491 2481 (ex
1530 2393 1759 2459 Oobeti
1800 2395 2171 2479 sententia),
2206 2396 2317 2460 fol.
2346 2396 2499 2480 409,

197 2503 414 2567 tribus
481 2502 766 2568 eiusdem
833 2502 1074 2568 saeculi
1142 2502 1440 2567 manibus
1513 2503 1944 2586 conscriptus,
2026 2523 2297 2586 quarum
2372 2524 2501 2567 una

197 2609 320 2672 fol.
351 2610 384 2671 1
406 2643 480 2653 --—
503 2609 648 2692 144,
685 2609 892 2673 altero
929 2608 1039 2673 fol.
1077 2610 1293 2673 144-
1319 2609 1462 2690 168,
1499 2607 1697 2672 tertia
1725 2607 1834 2674 fol.
1869 2609 2086 2674 168-
2109 2609 2253 2694 171,
2290 2609 2501 2693 prima

207 2715 596 2780 171—409.
689 2712 988 2780 Ceterum
1054 2736 1313 2799 moneo,
1379 2711 1644 2778 Suidam
1706 2714 1919 2798 ipsum
1984 2715 2052 2780 in
2109 2715 2315 2781 lexico
2380 2738 2497 2780 suo

201 2821 571 2886 uncialibus
620 2822 860 2886 litteris
907 2843 1094 2886 usum
1135 2820 1365 2905 fuisse,
1409 2822 1582 2906 quod
1620 2823 2042 2888 confirmatur
2087 2825 2314 2890 multis
2360 2823 2499 2888 eius

197 2929 461 3014 generis
508 2928 777 3012 mendis,
824 2928 1002 2992 velut
1039 2949 1097 2992 v.
1150 2927 1589 3012 Τιμαγένης
1617 2967 1703 2976 --
1736 2925 2032 3019 Λαβάνῳ
2079 2953 2139 3016 p.
2172 2925 2501 3018 Ἀλβάνῳ,

351 3089 403 3154 1)
432 3085 586 3140 Haec
611 3087 821 3140 A.Mau
848 3087 1078 3156 rogatus
1107 3084 1285 3140 amice
1309 3101 1529 3140 mecum
1547 3103 1649 3156 per
1668 3087 1860 3142 literas
1890 3086 2339 3154 communicavit,
2369 3104 2498 3141 enu-

197 3179 424 3219 merans
460 3169 754 3234 praeterea
781 3163 926 3220 alios
954 3163 1145 3233 libros,
1188 3165 1389 3234 quibus
1417 3165 1624 3221 Suidae
1653 3168 1872 3222 lexicon
1901 3170 2178 3223 servatur·
2216 3167 2344 3222 Vat.
2374 3171 2499 3236 881,

193 3247 562 3300 chartaceum
597 3262 740 3300 saec.
779 3244 898 3313 XV,
947 3247 1070 3300 Vat.
1113 3251 1278 3314 1296,
1325 3246 1723 3317 bombycinum
1771 3263 1915 3304 saec.
1954 3247 2103 3314 XIV,
2140 3247 2334 3302 Urbin.
2377 3252 2498 3315 161,

197 3327 564 3381 chartaceum
593 3341 736 3381 saec.
766 3324 887 3380 XV.
944 3326 1027 3380 De
1061 3325 1389 3382 diversitate
1421 3327 1682 3383 lectionis
1711 3329 1785 3383 ab
1821 3328 1965 3397 Ang.
1994 3327 2135 3395 Mai,
2171 3329 2225 3383 N
2227 3345 2315 3384 ov
2352 3331 2498 3397 patr.

196 3405 333 3461 coll.
372 3405 423 3459 II
458 3425 511 3475 p.
551 3413 654 3461 348
693 3406 871 3460 allata
907 3405 976 3462 ef.
1014 3406 1161 3460 infra
1195 3423 1246 3461 v.
1279 3400 1603 3480 Ἰἄμβλιχος.

349 3488 404 3552 2)
452 3485 700 3542 Collatus
739 3491 828 3541 est
860 3486 920 3540 in
957 3488 1221 3556 quattuor
1255 3485 1533 3556 prioribus
1571 3487 1748 3543 literis
1786 3490 1845 3544 et
1878 3488 1937 3543 in
1976 3487 2358 3558 sequentibus,
2399 3487 2497 3542 ubi

196 3573 266 3633 V,
309 3581 547 3634 quocum
584 3567 912 3637 plerumque
949 3568 1258 3637 conspirat,
1295 3567 1527 3622 mutilus
1564 3570 1665 3624 est.

347 3649 400 3712 3)
438 3645 518 3700 cf.
549 3646 775 3701 Kusteri
811 3648 1010 3716 praefi:
1069 3647 1258 3716 „Haec
1295 3646 1468 3702 editio
1505 3647 1657 3700 haud
1694 3639 1811 3702 'fere
1850 3649 1923 3703 ab
1951 3646 2157 3702 Aldina
2192 3648 2494 3717 discrepat,

193 3724 310 3778 nisi
346 3724 446 3778 ubi
480 3726 798 3794 sphalmata
833 3727 1240 3796 typographica
1275 3725 1450 3782 habet
1494 3728 1587 3782 vel
1622 3729 1695 3782 ab
1733 3726 2042 3784 editoribus
2090 3728 2495 3797 interpolata⁴‘.

193 3802 464 3858 Aldinam
501 3808 692 3860 autem
729 3807 1056 3875 plerumque
1093 3807 1164 3861 de
1193 3805 1594 3862 Mediolanensi
1632 3809 1875 3877 pendere
1902 3808 2123 3863 viderat
2152 3807 2495 3876 Bernhardy,

194 3889 377 3956 praef.
414 3905 468 3956 p.
499 3883 622 3940 XCI
651 3903 766 3955 seq.

345 3969 400 4033 4)
454 3967 588 4021 Inde
637 3967 840 4022 certior
881 3967 1067 4022 factus
1117 3985 1264 4035 snm,
1319 3967 1378 4020 in
1424 3971 1700 4037 apparatu
1749 3968 2096 4036 Bernhardyi
2152 3969 2209 4022 et
2250 3967 2495 4022 Wester-

196 4045 420 4113 manni,
467 4046 668 4114 quibus
707 4047 847 4101 locis
884 4047 1076 4104 littera
1101 4055 1148 4102 V
1185 4050 1408 4118 signata
1445 4048 1522 4102 sit
1559 4047 1842 4103 Gaisfordi
1882 4049 2135 4116 collatiO‚
2184 4047 2377 4102 littera
2410 4046 2496 4099 *V

197 4125 471 4183 Gronovii
507 4125 583 4178 ad
617 4126 929 4196 marginem
966 4127 1334 4184 Kusterianae
1381 4127 1692 4197 adscripta,
1730 4128 2001 4183 Gronovii
2038 4127 2340 4196 scripturas
2377 4127 2496 4197 ple—

198 4223 436 4275 rumque
480 4205 970 4276 neglegentissime
1018 4209 1194 4263 lectas
1237 4225 1375 4262 esse.
1451 4207 1529 4260 Ut
1562 4223 1737 4262 unum
1782 4207 2009 4262 afferam
2052 4207 2367 4276 exemplum
2389 4251 2403 4276 ‚
2442 4225 2493 4262 v.

190 4282 434 4340 Ῥίνθων
470 4285 644 4340 habet
677 4289 723 4337 V
759 4284 1008 4357 κωμικοί,
1053 4283 1290 4356 τραγικά
1328 4283 1416 4347 λς’
1447 4304 1561 4342 non
1600 4289 1687 4355 (ut
1710 4287 1817 4354 *Ὃ
1853 4283 2073 4357 κωμικὰ
2111 4284 2199 4346 λς’
2238 4283 2497 4358 τραγικά,

201 4366 312 4421 nisi
350 4366 496 4422 forte
533 4361 593 4420 v'
635 4365 692 4436 (i.
733 4383 779 4422 e.
820 4363 904 4437 η’)
943 4367 1382 4438 suprascriptum
1423 4363 1480 4426 ς’
1522 4369 1623 4422 est.
