3025 4892
1081 235 1512 294 HESYCHIUS.
2352 235 2435 304 73

1050 387 1078 420 t

163 395 510 478 Πλάτωνος
579 396 960 486 ἡλικιώτης,
1025 427 1078 491 φ
1148 409 1324 485 τρεῖς
1382 397 1693 484 ἐγένοντο
1752 399 2147 487 θυγατέρες,
2204 397 2434 485 Ἀκτίς,

163 511 424 591 Δελφίς,
469 512 714 587 Φιλτίς.
769 508 880 575 καὶ
919 512 1066 595 ἔσχε
1101 504 1267 594 πρὸς
1295 504 1744 594 ἀστρολογίαν
1771 503 2150 594 ὑπερφυῶς,
2189 510 2442 594 ἔγραψέ

160 639 226 679 τε
283 620 547 681 πλεῖστα
603 619 724 682 τοῦ
773 617 999 694 εἴδους
1041 613 1316 701 τούτου,
1363 614 1475 682 καὶ
1538 611 2001 702 ὀκταετηρίδα,
2062 619 2155 683 ἔτι
2214 614 2289 684 δὲ
2338 617 2428 686 δι’

161 720 327 786 ἐπῶν
369 717 840 807 ἀστρονομίαν.

325 827 689 898 CCLXXX.
783 825 1286 916 Εὐθυκλῆς.
1376 831 1511 896 τῶν
1569 826 1927 916 δραμάτων
1984 825 2197 896 αὐτοῦ
2252 829 2431 898 ἐστιν
2462 849 2489 890 ⁶

170 942 415 1001 Ασωτοι
479 929 518 1020 ἢ
581 931 958 1021 Ἐπιστολή,
1023 932 1112 1014 ὥς
1174 955 1384 1022 φησιν
1423 933 1784 1022 Ἀθήναιος
1846 935 1919 1002 ἐν
1964 948 2105 1015 τοῖς
2152 944 2437 1003 Δειπνο-

166 1055 521 1127 σοφισταῖς.

329 1140 728 1208 CCLXXXI.
822 1137 1260 1228 Εὐκλείδης
1321 1139 1670 1226 Μεγαρεύς
1730 1139 2104 1230 (Μεγάρων
2169 1139 2243 1209 δὲ
2298 1142 2437 1207 τῶν

159 1248 225 1314 ἐν
276 1250 363 1338 τῷ
405 1245 721 1340 Ἰσθμῷ),
775 1247 1179 1334 φιλόσοφος,
1238 1248 1472 1335 γε’γονε
1526 1246 1601 1316 δὲ
1654 1242 1962 1334 μαθητὴς
2011 1246 2436 1333 Σωκράτους,

163 1349 284 1437 [ὃς]
312 1355 419 1422 καὶ
450 1353 574 1441 τὴν
603 1356 670 1436 ἐξ
705 1353 915 1434 αὐτοῦ
945 1363 1315 1441 κληθεῖσαν
1353 1350 1739 1440 Μεγαρικὴν
1771 1355 2031 1436 αἵρεσιν
2062 1352 2435 1442 εἰσήγαγεν,
2468 1377 2519 1416 ιο

156 1457 235 1546 ἣν
289 1461 372 1548 δὴ
429 1461 540 1529 καὶ
589 1460 1005 1548 διαλεκτικὴν
1063 1463 1172 1530 καὶ
1221 1459 1555 1548 ἐριστικην
1616 1461 2188 1547 προσηγόρευσαν.
2272 1459 2429 1548 μεθ’

161 1563 235 1634 ὃν
276 1565 559 1655 Ἰχθύας,
605 1567 744 1638 εἶτα
784 1575 1097 1636 Στίλπων
1137 1574 1335 1655 ἔσχον
1380 1566 1506 1655 τὴν
1554 1565 1821 1658 σχολήν.
1880 1567 2257 1652 συνέγραψε
2294 1570 2437 1635 δια-

153 1673 406 1759 λόγους,
449 1673 899 1763 Ἀλκιβιάδην,
939 1681 1292 1764 Αἰσχίνην,
1332 1681 1669 1764 Κρίτωνα,
1713 1679 2019 1759 Φοίνικα,
2059 1678 2438 1761 Λαμπρίαν,

148 1775 494 1864 Ἐρωτικὸν
539 1783 650 1850 καὶ
698 1781 864 1851 ἄλλα
909 1781 1080 1852 τινά.

321 1890 746 1957 CCLXXXII.
839 1888 1322 1978 Εὔμολπος
1379 1885 1787 1968 Ἐλευσίνιος
1850 1886 1997 1974 ἤτοι
2056 1887 2432 1974 Ἀθηναῖος,
2467 1911 2514 1949 ¹⁵

151 1993 290 2074 υίὸς
338 2002 698 2064 Μουσαίου
741 2001 863 2066 τοῦ
909 2000 1221 2083 ποιητοῦ,
1268 1993 1360 2075 ως
1405 1997 1484 2063 δέ
1525 2023 1732 2080 τινες,
1779 1993 2087 2083 μαθητὴς
2125 1992 2433 2081 Ὀρφέως,

152 2099 455 2181 ἐποποιὸς
488 2107 626 2170 τῶν
670 2102 800 2187 πρὸ
838 2100 1143 2190 Ὁμήρου.
1218 2102 1576 2188 γέγονε·δὲ
1626 2102 1736 2169 καὶ
1774 2105 2223 2188 Πυθιονίκης·
2268 2102 2439 2187 πρὸς

153 2207 356 2291 λύραν
411 2207 538 2294 γὰρ
588 2212 1054 2280 ἐπεδείκνυντο
1115 2213 1187 2277 οἱ
1235 2214 1522 2295 ποιηταί.
1622 2200 1818 2290 οὗτος
1875 2215 2120 2296 ἔγραψε
2175 2207 2435 2290 τελετὰς

155 2315 500 2404 Δήμητρος
542 2318 654 2384 καὶ
695 2315 820 2405 τὴν
867 2321 961 2396 είς
997 2315 1254 2385 Κελεὸν
1292 2315 1525 2403 ἄφιξιν
1561 2317 1668 2384 καὶ
1708 2315 1833 2402 τὴν
1869 2321 2007 2385 τῶν
2044 2322 2432 2402 μυστηρίων

150 2421 516 2509 παραδοσιν
578 2451 702 2512 την
758 2438 903 2505 ταῖς
954 2423 1379 2510 θυγατράσιν
1438 2421 1650 2492 αὐτοῦ
1702 2424 2107 2511 γενομένην,
2174 2428 2293 2511 ἔπη
2349 2422 2431 2490 τὰ
2460 2445 2513 2484 2⁰

150 2528 356 2598 πάντα
399 2538 759 2661 τρισχίλια,
805 2530 1273 2620 χειροσκοπικὰ
1318 2535 1523 2614 πεζῶς
1565 2537 1834 2618 βιβλίον
1882 2559 1973 2601 εν.

151 2704 251 2841 (ἑὸν
282 2708 617 2859 αὗαρόμοιΙιίι,
666 2727 808 2779 quae
847 2712 1021 2767 verba
1059 2709 1128 2766 de
1165 2727 1263 2764 suo
1293 2708 1451 2765 illam
1490 2706 1774 2765 addidisse
1810 2713 1977 2781 putat
2004 2711 2173 2765 Daub
2284 2716 2311 2764 1
2347 2709 2427 2768 Cf.

191 2807 238 2842 ιο
341 2809 458 2845 ivm
632 2796 699 2844 42

280 2870 572 2925 CCLXXX
610 2871 760 2925 Eud.
800 2890 852 2941 p.
885 2877 1004 2926 291.
1063 2868 1143 2924 Of.
1172 2870 1431 2926 Meineke
1460 2871 1486 2924 I
1522 2890 1577 2941 p.
1607 2878 1727 2926 269.
1790 2871 1872 2926 De
1908 2871 2031 2926 vita
2061 2891 2113 2928 v.
2142 2871 2321 2941 Daub,
2360 2872 2430 2927 de

149 2947 288 3004 Suid.
319 2950 357 3003 1.
387 2967 433 3004 ο.
555 2957 586 3005 6
624 2947 658 3018 ἡ
693 2945 901 3007 Ἐπιστ.
941 2956 986 3003 A
1023 2951 1160 3004 duas
1196 2950 1415 3005 fabulas
1453 2951 1797 3021 distinguere
1835 2953 2051 3007 mavult
2077 2953 2247 3008 Daub
2356 2949 2433 3016 ὦς

147 3059 206 3068 -
235 3030 360 3084 exst.
401 3048 510 3087 om.
541 3031 691 3086 Eud.
733 3031 822 3100 (cf.
861 3031 1062 3086 Athen.
1102 3031 1180 3084 111
1215 3050 1268 3101 p.
1314 3035 1460 3100 124),
1509 3051 1653 3102 quae
1692 3035 1817 3088 add.
1859 3031 1973 3088 ἔστι
2020 3029 2085 3087 δὲ
2132 3033 2228 3086 καὶ
2267 3025 2432 3095 οὗτος

145 3109 234 3175 τῆς
263 3106 504 3180 ἀρχαίας
532 3113 830 3183 κωμῳδίας
857 3113 1005 3182 quod
1037 3129 1105 3166 ex
1128 3113 1249 3166 vita
1277 3111 1569 3182 Hermippi
1595 3113 1928 3167 translatum
1962 3129 2081 3166 esse
2113 3110 2231 3166 sine
2261 3129 2431 3168 eausa

145 3187 336 3245 idonea
372 3191 686 3260 suspicatus
733 3195 821 3246 est
856 3193 1043 3246 Daub.
1118 3192 1378 3247 Ceterum
1424 3194 1493 3248 cf.
1536 3191 1733 3248 Suidas
1779 3212 1830 3249 v.
1879 3193 2015 3267 βοῦς
2053 3190 2292 3263 ἕβδομος
2329 3192 2427 3247 ubi

150 3267 404 3325 Atalante
444 3271 690 3326 eiusdem
729 3273 929 3341 potitae
966 3272 1230 3327 laudatur

278 3350 592 3406 GCLXXXI
629 3350 710 3407 cf.
748 3349 910 3421 Diog.
948 3352 1025 3419 ΙΙ,
1066 3353 1194 3419 106,
1235 3357 1363 3419 108,
1406 3358 1506 3407 112
1665 3361 1696 3407 9
1743 3354 1917 3408 verba
1960 3351 2158 3422 γέγονε
2197 3383 2265 3392 -
2302 3355 2427 3406 Σω-

145 3425 372 3495 κράτους
407 3431 519 3485 huc
555 3431 903 3500 transposui,
943 3449 1068 3486 oum
1104 3435 1236 3502 post
1269 3429 1731 3502 προσηγόρευσαν
1760 3434 1908 3488 male
1944 3433 2244 3489 exhibeant
2280 3431 2425 3486 libri.

148 3509 272 3564 Inde
308 3505 394 3580 ὃς,
435 3511 588 3580 quod
621 3510 973 3566 inseruerunt
1007 3512 1250 3567 editores
1289 3514 1420 3566 ante
1448 3513 1572 3582 καὶ,
1611 3530 2085 3582 supervacaneum
2120 3513 2239 3567 fieri
2268 3513 2429 3580 patet

150 3595 210 3643 10
244 3585 305 3654 ὃς
338 3592 438 3647 καὶ
476 3589 580 3660 τὴν
616 3591 950 3662 Bernhardy
988 3586 1052 3655 ὃς
1087 3589 1190 3661 τὴν
1227 3592 1502 3646 Kusterus
1538 3593 1636 3646 καὶ
1672 3589 1776 3661 τὴν
1816 3597 2018 3647 ABVE
2057 3597 2175 3646 vett.
2216 3593 2333 3646 edd.

149 3675 206 3723 11
243 3666 311 3739 ἢν
347 3667 422 3740 δὴ
463 3688 574 3740 seq.
617 3688 724 3725 om.
763 3675 809 3722 V
880 3668 992 3741 ἤδη
1029 3673 1125 3726 καὶ
1165 3668 1525 3741 διαλεκτικὴν
1554 3704 1620 3712 -
1650 3677 2213 3742 προσαγορευθεῖσαν
2249 3671 2425 3724 Bern-

146 3751 311 3822 hardy
347 3756 502 3822 (nam
540 3745 612 3819 ἣν
649 3747 722 3821 δὴ
752 3785 818 3792 -
847 3758 1408 3822 προσαγορευθεῖσαν
1437 3757 1557 3822 AB)
1594 3754 1789 3820 Daub‚
1828 3753 1925 3822 qui
1959 3755 2149 3807 izamen
2188 3747 2291 3820 τὴν
2328 3751 2427 3805 καὶ

147 3845 244 3885 rec.
281 3829 734 3902 προσηγόρευσεν
769 3834 882 3887 edd.
927 3837 1045 3889 vett.
1162 3839 1226 3887 13
1260 3828 1548 3902 Ἀλβιοῖδην
1586 3839 1631 3886 A
1754 3835 1988 3887 Φοίνικα
2025 3837 2117 3885 ΒΕ
2156 3849 2223 3886 ex
2262 3830 2422 3900 Diog.

148 3907 217 3975 ῙῘ,
257 3918 353 3967 108
391 3911 642 3966 restituifi
695 3912 961 3968 Westerm.
1004 3913 1270 3975 Φοίνικας
1305 3915 1448 3983 vuly.

278 3991 619 4046 CCLXXXII
657 3992 808 4047 Eud.
846 4011 901 4062 p.
941 3999 1040 4048 291
1171 3999 1234 4047 15
1275 3989 1544 4055 ἐποποιός
1578 3996 1708 4063 post
1738 3990 2032 4062 Ἀθηναῖος
2067 3994 2240 4047 habet
2267 3993 2422 4048 Eud.

152 4075 210 4121 16
244 4066 314 4133 ὡς
349 4069 417 4126 δέ
454 4090 604 4134 τινες
640 4077 813 4126 om.V
962 4079 1024 4126 19
1063 4073 1372 4128 carminum
1408 4073 1662 4128 tabulam
1701 4072 2149 4128 commenssiciam
2187 4089 2304 4127 esse
2342 4073 2422 4127 vi-

149 4145 227 4200 difi
259 4149 460 4217 Hiller,
499 4151 633 4205 Mus
676 4151 852 4206 Rhen.
890 4151 1120 4205 XXXIII
1157 4170 1211 4221 p.
1251 4157 1355 4207 522
1387 4171 1498 4223 seq.
1680 4153 1777 4206 καὶ
1813 4183 1885 4192 -
1922 4148 2119 4222 ἄφιξιν
2157 4169 2225 4206 ex
2263 4153 2422 4206 libris

151 4226 262 4284 Par.
299 4230 424 4284 add.
463 4230 761 4297 Κιιείεναε,
800 4248 908 4286 om.
945 4234 1082 4286 vett.
1121 4233 1243 4286 edd.
1283 4235 1341 4288 ef,
1377 4234 1531 4289 Eud.
1598 4256 1603 4260 ·
1644 4239 1713 4286 20
1754 4229 1861 4300 ἔπη
1899 4263 1968 4272 --
2005 4233 2275 4301 τρισχίλια
2313 4250 2421 4286 om.

151 4306 286 4362 Eud.
431 4315 496 4363 21
536 4311 722 4365 locum
761 4328 828 4365 ex
857 4317 902 4364 A
939 4313 1161 4366 sanavifi
1190 4312 1489 4382 Kusterus3
1526 4314 1696 4368 antea
1730 4311 1878 4367 enim
1915 4313 2209 4383 legebatur
2244 4333 2422 4381 χειρο-

151 4385 392 4446 σκοπικά.
458 4385 599 4458 πεζὰ
638 4389 701 4444 δὲ
743 4392 958 4468 βιβλίον
997 4389 1086 4460 ἓν,
1118 4423 1183 4431 --
1222 4388 1621 4466 χειροσκοπικά
1662 4387 1725 4447 ἐν
1763 4393 1891 4448 δυσὶ
1930 4394 2161 4471 βιβλίοις
2196 4393 2349 4452 Eud.

2084 4625 2689 4785 W

2402 4723 2567 4757 ΟΤΗΕ

2079 4775 2663 4840 {UNIVERSJ
