3025 4892
520 178 650 243 248
843 252 848 257 ⁸
1471 176 1860 235 APPENDJX.
2982 96 2985 285 1

519 343 815 427 ηγοριῶν
871 341 959 425 α’,
1007 340 1156 427 περὶ
1203 340 1585 427 ἑρμηνείας,
1638 340 1982 427 προτέρων
2030 335 2456 409 ἀναλυτικῶν
2491 339 2583 426 β’,
2625 348 2809 409 πολι-

517 451 694 527 τείας
747 446 1008 516 πόλεων
1065 451 1420 517 ἰδιωτικῶν
1475 447 1588 515 καὶ
1643 450 2151 535 δημοκρατικῶν
2206 446 2319 514 καὶ
2366 445 2811 535 ὀλιγαρχικῶν
2984 428 2987 561 ἱ

519 552 673 641 ρνη’
679 606 697 639 ,
763 558 1167 625 συσσιτικῶν
1230 553 1723 641 προβλημάτων
1787 553 1853 639 γ’
1859 604 1877 637 ,
1940 550 2285 633 ἐπιστολὰς
2336 552 2428 638 κ’,
2495 559 2643 641 ἔπη,
2702 546 2811 623 ῶν

520 657 690 747 ἀρχή
748 657 942 746 ’ἁγνὲ
995 664 1182 729 θεῶν
1237 658 1595 749 πρέσβισθ’
1658 659 2046 746 ἑκατηβόλε’
2052 710 2070 745 ,
2136 659 2420 744 ἐλεγεῖα,
2490 651 2584 728 ῶν
2637 658 2813 747 ἀρχή

464 789 488 830 s
521 766 985 835 ’καλλιτέκνου
1021 762 1270 853 μητρός
1303 765 1646 853 θυγάτερῆ
1686 804 1771 817 -—
1818 766 1967 855 περὶ
2013 770 2151 833 τῶν
2188 764 2511 847 Σόλωνος
2546 764 2812 848 ἀξόνων
2986 763 2988 909 l

519 872 600 959 ε’,
646 873 797 960 περὶ
842 873 1386 960 μακροβιότητος,
1433 877 1495 941 εί
1530 872 1615 961 δή
1652 898 1809 941 ποτε
1830 869 2121 960 Ὅμηρος
2154 875 2424 959 ἐποίησε
2460 871 2577 953 τὰς
2611 871 2815 961 ἡλίου

519 984 710 1067 βοῦς,
775 978 1172 1069 ἀπορήματα
1225 978 1551 1050 Ἡσιόδου
1624 983 1698 1050 ἐν
1772 983 1863 1065 α’,
1937 977 2328 1068 ἀπορήματα
2400 978 2815 1068 Ἀρχιλόχου,

521 1084 934 1175 Εὐριπίδου,
996 1093 1319 1175 Χοιρίλου
1364 1088 1438 1155 ἐν
1484 1093 1774 1174 βιβλίοις
1818 1087 1909 1175 γ’,
1956 1085 2405 1174 ἀπορημάτων
2450 1091 2815 1174 ποιητικῶν
2988 1097 2990 1249 Ι

519 1194 613 1280 α’,
679 1199 894 1275 αἰτίας
955 1196 1328 1282 ποιητικάς,
1398 1194 1891 1283 προβλημάτων
1944 1192 2317 1282 Ὁμηρικῶν
2384 1194 2458 1279 ι’,
2524 1198 2816 1281 φυσικῆς

441 1324 492 1365 ιο
522 1299 904 1389 ἀκροάσεως
951 1300 1071 1389 ιη’,
1116 1302 1267 1387 περὶ
1313 1302 1635 1387 γενέσεως
1679 1302 1788 1369 καὶ
1827 1305 2098 1388 φθορᾶς
2132 1300 2223 1387 β’,
2270 1302 2421 1387 περὶ
2460 1302 2816 1389 μετεῶρων

518 1408 586 1475 δ’
634 1404 674 1495 ἢ
729 1407 1296 1496 μετεωροσκοπιά,
1347 1408 1499 1496 περὶ
1553 1407 1851 1476 πλούτου
1906 1406 1999 1493 α’,
2057 1409 2205 1494 περὶ
2252 1407 2456 1494 τύχης
2510 1408 2603 1495 γ’,
2658 1410 2813 1492 περὶ
2990 1429 2992 1543 1

518 1516 870 1603 ῥητορικῆς
921 1518 1038 1601 τῆς
1090 1513 1250 1602 μετὰ
1299 1512 1549 1601 φυσικὰ
1610 1514 1684 1600 ι’,
1738 1516 1887 1602 περὶ
1937 1514 2123 1597 ζῶων
2178 1519 2473 1601 ἱστορίας
2529 1514 2603 1600 ι’,
2660 1515 2817 1602 περὶ

519 1620 705 1704 ζῶων
741 1622 1067 1709 κινήσεως
1102 1621 1194 1707 γ’,
1240 1621 1392 1707 περὶ
1431 1619 1615 1704 ζωων
1654 1626 1911 1709 μορίων
1949 1620 2043 1707 γ’,
2078 1622 2229 1709 περὶ
2269 1620 2456 1703 ζῶων
2494 1623 2818 1707 γενέσεως

517 1729 581 1817 γ’
590 1781 608 1815 ,
655 1730 803 1815 περὶ
850 1732 965 1815 τῆς
1010 1730 1130 1797 τοῦ
1178 1734 1433 1797 Νείλου
1478 1724 1886 1813 ἀναβάσεως,
1934 1728 2085 1817 περὶ
2131 1732 2248 1815 τῆς
2294 1731 2367 1797 ἐν
2412 1742 2553 1808 τοῖς
2597 1731 2819 1815 μαθή-

441 1867 490 1905 15
519 1854 722 1922 μασιν
771 1833 1024 1921 οὐσίας,
1069 1835 1218 1921 περὶ
1265 1840 1627 1903 συσσιτίων
1667 1829 1708 1921 ἢ
1748 1840 2161 1921 συμποσίων,
2208 1836 2357 1922 περὶ
2396 1834 2616 1921 δόξης,
2662 1836 2820 1923 περὶ
2992 1763 2994 1893 Ι

517 1941 786 2029 ἀρετῆς,
837 1942 988 2027 περὶ
1036 1967 1298 2028 φωνης,
1344 1941 1494 2027 περὶ
1544 1939 1975 2028 συμβιώσεως
2018 1938 2270 2030 ἀνδρὸς
2316 1942 2425 2011 καὶ
2474 1944 2820 2028 γυναικός,

518 2048 774 2137 νόμους
817 2046 1070 2132 ἀνδρὸς
1113 2049 1225 2116 καὶ
1271 2075 1579 2136 γαμετης,
1624 2048 1774 2135 περὶ
1822 2052 2119 2137 ἰατρικῆς
2158 2048 2237 2135 ζ’,
2286 2056 2671 2137 συμμίκτων
2709 2056 2822 2136 ζη-
2994 2097 2996 2203 1

516 2155 826 2244 τημάτων
875 2157 1006 2242 οβ’,
1055 2153 1146 2235 ῶς
1191 2175 1399 2243 φησιν
1447 2153 1785 2244 Εὔκαιρος
1829 2152 1864 2223 ὅ
1916 2152 2247 2242 ἀκουστὴς
2282 2153 2516 2242 αὐτοῦ,
2560 2158 2823 2225 πέπλον

517 2264 830 2353 (περιέχει
879 2262 954 2331 δὲ
1010 2266 1314 2349 ἱστορίαν
1373 2261 1809 2349 σύμμικτον),
1873 2263 2023 2349 περὶ
2080 2262 2365 2351 χρόνου,
2420 2264 2570 2351 περὶ
2623 2268 2827 2349 βασι-

441 2398 494 2438 so
523 2376 722 2457 λείας,
770 2370 920 2458 περὶ
967 2373 1292 2454 παιδείας,
1340 2370 1489 2453 περὶ
1529 2367 1747 2449 ὅψεως
1781 2368 1878 2456 β’,
1926 2370 2077 2457 περὶ
2112 2366 2307 2456 ἠθῶν
2344 2374 2827 2456 Νικομαχείων

517 2474 897 2563 ὑποθήκας,
962 2478 1110 2565 περὶ
1162 2474 1604 2563 Ἀλεξάνδρου
1667 2472 1707 2562 ἢ
1773 2477 1923 2563 περὶ
1990 2475 2273 2564 ῥήτορος
2338 2472 2380 2563 ἢ
2446 2482 2829 2562 πολιτικοῦ,
2996 2429 2998 2583 ἒ

517 2587 758 2671 τέχνην
804 2582 1360 2671 ἐγκωμιαστικήν,
1424 2588 1832 2670 θαυμασίων
1886 2580 2362 2671 ἀκουσμάτων,
2424 2581 2711 2669 ἐγκώμια
2774 2580 2825 2671 ἢ
2996 2588 2998 2597 ’

518 2689 805 2778 ὕμνους,
861 2692 1184 2777 διάφορα,
1241 2693 1577 2774 ἐρωτικῶν
1626 2687 1709 2775 ς’,
1768 2688 1918 2776 περὶ
1973 2686 2312 2775 εὐγενείας
2356 2688 2449 2775 α’,
2504 2689 2653 2778 περὶ
2699 2686 2827 2759 ἀν-

666 2895 690 2941 1
726 2881 993 2958 ἕρμηνίας
1013 2887 1262 2941 ΑιηὸιἎοε
1292 2904 1446 2953 προτ.
1476 2880 1705 2939 ἀναλυτ.
1740 2910 1807 2929 =
1840 2904 1894 2954 p.
1925 2891 2136 2954 246,17
2218 2891 2250 2939 2
2279 2885 2461 2959 <καὶ>
2489 2882 2825 2955 ἀριστοκρα-

518 2968 689 3023 τικῶν
718 2967 816 3021 καὶ
843 2966 1198 3037 τυραννικῶν
1225 2983 1292 3020 ex
1314 2966 1560 3019 Ambros.
1592 2962 1717 3020 add.
1742 2964 1885 3019 Rose
2002 2971 2036 3019 4
2065 2960 2382 3038 πρέσβυσθ’
2408 2966 2529 3021 cod.
2552 2964 2827 3037 menagii,

519 3066 586 3104 ex
614 3049 862 3105 Anibi-,os
903 3064 1040 3103 corr,
1080 3046 1224 3101 Rose
1353 3053 1385 3100 5
1423 3043 1784 3113 καλλιτέχνου
1824 3045 1943 3100 cod.
1986 3046 2241 3115 Menay„
2280 3062 2346 3101 ex
2386 3047 2633 3101 Ambros.
2674 3063 2823 3101 corr.

517 3128 661 3181 Rose
805 3132 837 3179 5
869 3143 980 3195 seq.
1021 3127 1270 3194 sequitur
1308 3128 1394 3193 (ex
1431 3124 1799 3195 Porphyrios)
1838 3124 2119 3194 appendix
2162 3086 2486 3193 tit’ulorum,
2524 3125 2619 3194 qui
2664 3128 2823 3195 apud

518 3204 804 3261 Laertium
832 3204 1220 3259 desiderantur
1329 3211 1360 3258 6
1399 3200 1655 3273 μαχαριῶ
1687 3206 1740 3274 (ο
1769 3205 2018 3260 Αηιὸνοε.
2042 3208 2097 3274 2)
2134 3224 2296 3274 τητος
2331 3207 2389 3260 τί
2422 3202 2630 3276 δήποτε
2672 3207 2825 3276 (sine

517 3286 684 3357 intp.)
720 3276 970 3341 Ambros.
1101 3290 1131 3339 7
1170 3280 1414 3341 0221me
1446 3310 1513 3331 ==
1543 3302 1597 3354 p.
1620 3290 1740 3352 247,
1765 3290 1866 3339 15?
1904 3281 2003 3341 α’π.
2037 3279 2501 3355 2192.=ib.18?
2644 3294 2678 3343 s
2716 3282 2823 3347 ἀπ.

519 3384 702 3436 ποιητ.
735 3392 801 3413 ==
830 3365 1033 3420 ib.15‘?
1143 3370 1174 3418 9
1214 3363 1318 3423 αἰτ.
1357 3384 1506 3435 ποιη.
1548 3366 1674 3421 fort.
1704 3381 1815 3420 non
1852 3366 2071 3422 diversa.
2108 3382 2144 3421 a,
2178 3366 2647 3436 praecedentibus
2686 3372 2823 3424 sunt

518 3442 720 3518 ποβλ.
721 3449 826 3515 Ο.μ
855 3471 925 3492 ==
953 3444 1028 3500 ib.
1062 3450 1127 3499 15
1241 3451 1306 3498 10
1335 3448 1651 3516 μεταρσίων
1679 3463 1779 3517 pro
1808 3466 1924 3516 μετ.
1958 3446 2317 3503 Oasaubonus
2437 3453 2501 3500 11
2533 3467 2591 3501 π.
2618 3444 2819 3503 πλοῦτ.

519 3554 586 3573 =
607 3546 660 3598 p.
685 3532 808 3596 246,
830 3532 862 3581 5
899 3524 1029 3595 περὶ
1063 3520 1326 3594 πλουτου,
1363 3524 1493 3595 περὶ
1522 3529 1785 3589 παιδείας
1813 3529 1943 3597 (20),
1973 3526 2099 3594 περὶ
2104 3522 2422 3619 εὐγενείας
2451 3523 2516 3580 α’
2548 3529 2660 3595 (23)
2690 3545 2823 3583 cum

516 3608 725 3663 Buhzio
763 3607 920 3662 uncis
947 3603 1178 3661 seclusit
1210 3604 1482 3660 Westerm.
1596 3612 1659 3661 12
1698 3608 1829 3676 post
1864 3603 2164 3676 ρητορικῆς
2200 3624 2328 3661 eum
2362 3606 2611 3663 Ambros.
2636 3606 2820 3662 inter-

516 3687 719 3758 punxit
754 3687 924 3753 Rose,
959 3686 1059 3757 τῆς
1097 3680 1238 3754 μετὰ
1276 3679 1428 3758 (τὰ)
1464 3704 1597 3754 φυσ.
1634 3686 1777 3743 Rose
1814 3713 1881 3734 ==
1921 3705 1971 3756 p.
1996 3691 2117 3753 247,
2143 3693 2208 3740 16
2324 3693 2389 3741 13
2426 3683 2569 3755 πρὸς
2606 3690 2648 3753 ζ.
2692 3707 2821 3757 μορ.

516 3768 765 3823 Ambros.
789 3773 820 3821 2
937 3772 1001 3821 15
1029 3785 1088 3823 π.
1118 3783 1267 3821 συσσ.
1301 3791 1368 3811 ==
1397 3784 1450 3835 p.
1472 3772 1594 3834 248,
1616 3773 1647 3821 3
1678 3768 1823 3836 (247,
1842 3773 1937 3833 23,
1966 3765 2035 3819 of.
2058 3771 2180 3833 246,
2202 3768 2255 3833 8)
2369 3771 2433 3819 16
2467 3761 2501 3834 ἢ
2530 3787 2585 3819 π.
2618 3767 2823 3835 φωνῆς

520 3849 849 3917 Menayium
883 3848 1090 3902 habere
1129 3863 1319 3900 errans
1357 3845 1498 3900 dixit
1526 3847 1667 3901 Rose
1803 3853 1867 3902 17
1907 3845 2034 3914 περὶ
2074 3844 2213 3913 ἰατρ.
2254 3871 2323 3891 ==
2360 3863 2415 3914 p.
2445 3850 2568 3912 247,
2602 3851 2667 3899 12

520 3934 585 3983 18
624 3922 658 3996 ἢ
699 3933 793 3997 (sc,
835 3926 1144 3997 γέγραφεν)
1195 3919 1270 3988 ῶς
1307 3944 1507 3993 φασιν,
1548 3923 1831 3994 Εὔκαιρος
1868 3926 2010 3980 Rose
2045 3922 2184 3992 πρὸς
2222 3920 2511 3994 Εὔκαιρον
2548 3926 2745 3992 Dav-id

515 4006 676 4063 πέπλ.
719 4034 786 4053 =
823 4025 876 4076 p.
907 4011 1030 4074 247,
1063 4012 1129 4059 14
1300 4012 1364 4061 19
1403 4005 1535 4076 περὶ
1574 4010 1695 4080 βασ.
1737 4032 1803 4053 ==
1840 4025 1895 4075 p.
1926 4011 2047 4071 246,
2080 4012 2108 4059 7
2256 4010 2326 4058 20
2370 4003 2502 4074 περὶ
2544 4006 2702 4058 παιδ.
2744 4031 2817 4051 =

514 4088 589 4143 ib.
631 4094 664 4142 8
737 4087 867 4157 περὶ
893 4082 992 4157 ὅψ.
1023 4112 1090 4133 =
1119 4105 1172 4156 p.
1204 4092 1325 4154 247,
1360 4092 1424 4140 14
1550 4090 1678 4157 post
1715 4086 2113 4155 Νικομαχείων
2152 4084 2423 4153 distingui
2468 4084 2651 4139 voluit
2690 4087 2817 4143 Me-

513 4171 742 4240 παρίτω,
783 4168 883 4223 sed
917 4166 978 4222 in
1014 4162 1177 4236 ἠθῶν
1216 4168 1617 4236 Νικομαχείων
1664 4166 1925 4221 mendum
1970 4165 2147 4219 latere
2185 4164 2366 4219 visum
2405 4166 2491 4217 est
2524 4164 2737 4219 Buhlio

521 4256 546 4302 1
590 4269 648 4303 π.
682 4244 775 4303 'AL
813 4247 876 4318 η’
914 4248 1056 4303 Βοεε
1172 4246 1460 4301 πολιτικοῦ
1501 4244 1705 4315 τέχνην
1745 4246 1883 4313 (sine
1920 4245 2079 4314 intp)
2124 4245 2304 4299 Patm.
2344 4269 2412 4289 =
2450 4262 2504 4312 p.
2543 4250 2665 4312 246,
2706 4252 2741 4299 4

517 4334 586 4381 22
622 4322 1040 4400 (συναγωγὴν)
1073 4326 1424 4397 θαυμ.1ἳοεε
1539 4333 1607 4381 23
1636 4345 1850 4397 υμνους
1877 4320 2129 4393 διαφορά
2158 4324 2407 4380 Ambr08.
2434 4323 2615 4381 Patm.
2646 4320 2811 4395 ἐρωτ.
