<?xml version="1.0" encoding="UTF-8"?>
<!DOCTYPE html PUBLIC "-//W3C//DTD XHTML 1.0 Transitional//EN"
    "http://www.w3.org/TR/xhtml1/DTD/xhtml1-transitional.dtd">
<html xmlns="http://www.w3.org/1999/xhtml" xml:lang="en" lang="en">
 <head>
  <title>
</title>
<meta http-equiv="Content-Type" content="text/html;charset=utf-8" />
  <meta name='ocr-system' content='tesseract 3.04.00' />
  <meta name='ocr-capabilities' content='ocr_page ocr_carea ocr_par ocr_line ocrx_word'/>
</head>
<body>
  <div class='ocr_page' id='page_1' title='image "./hesychiimilesii04flacgoog_0109.png"; bbox 0 0 3025 4892; ppageno 0'>
   <div class='ocr_carea' id='block_1_1' title="bbox 1121 225 2478 288">
    <p class='ocr_par' dir='ltr' id='par_1_1' title="bbox 1121 225 2478 288">
     <span class='ocr_line' id='line_1_1' title="bbox 1121 225 2478 288; baseline 0.001 -2"><span class='ocrx_word' id='word_1_1' title='bbox 1121 227 1551 286; x_wconf 80' lang='lat' dir='ltr'>HESYCHIUS.</span> <span class='ocrx_word' id='word_1_2' title='bbox 2396 225 2478 288; x_wconf 84' lang='lat'><strong><em>31</em></strong></span> 
     </span>
    </p>
   </div>
   <div class='ocr_carea' id='block_1_2' title="bbox 149 383 2576 3756">
    <p class='ocr_par' dir='ltr' id='par_1_2' title="bbox 160 383 2484 803">
     <span class='ocr_line' id='line_1_2' title="bbox 160 383 2484 484; baseline -0.004 -22"><span class='ocrx_word' id='word_1_3' title='bbox 160 395 282 462; x_wconf 85' lang='grc' dir='ltr'><strong><em>καὶ</em></strong></span> <span class='ocrx_word' id='word_1_4' title='bbox 353 395 646 484; x_wconf 82' lang='grc' dir='ltr'><strong><em>Μάρκου</em></strong></span> <span class='ocrx_word' id='word_1_5' title='bbox 704 394 814 462; x_wconf 80' lang='grc' dir='ltr'><strong><em>καὶ</em></strong></span> <span class='ocrx_word' id='word_1_6' title='bbox 856 390 1262 461; x_wconf 88' lang='grc' dir='ltr'><strong><em>Ἀντωνίνου</em></strong></span> <span class='ocrx_word' id='word_1_7' title='bbox 1315 395 1452 460; x_wconf 79' lang='grc' dir='ltr'><strong><em>τῶν</em></strong></span> <span class='ocrx_word' id='word_1_8' title='bbox 1506 388 1871 476; x_wconf 81' lang='grc' dir='ltr'><strong><em>βασιλέων,</em></strong></span> <span class='ocrx_word' id='word_1_9' title='bbox 1926 389 2035 455; x_wconf 83' lang='grc' dir='ltr'><strong><em>καὶ</em></strong></span> <span class='ocrx_word' id='word_1_10' title='bbox 2092 383 2484 474; x_wconf 80' lang='grc' dir='ltr'><em>ἀξιωμάτων</em></span> 
     </span>
     <span class='ocr_line' id='line_1_3' title="bbox 162 491 2481 588; baseline -0.005 -18"><span class='ocrx_word' id='word_1_11' title='bbox 162 501 577 588; x_wconf 77' lang='grc' dir='ltr'><strong><em>μεταλαβών</em></strong></span> <span class='ocrx_word' id='word_1_12' title='bbox 640 502 751 569; x_wconf 85' lang='grc' dir='ltr'><strong><em>καὶ</em></strong></span> <span class='ocrx_word' id='word_1_13' title='bbox 813 502 1038 588; x_wconf 79' lang='grc' dir='ltr'><strong><em>μέχρις</em></strong></span> <span class='ocrx_word' id='word_1_14' title='bbox 1103 497 1313 567; x_wconf 79' lang='grc' dir='ltr'><strong><em>αὐτοῦ</em></strong></span> <span class='ocrx_word' id='word_1_15' title='bbox 1379 499 1500 566; x_wconf 88' lang='grc' dir='ltr'><strong><em>τοῦ</em></strong></span> <span class='ocrx_word' id='word_1_16' title='bbox 1565 493 1963 580; x_wconf 78' lang='grc' dir='ltr'><strong><em>ὑπατεῦσαι,</em></strong></span> <span class='ocrx_word' id='word_1_17' title='bbox 2028 491 2207 562; x_wconf 82' lang='grc' dir='ltr'><strong><em>καθά</em></strong></span> <span class='ocrx_word' id='word_1_18' title='bbox 2274 513 2481 579; x_wconf 86' lang='grc' dir='ltr'><strong><em>φησιν</em></strong></span> 
     </span>
     <span class='ocr_line' id='line_1_4' title="bbox 149 599 2483 704; baseline -0.005 -26.891"><span class='ocrx_word' id='word_1_19' title='bbox 149 608 582 693; x_wconf 74' lang='grc' dir='ltr'><strong><em>Ἑλικώνιος,</em></strong></span> <span class='ocrx_word' id='word_1_20' title='bbox 621 608 731 676; x_wconf 80' lang='grc' dir='ltr'><strong><em>διὰ</em></strong></span> <span class='ocrx_word' id='word_1_21' title='bbox 771 606 894 694; x_wconf 80' lang='grc' dir='ltr'><strong><em>τὴν</em></strong></span> <span class='ocrx_word' id='word_1_22' title='bbox 933 611 1050 694; x_wconf 83' lang='grc' dir='ltr'><strong><em>τῆς</em></strong></span> <span class='ocrx_word' id='word_1_23' title='bbox 1083 610 1390 685; x_wconf 78' lang='grc' dir='ltr'><strong><em>παιδείας</em></strong></span> <span class='ocrx_word' id='word_1_24' title='bbox 1428 602 1788 690; x_wconf 79' lang='grc' dir='ltr'><strong><em>δεξιότητα,</em></strong></span> <span class='ocrx_word' id='word_1_25' title='bbox 1856 608 2101 691; x_wconf 80' lang='grc' dir='ltr'><strong><em>ἔγραψε</em></strong></span> <span class='ocrx_word' id='word_1_26' title='bbox 2143 599 2215 668; x_wconf 72' lang='grc' dir='ltr'><strong><em>δὲ</em></strong></span> <span class='ocrx_word' id='word_1_27' title='bbox 2256 605 2483 704; x_wconf 83' lang='grc' dir='ltr'><strong><em>βιβλία</em></strong></span> 
     </span>
     <span class='ocr_line' id='line_1_5' title="bbox 169 718 579 803; baseline -0.003 -20"><span class='ocrx_word' id='word_1_28' title='bbox 169 718 579 803; x_wconf 82' lang='grc' dir='ltr'><strong><em>παμπληθῆ.</em></strong></span> 
     </span>
    </p>

    <p class='ocr_par' dir='ltr' id='par_1_3' title="bbox 165 813 2536 1120">
     <span class='ocr_line' id='line_1_6' title="bbox 365 813 2536 907; baseline -0.003 -18"><span class='ocrx_word' id='word_1_29' title='bbox 365 813 563 889; x_wconf 87' lang='lat' dir='ltr'>CXV.</span> <span class='ocrx_word' id='word_1_30' title='bbox 633 820 1208 907; x_wconf 76' lang='grc' dir='ltr'><strong><em>Ἀρτεμίδωρος</em></strong></span> <span class='ocrx_word' id='word_1_31' title='bbox 1245 816 1637 897; x_wconf 88' lang='grc' dir='ltr'><strong><em>Δαλδιανός</em></strong></span> <span class='ocrx_word' id='word_1_32' title='bbox 1683 815 1904 906; x_wconf 81' lang='grc' dir='ltr'><strong><em>(πόλις</em></strong></span> <span class='ocrx_word' id='word_1_33' title='bbox 1943 818 2023 883; x_wconf 78' lang='grc' dir='ltr'><strong><em>δέ</em></strong></span> <span class='ocrx_word' id='word_1_34' title='bbox 2054 817 2191 884; x_wconf 81' lang='grc' dir='ltr'><strong><em>ἐστι</em></strong></span> <span class='ocrx_word' id='word_1_35' title='bbox 2232 819 2486 893; x_wconf 88' lang='grc' dir='ltr'><strong><em>Λυδίας</em></strong></span> <span class='ocrx_word' id='word_1_36' title='bbox 2512 843 2536 883; x_wconf 82' lang='lat'><strong>5</strong></span> 
     </span>
     <span class='ocr_line' id='line_1_7' title="bbox 165 921 2478 1018; baseline -0.003 -22"><span class='ocrx_word' id='word_1_37' title='bbox 165 927 210 1016; x_wconf 81' lang='grc' dir='ltr'>ἡ</span> <span class='ocrx_word' id='word_1_38' title='bbox 255 927 588 1018; x_wconf 88' lang='grc' dir='ltr'><strong><em>Δάλδις),</em></strong></span> <span class='ocrx_word' id='word_1_39' title='bbox 631 927 1024 1013; x_wconf 84' lang='grc' dir='ltr'><strong><em>φιλόσοφος.</em></strong></span> <span class='ocrx_word' id='word_1_40' title='bbox 1101 931 1390 1013; x_wconf 78' lang='grc' dir='ltr'><strong><em>ἔγραψεν</em></strong></span> <span class='ocrx_word' id='word_1_41' title='bbox 1435 921 1923 1013; x_wconf 85' lang='grc' dir='ltr'><strong><em>ὀνειροκριτικά</em></strong></span> <span class='ocrx_word' id='word_1_42' title='bbox 1962 925 2035 992; x_wconf 81' lang='grc' dir='ltr'><strong><em>ἐν</em></strong></span> <span class='ocrx_word' id='word_1_43' title='bbox 2072 928 2358 1009; x_wconf 82' lang='grc' dir='ltr'><strong><em>βιβλίοις</em></strong></span> <span class='ocrx_word' id='word_1_44' title='bbox 2398 923 2478 1006; x_wconf 81' lang='grc' dir='ltr'><strong><em>δ’,</em></strong></span> 
     </span>
     <span class='ocr_line' id='line_1_8' title="bbox 172 1030 1375 1120; baseline -0.002 -17"><span class='ocrx_word' id='word_1_45' title='bbox 172 1033 686 1103; x_wconf 81' lang='grc' dir='ltr'><strong><em>οίωνοσκοπικὰ</em></strong></span> <span class='ocrx_word' id='word_1_46' title='bbox 731 1033 841 1100; x_wconf 79' lang='grc' dir='ltr'><strong><em>καὶ</em></strong></span> <span class='ocrx_word' id='word_1_47' title='bbox 887 1030 1375 1120; x_wconf 87' lang='grc' dir='ltr'><strong><em>χειροσκοπικά.</em></strong></span> 
     </span>
    </p>

    <p class='ocr_par' dir='ltr' id='par_1_4' title="bbox 177 1135 2569 1442">
     <span class='ocr_line' id='line_1_9' title="bbox 368 1135 2485 1227; baseline -0.002 -18"><span class='ocrx_word' id='word_1_48' title='bbox 368 1144 594 1210; x_wconf 85' lang='lat' dir='ltr'>CXVI.</span> <span class='ocrx_word' id='word_1_49' title='bbox 668 1140 1116 1227; x_wconf 78' lang='grc' dir='ltr'><strong><em>Ἀρχέδικος</em></strong></span> <span class='ocrx_word' id='word_1_50' title='bbox 1149 1136 1454 1226; x_wconf 82' lang='grc' dir='ltr'><strong><em>κωμικός.</em></strong></span> <span class='ocrx_word' id='word_1_51' title='bbox 1528 1141 1664 1207; x_wconf 76' lang='grc' dir='ltr'><strong><em>τῶν</em></strong></span> <span class='ocrx_word' id='word_1_52' title='bbox 1703 1137 2061 1226; x_wconf 77' lang='grc' dir='ltr'><strong><em>δραμάτων</em></strong></span> <span class='ocrx_word' id='word_1_53' title='bbox 2100 1135 2311 1206; x_wconf 84' lang='grc' dir='ltr'><strong><em>αὐτοῦ</em></strong></span> <span class='ocrx_word' id='word_1_54' title='bbox 2348 1138 2485 1204; x_wconf 81' lang='grc' dir='ltr'><strong><em>ἐστι</em></strong></span> 
     </span>
     <span class='ocr_line' id='line_1_10' title="bbox 177 1241 2490 1336; baseline -0.003 -18"><span class='ocrx_word' id='word_1_55' title='bbox 177 1241 548 1336; x_wconf 81' lang='grc' dir='ltr'><strong><em>Θησαυρὸς</em></strong></span> <span class='ocrx_word' id='word_1_56' title='bbox 610 1248 721 1316; x_wconf 82' lang='grc' dir='ltr'><strong><em>καὶ</em></strong></span> <span class='ocrx_word' id='word_1_57' title='bbox 781 1245 1306 1334; x_wconf 87' lang='grc' dir='ltr'><strong><em>Διαμαρτάνων,</em></strong></span> <span class='ocrx_word' id='word_1_58' title='bbox 1373 1241 1465 1324; x_wconf 74' lang='grc' dir='ltr'><strong><em>ὥς</em></strong></span> <span class='ocrx_word' id='word_1_59' title='bbox 1512 1243 1873 1332; x_wconf 81' lang='grc' dir='ltr'><strong><em>Ἀθήναιός</em></strong></span> <span class='ocrx_word' id='word_1_60' title='bbox 1937 1264 2147 1332; x_wconf 87' lang='grc' dir='ltr'><strong><em>φησιν</em></strong></span> <span class='ocrx_word' id='word_1_61' title='bbox 2214 1245 2289 1312; x_wconf 82' lang='grc' dir='ltr'><strong><em>ἐν</em></strong></span> <span class='ocrx_word' id='word_1_62' title='bbox 2348 1257 2490 1323; x_wconf 82' lang='grc' dir='ltr'><strong><em>τοῖς</em></strong></span> 
     </span>
     <span class='ocr_line' id='line_1_11' title="bbox 179 1367 2569 1442; baseline -0.003 -18"><span class='ocrx_word' id='word_1_63' title='bbox 179 1367 824 1442; x_wconf 85' lang='grc' dir='ltr'><strong><em>Δειπνοσοφισταϊς.</em></strong></span> <span class='ocrx_word' id='word_1_64' title='bbox 2516 1377 2569 1416; x_wconf 84' lang='grc' dir='ltr'><strong><em>ιο</em></strong></span> 
     </span>
    </p>

    <p class='ocr_par' dir='ltr' id='par_1_5' title="bbox 175 1456 2575 2085">
     <span class='ocr_line' id='line_1_12' title="bbox 371 1456 2492 1587; baseline -0.002 -57"><span class='ocrx_word' id='word_1_65' title='bbox 371 1464 640 1530; x_wconf 88' lang='lat' dir='ltr'>CXVII.</span> <span class='ocrx_word' id='word_1_66' title='bbox 709 1457 1124 1587; x_wconf 83' lang='grc' dir='ltr'><strong><em>Ἀρχέλαος</em></strong></span> <span class='ocrx_word' id='word_1_67' title='bbox 1176 1456 1685 1546; x_wconf 88' lang='grc' dir='ltr'><strong><em>Ἀπολλοδωρου</em></strong></span> <span class='ocrx_word' id='word_1_68' title='bbox 1740 1457 1782 1544; x_wconf 85' lang='grc' dir='ltr'>ἢ</span> <span class='ocrx_word' id='word_1_69' title='bbox 1842 1457 2215 1542; x_wconf 86' lang='grc' dir='ltr'><strong><em>Μύδωνος,</em></strong></span> <span class='ocrx_word' id='word_1_70' title='bbox 2272 1456 2492 1543; x_wconf 87' lang='grc' dir='ltr'><strong><em>Μιλή-</em></strong></span> 
     </span>
     <span class='ocr_line' id='line_1_13' title="bbox 175 1559 2492 1655; baseline -0.003 -18"><span class='ocrx_word' id='word_1_71' title='bbox 175 1589 336 1650; x_wconf 83' lang='grc' dir='ltr'><strong><em>σιος</em></strong></span> <span class='ocrx_word' id='word_1_72' title='bbox 373 1559 774 1655; x_wconf 85' lang='grc' dir='ltr'><strong><em>φιλόσοφος,</em></strong></span> <span class='ocrx_word' id='word_1_73' title='bbox 814 1564 1096 1653; x_wconf 85' lang='grc' dir='ltr'><strong><em>φυσικὸς</em></strong></span> <span class='ocrx_word' id='word_1_74' title='bbox 1133 1564 1256 1651; x_wconf 83' lang='grc' dir='ltr'><strong><em>τὴν</em></strong></span> <span class='ocrx_word' id='word_1_75' title='bbox 1296 1569 1557 1651; x_wconf 85' lang='grc' dir='ltr'><strong><em>αιρεσιν</em></strong></span> <span class='ocrx_word' id='word_1_76' title='bbox 1592 1570 1887 1652; x_wconf 82' lang='grc' dir='ltr'><strong><em>κληθείς,</em></strong></span> <span class='ocrx_word' id='word_1_77' title='bbox 1926 1590 2029 1632; x_wconf 88' lang='grc' dir='ltr'><strong><em>οτι</em></strong></span> <span class='ocrx_word' id='word_1_78' title='bbox 2068 1562 2197 1632; x_wconf 84' lang='grc' dir='ltr'><strong><em>άπὸ</em></strong></span> <span class='ocrx_word' id='word_1_79' title='bbox 2232 1564 2492 1642; x_wconf 85' lang='grc' dir='ltr'><strong><em>Ἰωνίας</em></strong></span> 
     </span>
     <span class='ocr_line' id='line_1_14' title="bbox 177 1668 2491 1764; baseline -0.003 -19"><span class='ocrx_word' id='word_1_80' title='bbox 177 1680 458 1764; x_wconf 76' lang='grc' dir='ltr'><strong><em>πρῶτος</em></strong></span> <span class='ocrx_word' id='word_1_81' title='bbox 510 1673 632 1761; x_wconf 83' lang='grc' dir='ltr'><strong><em>τὴν</em></strong></span> <span class='ocrx_word' id='word_1_82' title='bbox 691 1678 1136 1761; x_wconf 77' lang='grc' dir='ltr'><strong><em>φυσιολογίαν</em></strong></span> <span class='ocrx_word' id='word_1_83' title='bbox 1185 1669 1465 1758; x_wconf 75' lang='grc' dir='ltr'><strong><em>ἤγαγεν,</em></strong></span> <span class='ocrx_word' id='word_1_84' title='bbox 1521 1671 1976 1758; x_wconf 81' lang='grc' dir='ltr'><strong><em>Ἀναξαγόρου</em></strong></span> <span class='ocrx_word' id='word_1_85' title='bbox 2022 1668 2326 1758; x_wconf 78' lang='grc' dir='ltr'><strong><em>μαθητὴς</em></strong></span> <span class='ocrx_word' id='word_1_86' title='bbox 2370 1674 2491 1738; x_wconf 88' lang='grc' dir='ltr'><strong><em>τοῦ</em></strong></span> 
     </span>
     <span class='ocr_line' id='line_1_15' title="bbox 177 1775 2493 1868; baseline -0.004 -16"><span class='ocrx_word' id='word_1_87' title='bbox 177 1786 680 1868; x_wconf 81' lang='grc' dir='ltr'><strong><em>Κλαζομενίου·</em></strong></span> <span class='ocrx_word' id='word_1_88' title='bbox 719 1785 840 1849; x_wconf 88' lang='grc' dir='ltr'><strong><em>τοῦ</em></strong></span> <span class='ocrx_word' id='word_1_89' title='bbox 880 1778 955 1847; x_wconf 76' lang='grc' dir='ltr'><strong><em>δὲ</em></strong></span> <span class='ocrx_word' id='word_1_90' title='bbox 991 1777 1297 1866; x_wconf 80' lang='grc' dir='ltr'><strong><em>μαθητὴς</em></strong></span> <span class='ocrx_word' id='word_1_91' title='bbox 1327 1778 1711 1866; x_wconf 81' lang='grc' dir='ltr'><strong><em>Σωκράτης,</em></strong></span> <span class='ocrx_word' id='word_1_92' title='bbox 1750 1781 1821 1846; x_wconf 78' lang='grc' dir='ltr'><strong><em>οἱ</em></strong></span> <span class='ocrx_word' id='word_1_93' title='bbox 1854 1777 1929 1845; x_wconf 73' lang='grc' dir='ltr'><strong><em>δὲ</em></strong></span> <span class='ocrx_word' id='word_1_94' title='bbox 1966 1778 2074 1844; x_wconf 80' lang='grc' dir='ltr'><strong><em>καὶ</em></strong></span> <span class='ocrx_word' id='word_1_95' title='bbox 2110 1775 2493 1865; x_wconf 82' lang='grc' dir='ltr'><strong><em>Εὐριπίδην</em></strong></span> 
     </span>
     <span class='ocr_line' id='line_1_16' title="bbox 179 1882 2575 1976; baseline -0.003 -19"><span class='ocrx_word' id='word_1_96' title='bbox 179 1896 425 1976; x_wconf 84' lang='grc' dir='ltr'><strong><em>φασίν.</em></strong></span> <span class='ocrx_word' id='word_1_97' title='bbox 517 1888 830 1967; x_wconf 80' lang='grc' dir='ltr'><strong><em>συνέταξε</em></strong></span> <span class='ocrx_word' id='word_1_98' title='bbox 880 1886 953 1954; x_wconf 75' lang='grc' dir='ltr'><strong><em>δὲ</em></strong></span> <span class='ocrx_word' id='word_1_99' title='bbox 999 1890 1449 1972; x_wconf 78' lang='grc' dir='ltr'><strong><em>φυσιολογίαν</em></strong></span> <span class='ocrx_word' id='word_1_100' title='bbox 1492 1887 1605 1953; x_wconf 82' lang='grc' dir='ltr'><strong><em>καὶ</em></strong></span> <span class='ocrx_word' id='word_1_101' title='bbox 1651 1884 1913 1966; x_wconf 80' lang='grc' dir='ltr'><strong><em>ἐδόξαζε</em></strong></span> <span class='ocrx_word' id='word_1_102' title='bbox 1958 1882 2035 1953; x_wconf 88' lang='grc' dir='ltr'><strong><em>τὸ</em></strong></span> <span class='ocrx_word' id='word_1_103' title='bbox 2082 1888 2347 1952; x_wconf 89' lang='grc' dir='ltr'><strong><em>δίκαιον</em></strong></span> <span class='ocrx_word' id='word_1_104' title='bbox 2382 1883 2493 1950; x_wconf 83' lang='grc' dir='ltr'><strong><em>καὶ</em></strong></span> <span class='ocrx_word' id='word_1_105' title='bbox 2524 1909 2575 1950; x_wconf 84' lang='lat'><strong><em>15</em></strong></span> 
     </span>
     <span class='ocr_line' id='line_1_17' title="bbox 178 1987 2494 2085; baseline -0.002 -21"><span class='ocrx_word' id='word_1_106' title='bbox 178 1995 476 2085; x_wconf 85' lang='grc' dir='ltr'><strong><em>αἰσχρὸν</em></strong></span> <span class='ocrx_word' id='word_1_107' title='bbox 518 1993 600 2063; x_wconf 81' lang='grc' dir='ltr'><strong><em>οὐ</em></strong></span> <span class='ocrx_word' id='word_1_108' title='bbox 636 1993 836 2081; x_wconf 84' lang='grc' dir='ltr'><strong><em>φύσει</em></strong></span> <span class='ocrx_word' id='word_1_109' title='bbox 883 1991 1078 2077; x_wconf 78' lang='grc' dir='ltr'><strong><em>εἶναι,</em></strong></span> <span class='ocrx_word' id='word_1_110' title='bbox 1127 1987 1294 2060; x_wconf 77' lang='grc' dir='ltr'><strong><em>ἀλλὰ</em></strong></span> <span class='ocrx_word' id='word_1_111' title='bbox 1337 1991 1544 2084; x_wconf 76' lang='grc' dir='ltr'><strong><em>νόμῳ.</em></strong></span> <span class='ocrx_word' id='word_1_112' title='bbox 1628 1993 1943 2072; x_wconf 80' lang='grc' dir='ltr'><strong><em>συνέταξε</em></strong></span> <span class='ocrx_word' id='word_1_113' title='bbox 1980 1991 2091 2058; x_wconf 86' lang='grc' dir='ltr'><strong><em>καὶ</em></strong></span> <span class='ocrx_word' id='word_1_114' title='bbox 2128 1988 2297 2058; x_wconf 75' lang='grc' dir='ltr'><strong><em>ἄλλα</em></strong></span> <span class='ocrx_word' id='word_1_115' title='bbox 2324 1990 2494 2060; x_wconf 90' lang='grc' dir='ltr'><strong><em>τινά.</em></strong></span> 
     </span>
    </p>

    <p class='ocr_par' dir='ltr' id='par_1_6' title="bbox 191 2095 2494 2295">
     <span class='ocr_line' id='line_1_18' title="bbox 369 2095 2494 2187; baseline -0.001 -19"><span class='ocrx_word' id='word_1_116' title='bbox 369 2102 666 2169; x_wconf 86' lang='lat' dir='ltr'>CXVIII.</span> <span class='ocrx_word' id='word_1_117' title='bbox 754 2096 824 2166; x_wconf 90' lang='lat' dir='ltr'><strong><em>’A</em></strong></span> <span class='ocrx_word' id='word_1_118' title='bbox 843 2127 883 2185; x_wconf 91' lang='grc' dir='ltr'><strong><em>ρ</em></strong></span> <span class='ocrx_word' id='word_1_119' title='bbox 903 2125 941 2186; x_wconf 91' lang='grc' dir='ltr'><strong><em>χ</em></strong></span> <span class='ocrx_word' id='word_1_120' title='bbox 962 2104 992 2165; x_wconf 97' lang='grc' dir='ltr'><strong><em>ί</em></strong></span> <span class='ocrx_word' id='word_1_121' title='bbox 1006 2105 1049 2185; x_wconf 90' lang='grc' dir='ltr'><strong><em>β</em></strong></span> <span class='ocrx_word' id='word_1_122' title='bbox 1069 2128 1094 2166; x_wconf 94' lang='grc' dir='ltr'><strong><em>ι</em></strong></span> <span class='ocrx_word' id='word_1_123' title='bbox 1115 2126 1150 2166; x_wconf 94' lang='grc' dir='ltr'><strong><em>ο</em></strong></span> <span class='ocrx_word' id='word_1_124' title='bbox 1177 2127 1209 2179; x_wconf 91' lang='grc' dir='ltr'><strong><em>ς</em></strong></span> <span class='ocrx_word' id='word_1_125' title='bbox 1254 2095 1709 2167; x_wconf 78' lang='grc' dir='ltr'><strong><em>Ἀπολλωνίου</em></strong></span> <span class='ocrx_word' id='word_1_126' title='bbox 1724 2150 1742 2183; x_wconf 88' lang='grc'><strong><em>,</em></strong></span> <span class='ocrx_word' id='word_1_127' title='bbox 1808 2097 2276 2187; x_wconf 86' lang='grc' dir='ltr'><strong><em>γραμματικός.</em></strong></span> <span class='ocrx_word' id='word_1_128' title='bbox 2358 2103 2494 2166; x_wconf 75' lang='grc' dir='ltr'><strong><em>τῶν</em></strong></span> 
     </span>
     <span class='ocr_line' id='line_1_19' title="bbox 191 2205 1577 2295; baseline -0.004 -18"><span class='ocrx_word' id='word_1_129' title='bbox 191 2209 642 2294; x_wconf 81' lang='grc' dir='ltr'><strong><em>Καλλιμάχου</em></strong></span> <span class='ocrx_word' id='word_1_130' title='bbox 688 2205 1202 2295; x_wconf 82' lang='grc' dir='ltr'><strong><em>ἐπιγραμμάτων</em></strong></span> <span class='ocrx_word' id='word_1_131' title='bbox 1246 2205 1577 2292; x_wconf 80' lang='grc' dir='ltr'><strong><em>ἐξήγησιν.</em></strong></span> 
     </span>
    </p>

    <p class='ocr_par' dir='ltr' id='par_1_7' title="bbox 184 2308 2576 2597">
     <span class='ocr_line' id='line_1_20' title="bbox 376 2308 2495 2401; baseline -0.001 -19"><span class='ocrx_word' id='word_1_132' title='bbox 376 2317 606 2382; x_wconf 89' lang='lat' dir='ltr'>CXIX.</span> <span class='ocrx_word' id='word_1_133' title='bbox 647 2311 1044 2401; x_wconf 85' lang='grc' dir='ltr'><strong><em>Ἀρχίβιος</em></strong></span> <span class='ocrx_word' id='word_1_134' title='bbox 1070 2317 1496 2400; x_wconf 86' lang='grc' dir='ltr'><strong><em>Πτολεμαίου</em></strong></span> <span class='ocrx_word' id='word_1_135' title='bbox 1528 2311 1902 2391; x_wconf 88' lang='grc' dir='ltr'><strong><em>Λευκάδιος</em></strong></span> <span class='ocrx_word' id='word_1_136' title='bbox 1938 2308 1979 2398; x_wconf 81' lang='grc' dir='ltr'>ἢ</span> <span class='ocrx_word' id='word_1_137' title='bbox 2005 2309 2495 2399; x_wconf 80' lang='grc' dir='ltr'><strong><em>Ἀλεξανδρεύς,</em></strong></span> 
     </span>
     <span class='ocr_line' id='line_1_21' title="bbox 184 2415 2576 2511; baseline -0 -21"><span class='ocrx_word' id='word_1_138' title='bbox 184 2422 648 2511; x_wconf 88' lang='grc' dir='ltr'><strong><em>γραμματικὸς</em></strong></span> <span class='ocrx_word' id='word_1_139' title='bbox 719 2424 854 2488; x_wconf 77' lang='grc' dir='ltr'><strong><em>τῶν</em></strong></span> <span class='ocrx_word' id='word_1_140' title='bbox 929 2421 1054 2499; x_wconf 81' lang='grc' dir='ltr'><strong><em>ἕως</em></strong></span> <span class='ocrx_word' id='word_1_141' title='bbox 1134 2423 1472 2508; x_wconf 75' lang='grc' dir='ltr'><strong><em>Τραϊανοῦ</em></strong></span> <span class='ocrx_word' id='word_1_142' title='bbox 1546 2422 1669 2486; x_wconf 89' lang='grc' dir='ltr'><strong><em>τοῦ</em></strong></span> <span class='ocrx_word' id='word_1_143' title='bbox 1740 2424 2083 2506; x_wconf 87' lang='grc' dir='ltr'><strong><em>Καίσαρος</em></strong></span> <span class='ocrx_word' id='word_1_144' title='bbox 2146 2421 2219 2486; x_wconf 80' lang='grc' dir='ltr'><strong><em>ἐν</em></strong></span> <span class='ocrx_word' id='word_1_145' title='bbox 2274 2415 2491 2508; x_wconf 74' lang='grc' dir='ltr'><strong><em>Ῥώμῃ</em></strong></span> <span class='ocrx_word' id='word_1_146' title='bbox 2522 2451 2576 2490; x_wconf 79' lang='lat'><strong><em>20</em></strong></span> 
     </span>
     <span class='ocr_line' id='line_1_22' title="bbox 187 2527 736 2597; baseline -0.002 -1"><span class='ocrx_word' id='word_1_147' title='bbox 187 2527 736 2597; x_wconf 85' lang='grc' dir='ltr'><strong><em>παιδευσάντων.</em></strong></span> 
     </span>
    </p>

    <p class='ocr_par' dir='ltr' id='par_1_8' title="bbox 189 2579 2498 2937">
     <span class='ocr_line' id='line_1_23' title="bbox 375 2579 2495 2721; baseline -0.001 -17"><span class='ocrx_word' id='word_1_148' title='bbox 375 2635 571 2704; x_wconf 89' lang='lat' dir='ltr'>CXX.</span> <span class='ocrx_word' id='word_1_149' title='bbox 638 2631 1097 2720; x_wconf 81' lang='grc' dir='ltr'><strong><em>Ἀρχιγὲνης</em></strong></span> <span class='ocrx_word' id='word_1_150' title='bbox 1149 2579 1507 2718; x_wconf 79' lang='grc' dir='ltr'><strong><em>Φιλίππου,</em></strong></span> <span class='ocrx_word' id='word_1_151' title='bbox 1552 2630 1875 2720; x_wconf 83' lang='grc' dir='ltr'><strong><em>Ἀπαμεὺς</em></strong></span> <span class='ocrx_word' id='word_1_152' title='bbox 1920 2639 2198 2721; x_wconf 86' lang='grc' dir='ltr'><strong><em>Συρίας,</em></strong></span> <span class='ocrx_word' id='word_1_153' title='bbox 2248 2632 2495 2720; x_wconf 85' lang='grc' dir='ltr'><strong><em>ἰατρός,</em></strong></span> 
     </span>
     <span class='ocr_line' id='line_1_24' title="bbox 189 2737 2498 2829; baseline -0 -20"><span class='ocrx_word' id='word_1_154' title='bbox 189 2739 508 2828; x_wconf 82' lang='grc' dir='ltr'><strong><em>μαθητὴς</em></strong></span> <span class='ocrx_word' id='word_1_155' title='bbox 537 2739 922 2828; x_wconf 81' lang='grc' dir='ltr'><strong><em>Ἀγαθίνου,</em></strong></span> <span class='ocrx_word' id='word_1_156' title='bbox 973 2741 1077 2808; x_wconf 80' lang='grc' dir='ltr'><strong><em>ἐπὶ</em></strong></span> <span class='ocrx_word' id='word_1_157' title='bbox 1125 2743 1462 2825; x_wconf 79' lang='grc' dir='ltr'><strong><em>Τραϊανοῦ</em></strong></span> <span class='ocrx_word' id='word_1_158' title='bbox 1511 2738 1866 2825; x_wconf 86' lang='grc' dir='ltr'><strong><em>ιάτρεύσας</em></strong></span> <span class='ocrx_word' id='word_1_159' title='bbox 1912 2742 1987 2807; x_wconf 86' lang='grc' dir='ltr'><strong><em>ἐν</em></strong></span> <span class='ocrx_word' id='word_1_160' title='bbox 2013 2737 2254 2829; x_wconf 81' lang='grc' dir='ltr'><strong><em>Ρώμη,</em></strong></span> <span class='ocrx_word' id='word_1_161' title='bbox 2304 2739 2498 2826; x_wconf 85' lang='grc' dir='ltr'><strong><em>βιοὺς</em></strong></span> 
     </span>
     <span class='ocr_line' id='line_1_25' title="bbox 191 2845 2218 2937; baseline 0 -21"><span class='ocrx_word' id='word_1_162' title='bbox 191 2854 310 2936; x_wconf 82' lang='grc' dir='ltr'><strong><em>ἔτη</em></strong></span> <span class='ocrx_word' id='word_1_163' title='bbox 361 2848 468 2935; x_wconf 83' lang='grc' dir='ltr'><strong><em>ξγ’</em></strong></span> <span class='ocrx_word' id='word_1_164' title='bbox 517 2848 626 2916; x_wconf 81' lang='grc' dir='ltr'><strong><em>καὶ</em></strong></span> <span class='ocrx_word' id='word_1_165' title='bbox 675 2847 1066 2937; x_wconf 83' lang='grc' dir='ltr'><strong><em>συγγράψας</em></strong></span> <span class='ocrx_word' id='word_1_166' title='bbox 1109 2845 1321 2914; x_wconf 81' lang='grc' dir='ltr'><strong><em>πολλὰ</em></strong></span> <span class='ocrx_word' id='word_1_167' title='bbox 1371 2847 1631 2934; x_wconf 81' lang='grc' dir='ltr'><strong><em>ἰατρικά</em></strong></span> <span class='ocrx_word' id='word_1_168' title='bbox 1676 2873 1747 2914; x_wconf 89' lang='grc' dir='ltr'><strong><em>τε</em></strong></span> <span class='ocrx_word' id='word_1_169' title='bbox 1792 2847 1904 2914; x_wconf 82' lang='grc' dir='ltr'><strong><em>καὶ</em></strong></span> <span class='ocrx_word' id='word_1_170' title='bbox 1948 2851 2218 2934; x_wconf 82' lang='grc' dir='ltr'><strong><em>φυσικά.</em></strong></span> 
     </span>
    </p>

    <p class='ocr_par' dir='ltr' id='par_1_9' title="bbox 195 2951 2572 3156">
     <span class='ocr_line' id='line_1_26' title="bbox 377 2951 2572 3044; baseline 0.002 -22"><span class='ocrx_word' id='word_1_171' title='bbox 377 2957 616 3022; x_wconf 87' lang='lat' dir='ltr'>XXXI.</span> <span class='ocrx_word' id='word_1_172' title='bbox 670 2953 1137 3044; x_wconf 81' lang='grc' dir='ltr'><strong><em>Ἀρχιμήδης</em></strong></span> <span class='ocrx_word' id='word_1_173' title='bbox 1190 2951 1622 3040; x_wconf 86' lang='grc' dir='ltr'><strong><em>Τραλλιανός,</em></strong></span> <span class='ocrx_word' id='word_1_174' title='bbox 1661 2952 2052 3041; x_wconf 80' lang='grc' dir='ltr'><strong><em>φιλόσοφος.</em></strong></span> <span class='ocrx_word' id='word_1_175' title='bbox 2128 2954 2489 3044; x_wconf 85' lang='grc' dir='ltr'><strong><em>ὑπόμνημα</em></strong></span> <span class='ocrx_word' id='word_1_176' title='bbox 2520 2987 2572 3026; x_wconf 83' lang='lat'><strong><em>25</em></strong></span> 
     </span>
     <span class='ocr_line' id='line_1_27' title="bbox 195 3059 1270 3156; baseline -0.002 -26"><span class='ocrx_word' id='word_1_177' title='bbox 195 3067 296 3142; x_wconf 84' lang='grc' dir='ltr'><strong><em>εἰς</em></strong></span> <span class='ocrx_word' id='word_1_178' title='bbox 325 3060 660 3150; x_wconf 70' lang='grc' dir='ltr'><strong><em>”Ομηρον,</em></strong></span> <span class='ocrx_word' id='word_1_179' title='bbox 707 3061 843 3156; x_wconf 79' lang='grc' dir='ltr'><strong><em>Ικαὶ</em></strong></span> <span class='ocrx_word' id='word_1_180' title='bbox 890 3059 1222 3149; x_wconf 88' lang='grc' dir='ltr'><strong><em>μηχανικά</em></strong></span> <span class='ocrx_word' id='word_1_181' title='bbox 1241 3060 1270 3150; x_wconf 92' lang='grc' dir='ltr'>Ι</span> 
     </span>
    </p>

    <p class='ocr_par' dir='ltr' id='par_1_10' title="bbox 207 3200 2285 3355">
     <span class='ocr_line' id='line_1_28' title="bbox 350 3200 2285 3262; baseline 0 -4"><span class='ocrx_word' id='word_1_182' title='bbox 350 3210 379 3258; x_wconf 93' lang='lat'>1</span> <span class='ocrx_word' id='word_1_183' title='bbox 419 3201 705 3260; x_wconf 82' lang='grc' dir='ltr'><strong><em>Ἀντωνίου</em></strong></span> <span class='ocrx_word' id='word_1_184' title='bbox 744 3210 789 3258; x_wconf 83' lang='grc' dir='ltr'><strong>Δ</strong></span> <span class='ocrx_word' id='word_1_185' title='bbox 822 3200 952 3261; x_wconf 56' lang='lat' dir='ltr'><strong><em>&#39;Ama</em></strong></span> <span class='ocrx_word' id='word_1_186' title='bbox 993 3203 1091 3258; x_wconf 79' lang='grc' dir='ltr'><strong><em>καὶ</em></strong></span> <span class='ocrx_word' id='word_1_187' title='bbox 1129 3208 1246 3258; x_wconf 84' lang='grc' dir='ltr'><strong><em>Μα.</em></strong></span> <span class='ocrx_word' id='word_1_188' title='bbox 1284 3203 1456 3259; x_wconf 77' lang='lat' dir='ltr'><strong><em>Daub</em></strong></span> <span class='ocrx_word' id='word_1_189' title='bbox 1611 3211 1643 3258; x_wconf 99' lang='grc'><strong>2</strong></span> <span class='ocrx_word' id='word_1_190' title='bbox 1683 3205 1782 3259; x_wconf 81' lang='grc' dir='ltr'><strong><em>καὶ</em></strong></span> <span class='ocrx_word' id='word_1_191' title='bbox 1818 3205 1945 3262; x_wconf 77' lang='lat' dir='ltr'>fort.</span> <span class='ocrx_word' id='word_1_192' title='bbox 1986 3204 2285 3260; x_wconf 86' lang='lat' dir='ltr'><strong>delendum</strong></span> 
     </span>
     <span class='ocr_line' id='line_1_29' title="bbox 207 3283 1862 3355; baseline -0.001 -17"><span class='ocrx_word' id='word_1_193' title='bbox 207 3292 239 3338; x_wconf 89' lang='lat'><strong>3</strong></span> <span class='ocrx_word' id='word_1_194' title='bbox 283 3283 502 3355; x_wconf 79' lang='grc' dir='ltr'><strong><em>ἔγραψε</em></strong></span> <span class='ocrx_word' id='word_1_195' title='bbox 543 3301 648 3339; x_wconf 89' lang='lat' dir='ltr'>om.</span> <span class='ocrx_word' id='word_1_196' title='bbox 689 3283 752 3339; x_wconf 77' lang='grc' dir='ltr'><strong><em>δὲ</em></strong></span> <span class='ocrx_word' id='word_1_197' title='bbox 793 3285 943 3343; x_wconf 78' lang='lat' dir='ltr'>Eud.</span> <span class='ocrx_word' id='word_1_198' title='bbox 1097 3351 1100 3354; x_wconf 15' lang='lat'><strong>⁴</strong></span> <span class='ocrx_word' id='word_1_199' title='bbox 1852 3331 1862 3337; x_wconf 87' lang='grc'><strong><em>.</em></strong></span> 
     </span>
    </p>

    <p class='ocr_par' dir='ltr' id='par_1_11' title="bbox 351 3361 1929 3433">
     <span class='ocr_line' id='line_1_30' title="bbox 351 3361 1929 3433; baseline 0.001 -14"><span class='ocrx_word' id='word_1_200' title='bbox 351 3363 497 3419; x_wconf 89' lang='lat' dir='ltr'><strong><em>CXV</em></strong></span> <span class='ocrx_word' id='word_1_201' title='bbox 535 3364 686 3419; x_wconf 74' lang='lat' dir='ltr'>Eud.</span> <span class='ocrx_word' id='word_1_202' title='bbox 726 3383 779 3433; x_wconf 88' lang='lat' dir='ltr'><strong><em>p.</em></strong></span> <span class='ocrx_word' id='word_1_203' title='bbox 816 3371 912 3419; x_wconf 78' lang='lat'><strong><em>127</em></strong></span> <span class='ocrx_word' id='word_1_204' title='bbox 1065 3371 1096 3419; x_wconf 86' lang='lat'>5</span> <span class='ocrx_word' id='word_1_205' title='bbox 1136 3363 1372 3433; x_wconf 83' lang='grc' dir='ltr'><strong><em>Δάλδις,</em></strong></span> <span class='ocrx_word' id='word_1_206' title='bbox 1409 3361 1572 3427; x_wconf 83' lang='grc' dir='ltr'><strong><em>πόλις</em></strong></span> <span class='ocrx_word' id='word_1_207' title='bbox 1609 3368 1746 3422; x_wconf 91' lang='grc' dir='ltr'><strong><em>Λυδ.</em></strong></span> <span class='ocrx_word' id='word_1_208' title='bbox 1777 3365 1929 3421; x_wconf 81' lang='lat' dir='ltr'>Eud.</span> 
     </span>
    </p>

    <p class='ocr_par' dir='ltr' id='par_1_12' title="bbox 201 3442 2500 3756">
     <span class='ocr_line' id='line_1_31' title="bbox 350 3442 2437 3516; baseline 0.002 -19"><span class='ocrx_word' id='word_1_209' title='bbox 350 3442 525 3498; x_wconf 89' lang='lat' dir='ltr'>CXVI</span> <span class='ocrx_word' id='word_1_210' title='bbox 561 3444 712 3500; x_wconf 71' lang='lat' dir='ltr'>Eud.</span> <span class='ocrx_word' id='word_1_211' title='bbox 750 3463 805 3514; x_wconf 86' lang='lat' dir='ltr'>p.</span> <span class='ocrx_word' id='word_1_212' title='bbox 840 3451 956 3500; x_wconf 87' lang='grc'><strong><em>116.</em></strong></span> <span class='ocrx_word' id='word_1_213' title='bbox 1013 3445 1095 3498; x_wconf 82' lang='lat' dir='ltr'>Cf.</span> <span class='ocrx_word' id='word_1_214' title='bbox 1125 3443 1382 3500; x_wconf 82' lang='lat' dir='ltr'>Meineke</span> <span class='ocrx_word' id='word_1_215' title='bbox 1411 3445 1437 3498; x_wconf 95' lang='lat' dir='ltr'>I</span> <span class='ocrx_word' id='word_1_216' title='bbox 1462 3463 1519 3514; x_wconf 87' lang='lat' dir='ltr'>p.</span> <span class='ocrx_word' id='word_1_217' title='bbox 1550 3451 1678 3510; x_wconf 75' lang='lat'>4583</span> <span class='ocrx_word' id='word_1_218' title='bbox 1713 3446 1910 3514; x_wconf 81' lang='lat' dir='ltr'><em>Daub‚</em></span> <span class='ocrx_word' id='word_1_219' title='bbox 1949 3448 2017 3501; x_wconf 85' lang='lat' dir='ltr'><strong><em>de</em></strong></span> <span class='ocrx_word' id='word_1_220' title='bbox 2059 3447 2209 3501; x_wconf 87' lang='lat' dir='ltr'>Suid.</span> <span class='ocrx_word' id='word_1_221' title='bbox 2248 3465 2301 3516; x_wconf 89' lang='lat' dir='ltr'><strong><em>p.</em></strong></span> <span class='ocrx_word' id='word_1_222' title='bbox 2333 3451 2437 3501; x_wconf 87' lang='grc'><strong><em>483</em></strong></span> 
     </span>
     <span class='ocr_line' id='line_1_32' title="bbox 201 3525 2499 3596; baseline 0.001 -16"><span class='ocrx_word' id='word_1_223' title='bbox 201 3532 234 3580; x_wconf 89' lang='grc'>9</span> <span class='ocrx_word' id='word_1_224' title='bbox 265 3525 328 3579; x_wconf 88' lang='lat' dir='ltr'><strong><em>in</em></strong></span> <span class='ocrx_word' id='word_1_225' title='bbox 358 3525 696 3580; x_wconf 84' lang='lat' dir='ltr'><strong>vocabulum</strong></span> <span class='ocrx_word' id='word_1_226' title='bbox 728 3528 862 3595; x_wconf 82' lang='grc' dir='ltr'><strong><em>Θησ.</em></strong></span> <span class='ocrx_word' id='word_1_227' title='bbox 896 3525 1102 3580; x_wconf 71' lang='lat' dir='ltr'><strong>desinit</strong></span> <span class='ocrx_word' id='word_1_228' title='bbox 1129 3525 1280 3580; x_wconf 76' lang='lat' dir='ltr'>Eud.</span> <span class='ocrx_word' id='word_1_229' title='bbox 1390 3526 1594 3581; x_wconf 78' lang='lat' dir='ltr'>Athen.</span> <span class='ocrx_word' id='word_1_230' title='bbox 1624 3526 1728 3580; x_wconf 88' lang='lat' dir='ltr'><strong><em>VII</em></strong></span> <span class='ocrx_word' id='word_1_231' title='bbox 1754 3545 1810 3596; x_wconf 86' lang='lat' dir='ltr'>p.</span> <span class='ocrx_word' id='word_1_232' title='bbox 1838 3532 1941 3580; x_wconf 87' lang='grc'><strong><em>292</em></strong></span> <span class='ocrx_word' id='word_1_233' title='bbox 1973 3531 2030 3582; x_wconf 73' lang='lat' dir='ltr'><strong><em>et</em></strong></span> <span class='ocrx_word' id='word_1_234' title='bbox 2057 3533 2181 3596; x_wconf 87' lang='grc'><strong><em>294,</em></strong></span> <span class='ocrx_word' id='word_1_235' title='bbox 2210 3527 2286 3580; x_wconf 89' lang='lat' dir='ltr'><strong><em>XI</em></strong></span> <span class='ocrx_word' id='word_1_236' title='bbox 2313 3545 2365 3595; x_wconf 89' lang='lat' dir='ltr'><strong><em>p.</em></strong></span> <span class='ocrx_word' id='word_1_237' title='bbox 2396 3533 2499 3582; x_wconf 84' lang='grc'><strong><em>467</em></strong></span> 
     </span>
     <span class='ocr_line' id='line_1_33' title="bbox 205 3604 2500 3676; baseline 0 -18"><span class='ocrx_word' id='word_1_238' title='bbox 205 3611 273 3658; x_wconf 90' lang='grc'><strong><em>10</em></strong></span> <span class='ocrx_word' id='word_1_239' title='bbox 311 3605 579 3660; x_wconf 74' lang='lat' dir='ltr'><strong>Adneetit</strong></span> <span class='ocrx_word' id='word_1_240' title='bbox 615 3605 817 3660; x_wconf 78' lang='lat' dir='ltr'><strong>Suidas</strong></span> <span class='ocrx_word' id='word_1_241' title='bbox 855 3606 1092 3660; x_wconf 67' lang='lat' dir='ltr'><strong>albex-am</strong></span> <span class='ocrx_word' id='word_1_242' title='bbox 1130 3604 1431 3660; x_wconf 80' lang='lat' dir='ltr'><strong>Archediei</strong></span> <span class='ocrx_word' id='word_1_243' title='bbox 1467 3604 1644 3661; x_wconf 78' lang='lat' dir='ltr'><strong>vitam</strong></span> <span class='ocrx_word' id='word_1_244' title='bbox 1684 3624 1751 3661; x_wconf 82' lang='lat' dir='ltr'><strong><em>ex</em></strong></span> <span class='ocrx_word' id='word_1_245' title='bbox 1787 3606 1982 3676; x_wconf 83' lang='lat' dir='ltr'>Polyb.</span> <span class='ocrx_word' id='word_1_246' title='bbox 2019 3606 2150 3675; x_wconf 90' lang='lat' dir='ltr'>XII,</span> <span class='ocrx_word' id='word_1_247' title='bbox 2194 3612 2258 3660; x_wconf 84' lang='lat'><strong><em>13</em></strong></span> <span class='ocrx_word' id='word_1_248' title='bbox 2297 3605 2500 3660; x_wconf 81' lang='lat' dir='ltr'><strong>descri-</strong></span> 
     </span>
     <span class='ocr_line' id='line_1_34' title="bbox 202 3685 1538 3756; baseline 0.002 -19"><span class='ocrx_word' id='word_1_249' title='bbox 202 3685 394 3753; x_wconf 74' lang='lat' dir='ltr'><strong>ptam,</strong></span> <span class='ocrx_word' id='word_1_250' title='bbox 433 3702 575 3753; x_wconf 86' lang='lat' dir='ltr'><strong>quae</strong></span> <span class='ocrx_word' id='word_1_251' title='bbox 614 3685 786 3740; x_wconf 75' lang='lat' dir='ltr'><strong>etiam</strong></span> <span class='ocrx_word' id='word_1_252' title='bbox 823 3686 884 3739; x_wconf 89' lang='lat' dir='ltr'><strong><em>in</em></strong></span> <span class='ocrx_word' id='word_1_253' title='bbox 920 3685 1234 3740; x_wconf 81' lang='lat' dir='ltr'>Violarium</span> <span class='ocrx_word' id='word_1_254' title='bbox 1271 3685 1538 3756; x_wconf 76' lang='lat' dir='ltr'>migravit</span> 
     </span>
    </p>
   </div>
   <div class='ocr_carea' id='block_1_3' title="bbox 205 3762 2507 4479">
    <p class='ocr_par' dir='ltr' id='par_1_13' title="bbox 205 3762 2501 3916">
     <span class='ocr_line' id='line_1_35' title="bbox 349 3762 2501 3836; baseline 0 -18"><span class='ocrx_word' id='word_1_255' title='bbox 349 3763 549 3819; x_wconf 90' lang='lat' dir='ltr'>CXVlI</span> <span class='ocrx_word' id='word_1_256' title='bbox 607 3773 668 3820; x_wconf 84' lang='lat'><strong><em>11</em></strong></span> <span class='ocrx_word' id='word_1_257' title='bbox 709 3762 992 3828; x_wconf 82' lang='grc' dir='ltr'><strong><em>Μύδωνος</em></strong></span> <span class='ocrx_word' id='word_1_258' title='bbox 1027 3771 1070 3817; x_wconf 81' lang='grc' dir='ltr'><strong>Ε</strong></span> <span class='ocrx_word' id='word_1_259' title='bbox 1106 3783 1256 3822; x_wconf 78' lang='lat' dir='ltr'>man.</span> <span class='ocrx_word' id='word_1_260' title='bbox 1285 3767 1311 3820; x_wconf 96' lang='lat' dir='ltr'>I</span> <span class='ocrx_word' id='word_1_261' title='bbox 1347 3769 1406 3821; x_wconf 71' lang='lat' dir='ltr'><strong><em>et</em></strong></span> <span class='ocrx_word' id='word_1_262' title='bbox 1440 3765 1603 3835; x_wconf 84' lang='lat' dir='ltr'>Diog.</span> <span class='ocrx_word' id='word_1_263' title='bbox 1644 3766 1720 3833; x_wconf 88' lang='grc' dir='ltr'><strong><em>ΙΙ,</em></strong></span> <span class='ocrx_word' id='word_1_264' title='bbox 1763 3773 1827 3821; x_wconf 88' lang='grc'><strong><em>16</em></strong></span> <span class='ocrx_word' id='word_1_265' title='bbox 1884 3767 2157 3829; x_wconf 84' lang='grc' dir='ltr'><strong><em>Μίδωνος</em></strong></span> <span class='ocrx_word' id='word_1_266' title='bbox 2192 3765 2337 3836; x_wconf 86' lang='lat' dir='ltr'>plur.</span> <span class='ocrx_word' id='word_1_267' title='bbox 2377 3766 2501 3819; x_wconf 86' lang='lat' dir='ltr'>libr.</span> 
     </span>
     <span class='ocr_line' id='line_1_36' title="bbox 205 3841 2432 3916; baseline 0.002 -18"><span class='ocrx_word' id='word_1_268' title='bbox 205 3846 264 3898; x_wconf 76' lang='lat' dir='ltr'><strong><em>et</em></strong></span> <span class='ocrx_word' id='word_1_269' title='bbox 303 3846 432 3899; x_wconf 82' lang='lat' dir='ltr'>edd.</span> <span class='ocrx_word' id='word_1_270' title='bbox 547 3851 612 3899; x_wconf 85' lang='lat'><strong><em>14</em></strong></span> <span class='ocrx_word' id='word_1_271' title='bbox 651 3841 971 3916; x_wconf 74' lang='grc' dir='ltr'><strong><em>Εὐριπίδην</em></strong></span> <span class='ocrx_word' id='word_1_272' title='bbox 1008 3863 1148 3902; x_wconf 83' lang='lat' dir='ltr'>corr.</span> <span class='ocrx_word' id='word_1_273' title='bbox 1188 3845 1463 3902; x_wconf 78' lang='lat' dir='ltr'><strong><em>Kusterus</em></strong></span> <span class='ocrx_word' id='word_1_274' title='bbox 1500 3842 1814 3916; x_wconf 77' lang='grc' dir='ltr'><strong><em>Εὐριπίδης</em></strong></span> <span class='ocrx_word' id='word_1_275' title='bbox 1850 3852 1895 3900; x_wconf 83' lang='grc' dir='ltr'><strong>Δ</strong></span> <span class='ocrx_word' id='word_1_276' title='bbox 1934 3843 2249 3916; x_wconf 76' lang='grc' dir='ltr'><strong><em>Εὐριπίδου</em></strong></span> <span class='ocrx_word' id='word_1_277' title='bbox 2288 3848 2432 3915; x_wconf 71' lang='lat' dir='ltr'>vuly.</span> 
     </span>
    </p>

    <p class='ocr_par' dir='ltr' id='par_1_14' title="bbox 351 3925 1812 3997">
     <span class='ocr_line' id='line_1_37' title="bbox 351 3925 1812 3997; baseline 0 -16"><span class='ocrx_word' id='word_1_278' title='bbox 351 3927 578 3981; x_wconf 86' lang='lat' dir='ltr'>CXVIII</span> <span class='ocrx_word' id='word_1_279' title='bbox 615 3927 768 3982; x_wconf 78' lang='lat' dir='ltr'>Eud.</span> <span class='ocrx_word' id='word_1_280' title='bbox 806 3946 860 3997; x_wconf 87' lang='lat' dir='ltr'>p.</span> <span class='ocrx_word' id='word_1_281' title='bbox 896 3933 995 3982; x_wconf 88' lang='grc'><strong><em>109</em></strong></span> <span class='ocrx_word' id='word_1_282' title='bbox 1145 3934 1209 3983; x_wconf 92' lang='grc'>18</span> <span class='ocrx_word' id='word_1_283' title='bbox 1250 3925 1463 3997; x_wconf 82' lang='grc' dir='ltr'><strong><em>ἔγραψε</em></strong></span> <span class='ocrx_word' id='word_1_284' title='bbox 1504 3927 1628 3981; x_wconf 84' lang='lat' dir='ltr'>add.</span> <span class='ocrx_word' id='word_1_285' title='bbox 1660 3927 1812 3983; x_wconf 79' lang='lat' dir='ltr'>Eud.</span> 
     </span>
    </p>

    <p class='ocr_par' dir='ltr' id='par_1_15' title="bbox 351 4003 2504 4078">
     <span class='ocr_line' id='line_1_38' title="bbox 351 4003 2504 4078; baseline -0 -16"><span class='ocrx_word' id='word_1_286' title='bbox 351 4008 524 4063; x_wconf 84' lang='lat' dir='ltr'><strong><em>CXIX</em></strong></span> <span class='ocrx_word' id='word_1_287' title='bbox 560 4007 712 4062; x_wconf 74' lang='lat' dir='ltr'>Eud.</span> <span class='ocrx_word' id='word_1_288' title='bbox 751 4027 804 4076; x_wconf 89' lang='lat' dir='ltr'>p.</span> <span class='ocrx_word' id='word_1_289' title='bbox 840 4014 940 4062; x_wconf 86' lang='lat'><strong><em>109</em></strong></span> <span class='ocrx_word' id='word_1_290' title='bbox 980 4008 1077 4061; x_wconf 75' lang='grc' dir='ltr'><strong><em>καὶ</em></strong></span> <span class='ocrx_word' id='word_1_291' title='bbox 1107 4005 1294 4075; x_wconf 74' lang='grc' dir='ltr'><strong><em>ἕτερος</em></strong></span> <span class='ocrx_word' id='word_1_292' title='bbox 1321 4011 1450 4062; x_wconf 71' lang='lat' dir='ltr'>ante</span> <span class='ocrx_word' id='word_1_293' title='bbox 1484 4003 1619 4078; x_wconf 70' lang='lat' dir='ltr'><strong><em>’on-</em></strong></span> <span class='ocrx_word' id='word_1_294' title='bbox 1652 4008 1777 4064; x_wconf 79' lang='lat' dir='ltr'>add.</span> <span class='ocrx_word' id='word_1_295' title='bbox 1809 4008 1961 4063; x_wconf 79' lang='lat' dir='ltr'>Eud.</span> <span class='ocrx_word' id='word_1_296' title='bbox 2070 4015 2139 4062; x_wconf 84' lang='lat'><strong><em>20</em></strong></span> <span class='ocrx_word' id='word_1_297' title='bbox 2181 4009 2429 4077; x_wconf 73' lang='grc' dir='ltr'><strong><em>Τραινοῦ</em></strong></span> <span class='ocrx_word' id='word_1_298' title='bbox 2458 4013 2504 4061; x_wconf 73' lang='grc' dir='ltr'><strong>Δ</strong></span> 
     </span>
    </p>

    <p class='ocr_par' dir='ltr' id='par_1_16' title="bbox 207 4083 2503 4316">
     <span class='ocr_line' id='line_1_39' title="bbox 353 4083 2501 4158; baseline 0 -16"><span class='ocrx_word' id='word_1_299' title='bbox 353 4086 498 4142; x_wconf 88' lang='lat' dir='ltr'><strong><em>CXX</em></strong></span> <span class='ocrx_word' id='word_1_300' title='bbox 535 4087 688 4142; x_wconf 77' lang='lat' dir='ltr'>Eud.</span> <span class='ocrx_word' id='word_1_301' title='bbox 715 4103 770 4156; x_wconf 86' lang='lat' dir='ltr'>p.</span> <span class='ocrx_word' id='word_1_302' title='bbox 807 4094 907 4142; x_wconf 87' lang='lat'><strong><em>110</em></strong></span> <span class='ocrx_word' id='word_1_303' title='bbox 1017 4093 1083 4140; x_wconf 88' lang='grc'><strong><em>22</em></strong></span> <span class='ocrx_word' id='word_1_304' title='bbox 1127 4088 1242 4142; x_wconf 86' lang='grc' dir='ltr'><strong><em>Φιλ.</em></strong></span> <span class='ocrx_word' id='word_1_305' title='bbox 1274 4087 1370 4141; x_wconf 77' lang='grc' dir='ltr'><strong><em>καὶ</em></strong></span> <span class='ocrx_word' id='word_1_306' title='bbox 1401 4083 1591 4158; x_wconf 78' lang='grc' dir='ltr'><strong><em>Ἆπαμ.</em></strong></span> <span class='ocrx_word' id='word_1_307' title='bbox 1620 4093 1666 4141; x_wconf 78' lang='grc' dir='ltr'><strong>Δ</strong></span> <span class='ocrx_word' id='word_1_308' title='bbox 1708 4090 1983 4143; x_wconf 82' lang='grc' dir='ltr'><strong><em>Φιλίππου</em></strong></span> <span class='ocrx_word' id='word_1_309' title='bbox 2012 4085 2139 4151; x_wconf 81' lang='grc' dir='ltr'><strong><em>υἷός</em></strong></span> <span class='ocrx_word' id='word_1_310' title='bbox 2174 4089 2274 4143; x_wconf 88' lang='grc' dir='ltr'><strong><em>τοῦ</em></strong></span> <span class='ocrx_word' id='word_1_311' title='bbox 2306 4086 2501 4158; x_wconf 82' lang='grc' dir='ltr'><strong><em>ἰατροῦ</em></strong></span> 
     </span>
     <span class='ocr_line' id='line_1_40' title="bbox 207 4162 2503 4238; baseline 0 -18"><span class='ocrx_word' id='word_1_312' title='bbox 207 4165 363 4222; x_wconf 72' lang='lat' dir='ltr'>Eud.</span> <span class='ocrx_word' id='word_1_313' title='bbox 403 4168 502 4236; x_wconf 83' lang='grc' dir='ltr'><strong><em>τῆς</em></strong></span> <span class='ocrx_word' id='word_1_314' title='bbox 538 4167 630 4221; x_wconf 80' lang='lat' dir='ltr'><strong><em>vel</em></strong></span> <span class='ocrx_word' id='word_1_315' title='bbox 679 4162 742 4220; x_wconf 75' lang='grc' dir='ltr'><strong><em>ἐκ</em></strong></span> <span class='ocrx_word' id='word_1_316' title='bbox 781 4169 916 4235; x_wconf 88' lang='grc' dir='ltr'><strong><em>Συρ.</em></strong></span> <span class='ocrx_word' id='word_1_317' title='bbox 957 4165 1126 4224; x_wconf 77' lang='lat' dir='ltr'><strong><em>Daub</em></strong></span> <span class='ocrx_word' id='word_1_318' title='bbox 1253 4165 1446 4238; x_wconf 80' lang='grc' dir='ltr'><strong><em>ἰατροῦ</em></strong></span> <span class='ocrx_word' id='word_1_319' title='bbox 1490 4163 1676 4236; x_wconf 77' lang='grc' dir='ltr'><strong><em>Ἀγαθ.</em></strong></span> <span class='ocrx_word' id='word_1_320' title='bbox 1717 4163 1979 4237; x_wconf 73' lang='grc' dir='ltr'><strong><em>μαθητὴς</em></strong></span> <span class='ocrx_word' id='word_1_321' title='bbox 2016 4167 2166 4222; x_wconf 74' lang='lat' dir='ltr'>Eud.</span> <span class='ocrx_word' id='word_1_322' title='bbox 2296 4173 2366 4221; x_wconf 84' lang='grc'><strong><em>24</em></strong></span> <span class='ocrx_word' id='word_1_323' title='bbox 2402 4163 2503 4237; x_wconf 80' lang='grc' dir='ltr'><strong><em>πγ’</em></strong></span> 
     </span>
     <span class='ocr_line' id='line_1_41' title="bbox 209 4245 2009 4316; baseline 0.002 -15"><span class='ocrx_word' id='word_1_324' title='bbox 209 4249 364 4304; x_wconf 77' lang='lat' dir='ltr'>Eud.</span> <span class='ocrx_word' id='word_1_325' title='bbox 502 4249 600 4303; x_wconf 78' lang='grc' dir='ltr'><strong><em>καὶ</em></strong></span> <span class='ocrx_word' id='word_1_326' title='bbox 640 4245 852 4316; x_wconf 79' lang='grc' dir='ltr'><strong><em>ἔγραψε</em></strong></span> <span class='ocrx_word' id='word_1_327' title='bbox 893 4245 1048 4302; x_wconf 77' lang='lat' dir='ltr'>Eud.</span> <span class='ocrx_word' id='word_1_328' title='bbox 1999 4297 2009 4309; x_wconf 87' lang='lat'>.</span> 
     </span>
    </p>

    <p class='ocr_par' dir='ltr' id='par_1_17' title="bbox 213 4323 2507 4479">
     <span class='ocr_line' id='line_1_42' title="bbox 353 4323 2507 4398; baseline -0 -15"><span class='ocrx_word' id='word_1_329' title='bbox 353 4327 525 4383; x_wconf 88' lang='lat' dir='ltr'>CXXI</span> <span class='ocrx_word' id='word_1_330' title='bbox 562 4327 712 4383; x_wconf 76' lang='lat' dir='ltr'>Eud.</span> <span class='ocrx_word' id='word_1_331' title='bbox 753 4345 806 4396; x_wconf 91' lang='lat' dir='ltr'>p.</span> <span class='ocrx_word' id='word_1_332' title='bbox 841 4334 940 4382; x_wconf 76' lang='lat'><strong><em>127</em></strong></span> <span class='ocrx_word' id='word_1_333' title='bbox 1124 4334 1192 4382; x_wconf 82' lang='lat'><strong><em>26</em></strong></span> <span class='ocrx_word' id='word_1_334' title='bbox 1238 4327 1336 4383; x_wconf 80' lang='grc' dir='ltr'><strong><em>καὶ</em></strong></span> <span class='ocrx_word' id='word_1_335' title='bbox 1384 4331 1465 4391; x_wconf 79' lang='grc' dir='ltr'><strong><em>εἴς</em></strong></span> <span class='ocrx_word' id='word_1_336' title='bbox 1512 4347 1669 4390; x_wconf 78' lang='grc' dir='ltr'><strong><em>τινας</em></strong></span> <span class='ocrx_word' id='word_1_337' title='bbox 1714 4329 1817 4383; x_wconf 83' lang='grc' dir='ltr'><strong><em>τοῦ</em></strong></span> <span class='ocrx_word' id='word_1_338' title='bbox 1856 4323 2159 4392; x_wconf 84' lang='grc' dir='ltr'><strong><em>Πλάτωνος</em></strong></span> <span class='ocrx_word' id='word_1_339' title='bbox 2206 4325 2507 4398; x_wconf 83' lang='grc' dir='ltr'><strong><em>διαλόγους</em></strong></span> 
     </span>
     <span class='ocr_line' id='line_1_43' title="bbox 213 4407 2505 4479; baseline 0 -19"><span class='ocrx_word' id='word_1_340' title='bbox 213 4407 338 4464; x_wconf 80' lang='lat' dir='ltr'>add.</span> <span class='ocrx_word' id='word_1_341' title='bbox 380 4409 557 4474; x_wconf 80' lang='lat' dir='ltr'>Eud.,</span> <span class='ocrx_word' id='word_1_342' title='bbox 605 4425 748 4476; x_wconf 80' lang='lat' dir='ltr'>quae</span> <span class='ocrx_word' id='word_1_343' title='bbox 795 4407 968 4462; x_wconf 82' lang='lat' dir='ltr'>verba</span> <span class='ocrx_word' id='word_1_344' title='bbox 1015 4407 1085 4461; x_wconf 84' lang='lat' dir='ltr'><strong><em>ab</em></strong></span> <span class='ocrx_word' id='word_1_345' title='bbox 1126 4410 1401 4479; x_wconf 80' lang='lat' dir='ltr'><strong>Hesychio</strong></span> <span class='ocrx_word' id='word_1_346' title='bbox 1444 4407 1795 4464; x_wconf 76' lang='lat' dir='ltr'>abiudicavit</span> <span class='ocrx_word' id='word_1_347' title='bbox 1830 4409 2026 4479; x_wconf 79' lang='lat' dir='ltr'><strong><em>Daub,</em></strong></span> <span class='ocrx_word' id='word_1_348' title='bbox 2075 4409 2505 4464; x_wconf 65' lang='lat' dir='ltr'><strong>commentarios</strong></span> 
     </span>
    </p>
   </div>
   <div class='ocr_carea' id='block_1_4' title="bbox 196 3165 632 3171">
    <p class='ocr_par' dir='ltr' id='par_1_18' title="bbox 196 3165 632 3171">
     <span class='ocr_line' id='line_1_44' title="bbox 196 3165 632 3171; baseline 0 0"><span class='ocrx_word' id='word_1_349' title='bbox 196 3165 632 3171; x_wconf 95' lang='lat' dir='ltr'><strong><em> </em></strong></span> 
     </span>
    </p>
   </div>
  </div>
 </body>
</html>
