<?xml version="1.0" encoding="UTF-8"?>
<!DOCTYPE html PUBLIC "-//W3C//DTD XHTML 1.0 Transitional//EN"
    "http://www.w3.org/TR/xhtml1/DTD/xhtml1-transitional.dtd">
<html xmlns="http://www.w3.org/1999/xhtml" xml:lang="en" lang="en">
 <head>
  <title>
</title>
<meta http-equiv="Content-Type" content="text/html;charset=utf-8" />
  <meta name='ocr-system' content='tesseract 3.04.00' />
  <meta name='ocr-capabilities' content='ocr_page ocr_carea ocr_par ocr_line ocrx_word'/>
</head>
<body>
  <div class='ocr_page' id='page_1' title='image "./hesychiimilesii04flacgoog_0253.png"; bbox 0 0 3025 4892; ppageno 0'>
   <div class='ocr_carea' id='block_1_1' title="bbox 1143 244 2507 313">
    <p class='ocr_par' dir='ltr' id='par_1_1' title="bbox 1143 244 2507 313">
     <span class='ocr_line' id='line_1_1' title="bbox 1143 244 2507 313; baseline 0.01 -12"><span class='ocrx_word' id='word_1_1' title='bbox 1143 244 1572 302; x_wconf 77' lang='lat' dir='ltr'><strong>HESYCHHJS.</strong></span> <span class='ocrx_word' id='word_1_2' title='bbox 2382 247 2507 313; x_wconf 84' lang='grc'><strong>155</strong></span> 
     </span>
    </p>
   </div>
   <div class='ocr_carea' id='block_1_2' title="bbox 195 406 2595 2741">
    <p class='ocr_par' dir='ltr' id='par_1_2' title="bbox 199 406 2507 583">
     <span class='ocr_line' id='line_1_2' title="bbox 199 406 2507 499; baseline 0.002 -26"><span class='ocrx_word' id='word_1_3' title='bbox 199 408 364 494; x_wconf 79' lang='grc' dir='ltr'><strong><em>περὶ</em></strong></span> <span class='ocrx_word' id='word_1_4' title='bbox 415 406 875 493; x_wconf 81' lang='grc' dir='ltr'><em>άντιρρητικῆς</em></span> <span class='ocrx_word' id='word_1_5' title='bbox 917 407 1181 494; x_wconf 83' lang='grc' dir='ltr'><em>τέχνης,</em></span> <span class='ocrx_word' id='word_1_6' title='bbox 1227 406 1825 495; x_wconf 80' lang='grc' dir='ltr'><em>προγυμνάσματα,</em></span> <span class='ocrx_word' id='word_1_7' title='bbox 1872 411 2164 496; x_wconf 83' lang='grc' dir='ltr'><strong><em>μελέτας,</em></strong></span> <span class='ocrx_word' id='word_1_8' title='bbox 2218 410 2507 499; x_wconf 75' lang='grc' dir='ltr'><strong><em>ἐγκώμια</em></strong></span> 
     </span>
     <span class='ocr_line' id='line_1_3' title="bbox 201 512 878 583; baseline 0.003 -3"><span class='ocrx_word' id='word_1_9' title='bbox 201 514 323 581; x_wconf 76' lang='grc' dir='ltr'><strong><em>καὶ</em></strong></span> <span class='ocrx_word' id='word_1_10' title='bbox 375 512 542 582; x_wconf 74' lang='grc' dir='ltr'><strong><em>ἄλλα</em></strong></span> <span class='ocrx_word' id='word_1_11' title='bbox 585 521 878 583; x_wconf 74' lang='grc' dir='ltr'><strong><em>πλεῖστα.</em></strong></span> 
     </span>
    </p>

    <p class='ocr_par' dir='ltr' id='par_1_3' title="bbox 396 618 2505 712">
     <span class='ocr_line' id='line_1_4' title="bbox 396 618 2505 712; baseline 0.003 -25"><span class='ocrx_word' id='word_1_12' title='bbox 396 622 806 689; x_wconf 89' lang='lat' dir='ltr'><strong><em>DLXXXVI.</em></strong></span> <span class='ocrx_word' id='word_1_13' title='bbox 847 618 1252 709; x_wconf 87' lang='grc' dir='ltr'><em>Ὀνήσιμος</em></span> <span class='ocrx_word' id='word_1_14' title='bbox 1281 673 1295 688; x_wconf 94' lang='grc'><strong>.</strong></span> <span class='ocrx_word' id='word_1_15' title='bbox 1325 672 1339 689; x_wconf 92' lang='grc'><strong>.</strong></span> <span class='ocrx_word' id='word_1_16' title='bbox 1369 674 1384 691; x_wconf 94' lang='grc'><strong>.</strong></span> <span class='ocrx_word' id='word_1_17' title='bbox 1415 620 1794 710; x_wconf 80' lang='grc' dir='ltr'><strong><em>[ὠφέλιμος.</em></strong></span> <span class='ocrx_word' id='word_1_18' title='bbox 1838 625 1950 692; x_wconf 83' lang='grc' dir='ltr'><strong><em>καὶ</em></strong></span> <span class='ocrx_word' id='word_1_19' title='bbox 1980 622 2197 711; x_wconf 78' lang='grc' dir='ltr'><em>ὄνομα</em></span> <span class='ocrx_word' id='word_1_20' title='bbox 2216 623 2505 712; x_wconf 63' lang='grc' dir='ltr'><em>κύριον]</em></span> 
     </span>
    </p>

    <p class='ocr_par' dir='ltr' id='par_1_4' title="bbox 195 726 2557 1011">
     <span class='ocr_line' id='line_1_5' title="bbox 394 726 2506 817; baseline 0.001 -21"><span class='ocrx_word' id='word_1_21' title='bbox 394 730 840 797; x_wconf 91' lang='lat' dir='ltr'>DLXXXVII.</span> <span class='ocrx_word' id='word_1_22' title='bbox 891 726 1412 816; x_wconf 79' lang='grc' dir='ltr'><em>Ὀνόσανδρος</em></span> <span class='ocrx_word' id='word_1_23' title='bbox 1458 728 1833 817; x_wconf 86' lang='grc' dir='ltr'><strong><em>φιλόσοφος</em></strong></span> <span class='ocrx_word' id='word_1_24' title='bbox 1880 733 2327 811; x_wconf 80' lang='grc' dir='ltr'><strong><em>Πλατωνικός.</em></strong></span> <span class='ocrx_word' id='word_1_25' title='bbox 2392 758 2506 799; x_wconf 89' lang='grc' dir='ltr'><strong><em>τα-</em></strong></span> 
     </span>
     <span class='ocr_line' id='line_1_6' title="bbox 195 824 2557 926; baseline 0.001 -23"><span class='ocrx_word' id='word_1_26' title='bbox 195 836 429 921; x_wconf 83' lang='grc' dir='ltr'><em>κτικά,</em></span> <span class='ocrx_word' id='word_1_27' title='bbox 482 836 631 922; x_wconf 79' lang='grc' dir='ltr'><strong><em>περὶ</em></strong></span> <span class='ocrx_word' id='word_1_28' title='bbox 691 837 1280 924; x_wconf 75' lang='grc' dir='ltr'><em>στρατηγημάτων,</em></span> <span class='ocrx_word' id='word_1_29' title='bbox 1332 824 1777 924; x_wconf 80' lang='grc' dir='ltr'><em>ὑπομνήματα</em></span> <span class='ocrx_word' id='word_1_30' title='bbox 1828 842 1920 919; x_wconf 79' lang='grc' dir='ltr'><strong><em>εἰς</em></strong></span> <span class='ocrx_word' id='word_1_31' title='bbox 1965 836 2091 926; x_wconf 80' lang='grc' dir='ltr'><strong><em>τὴν</em></strong></span> <span class='ocrx_word' id='word_1_32' title='bbox 2141 837 2507 918; x_wconf 85' lang='grc' dir='ltr'><strong><em>Πλάτωνος</em></strong></span> <span class='ocrx_word' id='word_1_33' title='bbox 2534 857 2557 899; x_wconf 76' lang='lat'><strong>⁶</strong></span> 
     </span>
     <span class='ocr_line' id='line_1_7' title="bbox 201 948 690 1011; baseline 0.002 -1"><span class='ocrx_word' id='word_1_34' title='bbox 201 948 556 1011; x_wconf 85' lang='grc' dir='ltr'><em>πολιτείαν</em></span> <span class='ocrx_word' id='word_1_35' title='bbox 586 997 599 1009; x_wconf 95' lang='grc'><strong>.</strong></span> <span class='ocrx_word' id='word_1_36' title='bbox 631 996 644 1011; x_wconf 94' lang='grc'><strong>.</strong></span> <span class='ocrx_word' id='word_1_37' title='bbox 676 994 690 1011; x_wconf 92' lang='grc'><strong>.</strong></span> 
     </span>
    </p>

    <p class='ocr_par' dir='ltr' id='par_1_5' title="bbox 198 1046 2589 1778">
     <span class='ocr_line' id='line_1_8' title="bbox 391 1046 2508 1141; baseline 0.002 -25"><span class='ocrx_word' id='word_1_38' title='bbox 391 1051 877 1119; x_wconf 88' lang='lat' dir='ltr'>DLXXXVIII.</span> <span class='ocrx_word' id='word_1_39' title='bbox 927 1046 1348 1119; x_wconf 87' lang='grc' dir='ltr'><strong><em>Ὀππιανὸ</em></strong></span> <span class='ocrx_word' id='word_1_40' title='bbox 1369 1078 1402 1131; x_wconf 95' lang='grc' dir='ltr'><strong><em>ς</em></strong></span> <span class='ocrx_word' id='word_1_41' title='bbox 1441 1052 1637 1133; x_wconf 80' lang='grc' dir='ltr'><strong><em>Κίλιξ</em></strong></span> <span class='ocrx_word' id='word_1_42' title='bbox 1673 1050 1803 1121; x_wconf 85' lang='grc' dir='ltr'><strong><em>άπὸ</em></strong></span> <span class='ocrx_word' id='word_1_43' title='bbox 1853 1052 2189 1141; x_wconf 78' lang='grc' dir='ltr'><strong><em>Κωρύκου</em></strong></span> <span class='ocrx_word' id='word_1_44' title='bbox 2233 1051 2508 1139; x_wconf 85' lang='grc' dir='ltr'><strong><em>πόλεως,</em></strong></span> 
     </span>
     <span class='ocr_line' id='line_1_9' title="bbox 198 1155 2510 1247; baseline 0.001 -24"><span class='ocrx_word' id='word_1_45' title='bbox 198 1155 664 1243; x_wconf 79' lang='grc' dir='ltr'><em>γραμματικὸς</em></span> <span class='ocrx_word' id='word_1_46' title='bbox 716 1156 827 1223; x_wconf 84' lang='grc' dir='ltr'><strong><em>καὶ</em></strong></span> <span class='ocrx_word' id='word_1_47' title='bbox 885 1155 1226 1242; x_wconf 75' lang='grc' dir='ltr'><strong><em>ἐποποιός,</em></strong></span> <span class='ocrx_word' id='word_1_48' title='bbox 1281 1156 1575 1244; x_wconf 75' lang='grc' dir='ltr'><strong><em>γεγονὼς</em></strong></span> <span class='ocrx_word' id='word_1_49' title='bbox 1621 1159 1727 1226; x_wconf 78' lang='grc' dir='ltr'><strong><em>ἐπὶ</em></strong></span> <span class='ocrx_word' id='word_1_50' title='bbox 1775 1158 2067 1247; x_wconf 78' lang='grc' dir='ltr'><strong><em>Μάρκου</em></strong></span> <span class='ocrx_word' id='word_1_51' title='bbox 2104 1157 2510 1227; x_wconf 85' lang='grc' dir='ltr'><em>Ἀντωνίνου</em></span> 
     </span>
     <span class='ocr_line' id='line_1_10' title="bbox 199 1260 2509 1353; baseline 0.001 -23"><span class='ocrx_word' id='word_1_52' title='bbox 199 1264 552 1349; x_wconf 83' lang='grc' dir='ltr'><strong><em>βασιλέως.</em></strong></span> <span class='ocrx_word' id='word_1_53' title='bbox 628 1260 968 1331; x_wconf 77' lang='grc' dir='ltr'><em>ἁλιευτικὰ</em></span> <span class='ocrx_word' id='word_1_54' title='bbox 1004 1266 1079 1333; x_wconf 77' lang='grc' dir='ltr'><strong><em>ἐν</em></strong></span> <span class='ocrx_word' id='word_1_55' title='bbox 1114 1268 1400 1349; x_wconf 82' lang='grc' dir='ltr'><strong><em>βιβλίοις</em></strong></span> <span class='ocrx_word' id='word_1_56' title='bbox 1439 1263 1519 1351; x_wconf 83' lang='grc' dir='ltr'><strong><em>ε’,</em></strong></span> <span class='ocrx_word' id='word_1_57' title='bbox 1556 1264 1953 1353; x_wconf 79' lang='grc' dir='ltr'><em>κυνηγετικὰ</em></span> <span class='ocrx_word' id='word_1_58' title='bbox 1992 1267 2065 1334; x_wconf 77' lang='grc' dir='ltr'><strong><em>ἐν</em></strong></span> <span class='ocrx_word' id='word_1_59' title='bbox 2102 1270 2389 1353; x_wconf 76' lang='grc' dir='ltr'><strong><em>βιβλίοις</em></strong></span> <span class='ocrx_word' id='word_1_60' title='bbox 2426 1264 2509 1350; x_wconf 80' lang='grc' dir='ltr'><strong><em>δ’,</em></strong></span> 
     </span>
     <span class='ocr_line' id='line_1_11' title="bbox 201 1368 2589 1461; baseline 0.002 -25"><span class='ocrx_word' id='word_1_61' title='bbox 201 1370 501 1452; x_wconf 78' lang='grc' dir='ltr'><strong><em>ίξευτικά</em></strong></span> <span class='ocrx_word' id='word_1_62' title='bbox 552 1374 781 1456; x_wconf 84' lang='grc' dir='ltr'><strong><em>βιβλία</em></strong></span> <span class='ocrx_word' id='word_1_63' title='bbox 826 1368 914 1456; x_wconf 86' lang='grc' dir='ltr'><strong><em>β’.</em></strong></span> <span class='ocrx_word' id='word_1_64' title='bbox 995 1368 1608 1457; x_wconf 78' lang='grc' dir='ltr'><em>[ἀναγνωσθέντων</em></span> <span class='ocrx_word' id='word_1_65' title='bbox 1654 1373 1730 1441; x_wconf 73' lang='grc' dir='ltr'><strong><em>δὲ</em></strong></span> <span class='ocrx_word' id='word_1_66' title='bbox 1776 1378 1913 1442; x_wconf 75' lang='grc' dir='ltr'><strong><em>τῶν</em></strong></span> <span class='ocrx_word' id='word_1_67' title='bbox 1956 1372 2347 1461; x_wconf 79' lang='grc' dir='ltr'><strong><em>ποιημάτων</em></strong></span> <span class='ocrx_word' id='word_1_68' title='bbox 2392 1370 2508 1441; x_wconf 74' lang='grc' dir='ltr'><strong><em>αὐ·</em></strong></span> <span class='ocrx_word' id='word_1_69' title='bbox 2538 1392 2589 1433; x_wconf 88' lang='lat'><strong><em>1⁰</em></strong></span> 
     </span>
     <span class='ocr_line' id='line_1_12' title="bbox 206 1475 2509 1573; baseline 0.001 -29"><span class='ocrx_word' id='word_1_70' title='bbox 206 1481 340 1545; x_wconf 84' lang='grc' dir='ltr'><strong><em>τοῦ</em></strong></span> <span class='ocrx_word' id='word_1_71' title='bbox 383 1477 490 1545; x_wconf 81' lang='grc' dir='ltr'><strong><em>ἐπὶ</em></strong></span> <span class='ocrx_word' id='word_1_72' title='bbox 535 1482 656 1545; x_wconf 85' lang='grc' dir='ltr'><strong><em>τοῦ</em></strong></span> <span class='ocrx_word' id='word_1_73' title='bbox 704 1475 1222 1565; x_wconf 77' lang='grc' dir='ltr'><strong><em>αὐτοκράτορος,</em></strong></span> <span class='ocrx_word' id='word_1_74' title='bbox 1261 1478 1645 1567; x_wconf 78' lang='grc' dir='ltr'><em>ἐδωρήσατο</em></span> <span class='ocrx_word' id='word_1_75' title='bbox 1701 1478 1881 1573; x_wconf 75' lang='grc' dir='ltr'><em>αὐτῷ</em></span> <span class='ocrx_word' id='word_1_76' title='bbox 1920 1478 2085 1567; x_wconf 86' lang='grc' dir='ltr'><strong><em>πρὸς</em></strong></span> <span class='ocrx_word' id='word_1_77' title='bbox 2125 1482 2242 1548; x_wconf 78' lang='grc' dir='ltr'><strong><em>ἕνα</em></strong></span> <span class='ocrx_word' id='word_1_78' title='bbox 2279 1485 2509 1568; x_wconf 83' lang='grc' dir='ltr'><em>στίχον</em></span> 
     </span>
     <span class='ocr_line' id='line_1_13' title="bbox 201 1582 2510 1674; baseline 0.002 -24"><span class='ocrx_word' id='word_1_79' title='bbox 201 1585 288 1651; x_wconf 77' lang='grc' dir='ltr'><strong><em>ἐν</em></strong></span> <span class='ocrx_word' id='word_1_80' title='bbox 329 1584 542 1674; x_wconf 74' lang='grc' dir='ltr'><em>μέτρῳ</em></span> <span class='ocrx_word' id='word_1_81' title='bbox 581 1586 873 1673; x_wconf 82' lang='grc' dir='ltr'><em>στατῆρα</em></span> <span class='ocrx_word' id='word_1_82' title='bbox 909 1588 1240 1672; x_wconf 79' lang='grc' dir='ltr'><strong><em>χρυσοῦν,</em></strong></span> <span class='ocrx_word' id='word_1_83' title='bbox 1283 1582 1500 1671; x_wconf 78' lang='grc' dir='ltr'><em>ἤγουν</em></span> <span class='ocrx_word' id='word_1_84' title='bbox 1540 1583 1852 1672; x_wconf 87' lang='grc' dir='ltr'><em>νόμισμα,</em></span> <span class='ocrx_word' id='word_1_85' title='bbox 1900 1582 1991 1665; x_wconf 78' lang='grc' dir='ltr'><strong><em>ὥς</em></strong></span> <span class='ocrx_word' id='word_1_86' title='bbox 2031 1592 2263 1672; x_wconf 80' lang='grc' dir='ltr'><strong><em>λαβεῖν</em></strong></span> <span class='ocrx_word' id='word_1_87' title='bbox 2300 1583 2510 1655; x_wconf 84' lang='grc' dir='ltr'><em>αὐτὸν</em></span> 
     </span>
     <span class='ocr_line' id='line_1_14' title="bbox 211 1689 1555 1778; baseline 0.001 -20"><span class='ocrx_word' id='word_1_88' title='bbox 211 1690 332 1758; x_wconf 82' lang='grc' dir='ltr'><strong><em>ἐπὶ</em></strong></span> <span class='ocrx_word' id='word_1_89' title='bbox 374 1694 537 1759; x_wconf 77' lang='grc' dir='ltr'><strong><em>πᾶσι</em></strong></span> <span class='ocrx_word' id='word_1_90' title='bbox 583 1689 1016 1778; x_wconf 77' lang='grc' dir='ltr'><em>νομισμάτων</em></span> <span class='ocrx_word' id='word_1_91' title='bbox 1061 1690 1392 1778; x_wconf 75' lang='grc' dir='ltr'><strong><em>μυριάδας</em></strong></span> <span class='ocrx_word' id='word_1_92' title='bbox 1438 1690 1555 1778; x_wconf 92' lang='grc' dir='ltr'><strong><em>β’.]</em></strong></span> 
     </span>
    </p>

    <p class='ocr_par' dir='ltr' id='par_1_6' title="bbox 207 1795 2592 2421">
     <span class='ocr_line' id='line_1_15' title="bbox 396 1795 2512 1888; baseline 0.002 -24"><span class='ocrx_word' id='word_1_93' title='bbox 396 1799 811 1865; x_wconf 86' lang='lat' dir='ltr'><strong><em>DLXXXIX.</em></strong></span> <span class='ocrx_word' id='word_1_94' title='bbox 904 1795 1391 1886; x_wconf 84' lang='grc' dir='ltr'><strong><em>Ὀρειβάσιος</em></strong></span> <span class='ocrx_word' id='word_1_95' title='bbox 1462 1798 1883 1888; x_wconf 74' lang='grc' dir='ltr'><strong><em>Σαρδιανός,</em></strong></span> <span class='ocrx_word' id='word_1_96' title='bbox 1955 1798 2293 1888; x_wconf 75' lang='grc' dir='ltr'><strong><em>γνώριμος</em></strong></span> <span class='ocrx_word' id='word_1_97' title='bbox 2350 1796 2512 1868; x_wconf 88' lang='grc' dir='ltr'><strong><em>Ἰου-</em></strong></span> 
     </span>
     <span class='ocr_line' id='line_1_16' title="bbox 207 1901 2592 1992; baseline 0.001 -20"><span class='ocrx_word' id='word_1_98' title='bbox 207 1908 460 1973; x_wconf 85' lang='grc' dir='ltr'><strong><em>λιανοῦ</em></strong></span> <span class='ocrx_word' id='word_1_99' title='bbox 522 1908 644 1973; x_wconf 86' lang='grc' dir='ltr'><strong><em>τοῦ</em></strong></span> <span class='ocrx_word' id='word_1_100' title='bbox 695 1901 1040 1991; x_wconf 87' lang='grc' dir='ltr'><em>Ῥωμαίων</em></span> <span class='ocrx_word' id='word_1_101' title='bbox 1106 1904 1461 1991; x_wconf 80' lang='grc' dir='ltr'><strong><em>βασιλέως,</em></strong></span> <span class='ocrx_word' id='word_1_102' title='bbox 1532 1906 1643 1973; x_wconf 81' lang='grc' dir='ltr'><strong><em>καὶ</em></strong></span> <span class='ocrx_word' id='word_1_103' title='bbox 1702 1913 2060 1992; x_wconf 84' lang='grc' dir='ltr'><strong><em>κοιαίστωρ</em></strong></span> <span class='ocrx_word' id='word_1_104' title='bbox 2120 1904 2234 1974; x_wconf 84' lang='grc' dir='ltr'><strong><em>ὑπ’</em></strong></span> <span class='ocrx_word' id='word_1_105' title='bbox 2301 1905 2511 1974; x_wconf 81' lang='grc' dir='ltr'><em>αὐτοῦ</em></span> <span class='ocrx_word' id='word_1_106' title='bbox 2542 1928 2592 1967; x_wconf 76' lang='lat'><strong><em>1⁵</em></strong></span> 
     </span>
     <span class='ocr_line' id='line_1_17' title="bbox 207 2010 2515 2102; baseline 0 -22"><span class='ocrx_word' id='word_1_107' title='bbox 207 2012 661 2092; x_wconf 76' lang='grc' dir='ltr'><em>κατασταθεὶς</em></span> <span class='ocrx_word' id='word_1_108' title='bbox 706 2017 1234 2081; x_wconf 84' lang='grc' dir='ltr'><em>Κωνσταντίνου</em></span> <span class='ocrx_word' id='word_1_109' title='bbox 1277 2010 1550 2092; x_wconf 85' lang='grc' dir='ltr'><strong><em>πόλεως.</em></strong></span> <span class='ocrx_word' id='word_1_110' title='bbox 1648 2018 1893 2101; x_wconf 80' lang='grc' dir='ltr'><em>ἔγραψε</em></span> <span class='ocrx_word' id='word_1_111' title='bbox 1937 2012 2104 2102; x_wconf 88' lang='grc' dir='ltr'><strong><em>πρὸς</em></strong></span> <span class='ocrx_word' id='word_1_112' title='bbox 2150 2012 2309 2093; x_wconf 84' lang='grc' dir='ltr'><em>τοὺς</em></span> <span class='ocrx_word' id='word_1_113' title='bbox 2352 2011 2515 2082; x_wconf 78' lang='grc' dir='ltr'><strong><em>ἄπο-</em></strong></span> 
     </span>
     <span class='ocr_line' id='line_1_18' title="bbox 209 2116 2515 2213; baseline 0 -26"><span class='ocrx_word' id='word_1_114' title='bbox 209 2124 508 2213; x_wconf 76' lang='grc' dir='ltr'><em>ροῦντας</em></span> <span class='ocrx_word' id='word_1_115' title='bbox 553 2122 690 2187; x_wconf 76' lang='grc' dir='ltr'><strong><em>τῶν</em></strong></span> <span class='ocrx_word' id='word_1_116' title='bbox 737 2121 988 2207; x_wconf 77' lang='grc' dir='ltr'><em>ἰατρῶν</em></span> <span class='ocrx_word' id='word_1_117' title='bbox 1032 2123 1259 2204; x_wconf 78' lang='grc' dir='ltr'><strong><em>βιβλία</em></strong></span> <span class='ocrx_word' id='word_1_118' title='bbox 1306 2116 1396 2205; x_wconf 79' lang='grc' dir='ltr'><strong><em>δ’,</em></strong></span> <span class='ocrx_word' id='word_1_119' title='bbox 1442 2117 1610 2205; x_wconf 88' lang='grc' dir='ltr'><strong><em>πρὸς</em></strong></span> <span class='ocrx_word' id='word_1_120' title='bbox 1650 2116 2030 2188; x_wconf 87' lang='grc' dir='ltr'><strong><em>Ἰουλιανὸν</em></strong></span> <span class='ocrx_word' id='word_1_121' title='bbox 2072 2119 2194 2189; x_wconf 88' lang='grc' dir='ltr'><strong><em>τὸν</em></strong></span> <span class='ocrx_word' id='word_1_122' title='bbox 2235 2123 2515 2207; x_wconf 82' lang='grc' dir='ltr'><strong><em>βασιλέα</em></strong></span> 
     </span>
     <span class='ocr_line' id='line_1_19' title="bbox 207 2220 2513 2313; baseline 0.001 -20"><span class='ocrx_word' id='word_1_123' title='bbox 207 2230 443 2312; x_wconf 87' lang='grc' dir='ltr'><strong><em>βιβλία</em></strong></span> <span class='ocrx_word' id='word_1_124' title='bbox 487 2226 616 2312; x_wconf 86' lang='grc' dir='ltr'><strong><em>οβ’,</em></strong></span> <span class='ocrx_word' id='word_1_125' title='bbox 673 2221 993 2312; x_wconf 80' lang='grc' dir='ltr'><em>ἐπιτομὴν</em></span> <span class='ocrx_word' id='word_1_126' title='bbox 1039 2220 1265 2293; x_wconf 77' lang='grc' dir='ltr'><em>αὐτῶν</em></span> <span class='ocrx_word' id='word_1_127' title='bbox 1311 2226 1386 2294; x_wconf 76' lang='grc' dir='ltr'><strong><em>ἐν</em></strong></span> <span class='ocrx_word' id='word_1_128' title='bbox 1430 2230 1719 2311; x_wconf 86' lang='grc' dir='ltr'><strong><em>βιβλίοις</em></strong></span> <span class='ocrx_word' id='word_1_129' title='bbox 1762 2224 1861 2308; x_wconf 77' lang='grc' dir='ltr'><strong><em>θ’,</em></strong></span> <span class='ocrx_word' id='word_1_130' title='bbox 1908 2224 2074 2313; x_wconf 89' lang='grc' dir='ltr'><strong><em>πρὸς</em></strong></span> <span class='ocrx_word' id='word_1_131' title='bbox 2119 2223 2513 2295; x_wconf 79' lang='grc' dir='ltr'><em>Εὐστάθιον</em></span> 
     </span>
     <span class='ocr_line' id='line_1_20' title="bbox 210 2330 1948 2421; baseline 0 -21"><span class='ocrx_word' id='word_1_132' title='bbox 210 2331 346 2401; x_wconf 90' lang='grc' dir='ltr'><strong><em>τὸν</em></strong></span> <span class='ocrx_word' id='word_1_133' title='bbox 393 2330 551 2401; x_wconf 78' lang='grc' dir='ltr'><strong><em>υἱὸν</em></strong></span> <span class='ocrx_word' id='word_1_134' title='bbox 593 2333 703 2401; x_wconf 79' lang='grc' dir='ltr'><strong><em>καὶ</em></strong></span> <span class='ocrx_word' id='word_1_135' title='bbox 749 2333 900 2421; x_wconf 78' lang='grc' dir='ltr'><strong><em>περὶ</em></strong></span> <span class='ocrx_word' id='word_1_136' title='bbox 947 2336 1287 2419; x_wconf 86' lang='grc' dir='ltr'><strong><em>βασιλείας</em></strong></span> <span class='ocrx_word' id='word_1_137' title='bbox 1329 2331 1439 2400; x_wconf 79' lang='grc' dir='ltr'><strong><em>καὶ</em></strong></span> <span class='ocrx_word' id='word_1_138' title='bbox 1487 2333 1638 2419; x_wconf 84' lang='grc' dir='ltr'><strong><em>περὶ</em></strong></span> <span class='ocrx_word' id='word_1_139' title='bbox 1683 2336 1948 2401; x_wconf 78' lang='grc' dir='ltr'><strong><em>παθῶν.</em></strong></span> 
     </span>
    </p>

    <p class='ocr_par' dir='ltr' id='par_1_7' title="bbox 211 2437 2595 2741">
     <span class='ocr_line' id='line_1_21' title="bbox 396 2437 2595 2530; baseline 0.001 -23"><span class='ocrx_word' id='word_1_140' title='bbox 396 2442 590 2509; x_wconf 84' lang='lat' dir='ltr'><strong>DXO.</strong></span> <span class='ocrx_word' id='word_1_141' title='bbox 667 2438 862 2528; x_wconf 84' lang='grc' dir='ltr'><strong><em>Ὀρφ</em></strong></span> <span class='ocrx_word' id='word_1_142' title='bbox 887 2437 1035 2520; x_wconf 82' lang='grc' dir='ltr'><strong><em>εὐς</em></strong></span> <span class='ocrx_word' id='word_1_143' title='bbox 1094 2437 1502 2525; x_wconf 80' lang='grc' dir='ltr'><strong><em>Λειβήθρων</em></strong></span> <span class='ocrx_word' id='word_1_144' title='bbox 1556 2441 1695 2507; x_wconf 75' lang='grc' dir='ltr'><strong><em>τῶν</em></strong></span> <span class='ocrx_word' id='word_1_145' title='bbox 1754 2441 1827 2507; x_wconf 80' lang='grc' dir='ltr'><strong><em>ἐν</em></strong></span> <span class='ocrx_word' id='word_1_146' title='bbox 1879 2439 2107 2530; x_wconf 76' lang='grc' dir='ltr'><em>Θρᾴκῃ</em></span> <span class='ocrx_word' id='word_1_147' title='bbox 2164 2438 2393 2529; x_wconf 60' lang='grc' dir='ltr'><strong><em>(πόλις.</em></strong></span> <span class='ocrx_word' id='word_1_148' title='bbox 2441 2442 2521 2509; x_wconf 78' lang='grc' dir='ltr'><strong><em>δέ</em></strong></span> <span class='ocrx_word' id='word_1_149' title='bbox 2542 2460 2595 2500; x_wconf 71' lang='lat'><strong><em>8⁰</em></strong></span> 
     </span>
     <span class='ocr_line' id='line_1_22' title="bbox 211 2543 2516 2636; baseline -0 -20"><span class='ocrx_word' id='word_1_150' title='bbox 211 2551 401 2617; x_wconf 84' lang='grc' dir='ltr'><em>ἐστιν</em></span> <span class='ocrx_word' id='word_1_151' title='bbox 453 2543 585 2615; x_wconf 81' lang='grc' dir='ltr'><strong><em>ὑπὸ</em></strong></span> <span class='ocrx_word' id='word_1_152' title='bbox 641 2549 722 2635; x_wconf 79' lang='grc' dir='ltr'><strong><em>τῇ</em></strong></span> <span class='ocrx_word' id='word_1_153' title='bbox 775 2549 1080 2636; x_wconf 73' lang='grc' dir='ltr'><strong><em>Πιερίᾳ),</em></strong></span> <span class='ocrx_word' id='word_1_154' title='bbox 1141 2544 1288 2625; x_wconf 79' lang='grc' dir='ltr'><strong><em>υίὸς</em></strong></span> <span class='ocrx_word' id='word_1_155' title='bbox 1345 2543 1645 2630; x_wconf 79' lang='grc' dir='ltr'><strong><em>Οἰάγρου</em></strong></span> <span class='ocrx_word' id='word_1_156' title='bbox 1698 2549 1809 2614; x_wconf 84' lang='grc' dir='ltr'><strong><em>καὶ</em></strong></span> <span class='ocrx_word' id='word_1_157' title='bbox 1866 2545 2278 2633; x_wconf 82' lang='grc' dir='ltr'><strong><em>Καλλιόπης·</em></strong></span> <span class='ocrx_word' id='word_1_158' title='bbox 2344 2544 2381 2615; x_wconf 84' lang='grc' dir='ltr'>ὁ</span> <span class='ocrx_word' id='word_1_159' title='bbox 2442 2546 2516 2615; x_wconf 73' lang='grc' dir='ltr'><strong><em>δὲ</em></strong></span> 
     </span>
     <span class='ocr_line' id='line_1_23' title="bbox 213 2644 2516 2741; baseline -0 -18"><span class='ocrx_word' id='word_1_160' title='bbox 213 2663 512 2741; x_wconf 74' lang='grc' dir='ltr'><strong><em>Οἴαγρος</em></strong></span> <span class='ocrx_word' id='word_1_161' title='bbox 573 2655 862 2739; x_wconf 83' lang='grc' dir='ltr'><strong><em>πέμπτος</em></strong></span> <span class='ocrx_word' id='word_1_162' title='bbox 923 2644 1011 2739; x_wconf 79' lang='grc' dir='ltr'><strong><em>ἦν</em></strong></span> <span class='ocrx_word' id='word_1_163' title='bbox 1080 2648 1209 2720; x_wconf 82' lang='grc' dir='ltr'><strong><em>ἀπὸ</em></strong></span> <span class='ocrx_word' id='word_1_164' title='bbox 1256 2648 1648 2738; x_wconf 75' lang='grc' dir='ltr'><em>”Λτλαντος,</em></span> <span class='ocrx_word' id='word_1_165' title='bbox 1710 2651 1874 2721; x_wconf 80' lang='grc' dir='ltr'><em>κατὰ</em></span> <span class='ocrx_word' id='word_1_166' title='bbox 1925 2651 2293 2741; x_wconf 79' lang='grc' dir='ltr'><strong><em>Ἀλκυόνην</em></strong></span> <span class='ocrx_word' id='word_1_167' title='bbox 2354 2660 2516 2741; x_wconf 84' lang='grc' dir='ltr'><strong><em>μίαν</em></strong></span> 
     </span>
    </p>
   </div>
   <div class='ocr_carea' id='block_1_3' title="bbox 207 2766 644 2775">
    <p class='ocr_par' dir='ltr' id='par_1_8' title="bbox 207 2766 644 2775">
     <span class='ocr_line' id='line_1_24' title="bbox 207 2766 644 2775; baseline 0 2117"><span class='ocrx_word' id='word_1_168' title='bbox 207 2766 644 2775; x_wconf 95' lang='lat' dir='ltr'><strong><em> </em></strong></span> 
     </span>
    </p>
   </div>
   <div class='ocr_carea' id='block_1_4' title="bbox 209 2812 2518 4493">
    <p class='ocr_par' dir='ltr' id='par_1_9' title="bbox 361 2812 1675 2871">
     <span class='ocr_line' id='line_1_25' title="bbox 361 2812 1675 2871; baseline -0.001 -1"><span class='ocrx_word' id='word_1_169' title='bbox 361 2814 694 2870; x_wconf 88' lang='lat' dir='ltr'>DLXXXVI</span> <span class='ocrx_word' id='word_1_170' title='bbox 730 2816 803 2871; x_wconf 80' lang='lat' dir='ltr'><strong><em>ad</em></strong></span> <span class='ocrx_word' id='word_1_171' title='bbox 838 2814 1165 2870; x_wconf 71' lang='lat' dir='ltr'>historicum</span> <span class='ocrx_word' id='word_1_172' title='bbox 1202 2812 1427 2867; x_wconf 74' lang='lat' dir='ltr'>rettulit</span> <span class='ocrx_word' id='word_1_173' title='bbox 1464 2812 1675 2869; x_wconf 78' lang='lat' dir='ltr'>Muller</span> 
     </span>
    </p>

    <p class='ocr_par' dir='ltr' id='par_1_10' title="bbox 209 2890 2517 3127">
     <span class='ocr_line' id='line_1_26' title="bbox 359 2890 2517 2964; baseline 0 -16"><span class='ocrx_word' id='word_1_174' title='bbox 359 2895 720 2951; x_wconf 90' lang='lat' dir='ltr'>DLXXXVII</span> <span class='ocrx_word' id='word_1_175' title='bbox 754 2894 933 2949; x_wconf 88' lang='lat' dir='ltr'>Huius</span> <span class='ocrx_word' id='word_1_176' title='bbox 972 2893 1214 2949; x_wconf 72' lang='lat' dir='ltr'>auctoris</span> <span class='ocrx_word' id='word_1_177' title='bbox 1244 2893 1450 2947; x_wconf 89' lang='lat' dir='ltr'>librum</span> <span class='ocrx_word' id='word_1_178' title='bbox 1478 2890 1865 2964; x_wconf 75' lang='grc' dir='ltr'><em>Στρατηγικός</em></span> <span class='ocrx_word' id='word_1_179' title='bbox 1899 2894 2067 2950; x_wconf 88' lang='lat' dir='ltr'>hodie</span> <span class='ocrx_word' id='word_1_180' title='bbox 2105 2893 2289 2949; x_wconf 80' lang='lat' dir='ltr'>adhue</span> <span class='ocrx_word' id='word_1_181' title='bbox 2326 2896 2517 2951; x_wconf 70' lang='lat' dir='ltr'>extare</span> 
     </span>
     <span class='ocr_line' id='line_1_27' title="bbox 209 2969 2515 3043; baseline -0 -14"><span class='ocrx_word' id='word_1_182' title='bbox 209 2975 438 3030; x_wconf 71' lang='lat' dir='ltr'>monuit</span> <span class='ocrx_word' id='word_1_183' title='bbox 472 2976 747 3031; x_wconf 62' lang='lat' dir='ltr'><strong><em>Rus-tems</em></strong></span> <span class='ocrx_word' id='word_1_184' title='bbox 890 2980 925 3029; x_wconf 81' lang='lat'>4</span> <span class='ocrx_word' id='word_1_185' title='bbox 960 2970 1065 3043; x_wconf 84' lang='grc' dir='ltr'><strong><em>τὴν</em></strong></span> <span class='ocrx_word' id='word_1_186' title='bbox 1103 2969 1406 3036; x_wconf 81' lang='grc' dir='ltr'><strong><em>Πλάτωνος</em></strong></span> <span class='ocrx_word' id='word_1_187' title='bbox 1441 2978 1731 3029; x_wconf 77' lang='grc' dir='ltr'><strong><em>πολιτείαν</em></strong></span> <span class='ocrx_word' id='word_1_188' title='bbox 1768 2976 2217 3030; x_wconf 66' lang='lat' dir='ltr'><strong><em>commestam</em></strong></span> <span class='ocrx_word' id='word_1_189' title='bbox 2342 2979 2376 3028; x_wconf 88' lang='grc'><strong>5</strong></span> <span class='ocrx_word' id='word_1_190' title='bbox 2415 2972 2515 3038; x_wconf 80' lang='grc' dir='ltr'><em>τὰς</em></span> 
     </span>
     <span class='ocr_line' id='line_1_28' title="bbox 216 3048 1402 3127; baseline -0.003 -17"><span class='ocrx_word' id='word_1_191' title='bbox 216 3087 294 3097; x_wconf 93' lang='lat'><strong><em>—-</em></strong></span> <span class='ocrx_word' id='word_1_192' title='bbox 330 3059 616 3118; x_wconf 81' lang='grc' dir='ltr'><strong><em>πολιτείας</em></strong></span> <span class='ocrx_word' id='word_1_193' title='bbox 651 3058 823 3127; x_wconf 71' lang='lat' dir='ltr'><strong><em>vu19.;</em></strong></span> <span class='ocrx_word' id='word_1_194' title='bbox 865 3056 932 3112; x_wconf 81' lang='lat' dir='ltr'><strong>of.</strong></span> <span class='ocrx_word' id='word_1_195' title='bbox 971 3074 1022 3109; x_wconf 85' lang='lat' dir='ltr'><strong>v.</strong></span> <span class='ocrx_word' id='word_1_196' title='bbox 1061 3048 1402 3123; x_wconf 79' lang='grc' dir='ltr'><strong><em>Μάναιχμος</em></strong></span> 
     </span>
    </p>

    <p class='ocr_par' dir='ltr' id='par_1_11' title="bbox 209 3132 2517 3607">
     <span class='ocr_line' id='line_1_29' title="bbox 365 3132 2516 3207; baseline 0.002 -19"><span class='ocrx_word' id='word_1_197' title='bbox 365 3134 751 3190; x_wconf 88' lang='lat' dir='ltr'>DLXXXVIII</span> <span class='ocrx_word' id='word_1_198' title='bbox 802 3135 885 3190; x_wconf 82' lang='lat' dir='ltr'><strong>cf.</strong></span> <span class='ocrx_word' id='word_1_199' title='bbox 923 3132 1183 3201; x_wconf 86' lang='lat' dir='ltr'>Ausfeld,</span> <span class='ocrx_word' id='word_1_200' title='bbox 1221 3133 1291 3189; x_wconf 83' lang='lat' dir='ltr'>de</span> <span class='ocrx_word' id='word_1_201' title='bbox 1329 3132 1469 3204; x_wconf 91' lang='lat' dir='ltr'><strong>Opp.</strong></span> <span class='ocrx_word' id='word_1_202' title='bbox 1509 3153 1564 3204; x_wconf 88' lang='lat' dir='ltr'><strong><em>p.</em></strong></span> <span class='ocrx_word' id='word_1_203' title='bbox 1595 3140 1625 3189; x_wconf 89' lang='grc'><strong>7</strong></span> <span class='ocrx_word' id='word_1_204' title='bbox 1664 3133 1853 3204; x_wconf 81' lang='lat' dir='ltr'><strong>(Goth.</strong></span> <span class='ocrx_word' id='word_1_205' title='bbox 1887 3136 2061 3205; x_wconf 89' lang='grc'><strong>1876).</strong></span> <span class='ocrx_word' id='word_1_206' title='bbox 2113 3137 2267 3191; x_wconf 87' lang='lat' dir='ltr'>Duos</span> <span class='ocrx_word' id='word_1_207' title='bbox 2303 3136 2516 3207; x_wconf 70' lang='lat' dir='ltr'><strong>poetae,</strong></span> 
     </span>
     <span class='ocr_line' id='line_1_30' title="bbox 213 3212 2514 3286; baseline -0 -14"><span class='ocrx_word' id='word_1_208' title='bbox 213 3215 480 3285; x_wconf 80' lang='lat' dir='ltr'>Cilicem,</span> <span class='ocrx_word' id='word_1_209' title='bbox 517 3216 616 3285; x_wconf 91' lang='lat' dir='ltr'><strong><em>qui</em></strong></span> <span class='ocrx_word' id='word_1_210' title='bbox 650 3216 920 3286; x_wconf 72' lang='lat' dir='ltr'>regnante</span> <span class='ocrx_word' id='word_1_211' title='bbox 949 3214 1139 3269; x_wconf 77' lang='lat' dir='ltr'>Marco</span> <span class='ocrx_word' id='word_1_212' title='bbox 1168 3212 1398 3268; x_wconf 86' lang='lat' dir='ltr'>Aurelio</span> <span class='ocrx_word' id='word_1_213' title='bbox 1437 3213 1596 3281; x_wconf 74' lang='lat' dir='ltr'><strong>vixit,</strong></span> <span class='ocrx_word' id='word_1_214' title='bbox 1634 3214 1872 3285; x_wconf 79' lang='lat' dir='ltr'>Syrium,</span> <span class='ocrx_word' id='word_1_215' title='bbox 1910 3218 2181 3286; x_wconf 78' lang='lat' dir='ltr'>regnante</span> <span class='ocrx_word' id='word_1_216' title='bbox 2210 3215 2514 3286; x_wconf 78' lang='lat' dir='ltr'>Caracalla,</span> 
     </span>
     <span class='ocr_line' id='line_1_31' title="bbox 209 3293 2515 3366; baseline 0 -15"><span class='ocrx_word' id='word_1_217' title='bbox 209 3295 312 3351; x_wconf 85' lang='lat' dir='ltr'>hie</span> <span class='ocrx_word' id='word_1_218' title='bbox 359 3296 617 3352; x_wconf 82' lang='lat' dir='ltr'>confusos</span> <span class='ocrx_word' id='word_1_219' title='bbox 663 3312 783 3351; x_wconf 87' lang='lat' dir='ltr'>esse</span> <span class='ocrx_word' id='word_1_220' title='bbox 829 3294 1022 3350; x_wconf 72' lang='lat' dir='ltr'>docuit</span> <span class='ocrx_word' id='word_1_221' title='bbox 1057 3294 1280 3363; x_wconf 86' lang='lat' dir='ltr'>Rohde,</span> <span class='ocrx_word' id='word_1_222' title='bbox 1317 3293 1458 3348; x_wconf 82' lang='lat' dir='ltr'><strong><em>Mus.</em></strong></span> <span class='ocrx_word' id='word_1_223' title='bbox 1497 3294 1676 3350; x_wconf 86' lang='lat' dir='ltr'>Rhen.</span> <span class='ocrx_word' id='word_1_224' title='bbox 1713 3295 1949 3351; x_wconf 87' lang='lat' dir='ltr'>XXXIII</span> <span class='ocrx_word' id='word_1_225' title='bbox 1996 3315 2049 3366; x_wconf 92' lang='lat' dir='ltr'><strong><em>p.</em></strong></span> <span class='ocrx_word' id='word_1_226' title='bbox 2092 3301 2219 3366; x_wconf 84' lang='grc'><strong>172,</strong></span> <span class='ocrx_word' id='word_1_227' title='bbox 2266 3296 2515 3353; x_wconf 81' lang='lat' dir='ltr'>Marcum</span> 
     </span>
     <span class='ocr_line' id='line_1_32' title="bbox 213 3373 2187 3449; baseline 0 -19"><span class='ocrx_word' id='word_1_228' title='bbox 213 3375 564 3431; x_wconf 71' lang='lat' dir='ltr'>Antoninum</span> <span class='ocrx_word' id='word_1_229' title='bbox 601 3378 660 3431; x_wconf 78' lang='lat' dir='ltr'>et</span> <span class='ocrx_word' id='word_1_230' title='bbox 691 3375 766 3431; x_wconf 81' lang='lat' dir='ltr'><strong>M.</strong></span> <span class='ocrx_word' id='word_1_231' title='bbox 797 3374 1087 3431; x_wconf 85' lang='lat' dir='ltr'>Aurelium</span> <span class='ocrx_word' id='word_1_232' title='bbox 1125 3376 1182 3430; x_wconf 75' lang='lat' dir='ltr'>et</span> <span class='ocrx_word' id='word_1_233' title='bbox 1218 3373 1585 3449; x_wconf 27' lang='lat' dir='ltr'>Caracallamd</span> <span class='ocrx_word' id='word_1_234' title='bbox 1602 3376 1917 3445; x_wconf 81' lang='lat' dir='ltr'>significare</span> <span class='ocrx_word' id='word_1_235' title='bbox 1956 3392 2187 3431; x_wconf 85' lang='lat' dir='ltr'>monens</span> 
     </span>
     <span class='ocr_line' id='line_1_33' title="bbox 217 3454 2517 3527; baseline -0.001 -15"><span class='ocrx_word' id='word_1_236' title='bbox 217 3464 254 3512; x_wconf 85' lang='lat'>9</span> <span class='ocrx_word' id='word_1_237' title='bbox 295 3454 545 3527; x_wconf 75' lang='grc' dir='ltr'><em>ἔγραψεν</em></span> <span class='ocrx_word' id='word_1_238' title='bbox 581 3456 707 3514; x_wconf 77' lang='lat' dir='ltr'><strong>add.</strong></span> <span class='ocrx_word' id='word_1_239' title='bbox 745 3458 889 3526; x_wconf 66' lang='grc' dir='ltr'><em>ταῖς.</em></span> <span class='ocrx_word' id='word_1_240' title='bbox 930 3472 1036 3511; x_wconf 90' lang='lat' dir='ltr'><strong><em>om.</em></strong></span> <span class='ocrx_word' id='word_1_241' title='bbox 1077 3460 1124 3507; x_wconf 82' lang='grc' dir='ltr'><strong>Δ</strong></span> <span class='ocrx_word' id='word_1_242' title='bbox 1333 3460 1397 3509; x_wconf 90' lang='grc'><strong><em>10</em></strong></span> <span class='ocrx_word' id='word_1_243' title='bbox 1444 3455 1585 3511; x_wconf 76' lang='lat' dir='ltr'>haee</span> <span class='ocrx_word' id='word_1_244' title='bbox 1633 3456 1932 3525; x_wconf 73' lang='lat' dir='ltr'><strong>descripsit</strong></span> <span class='ocrx_word' id='word_1_245' title='bbox 1970 3456 2177 3511; x_wconf 77' lang='lat' dir='ltr'><strong><em>Suidas</em></strong></span> <span class='ocrx_word' id='word_1_246' title='bbox 2224 3472 2293 3511; x_wconf 83' lang='lat' dir='ltr'>ex</span> <span class='ocrx_word' id='word_1_247' title='bbox 2337 3456 2517 3512; x_wconf 79' lang='lat' dir='ltr'>altera</span> 
     </span>
     <span class='ocr_line' id='line_1_34' title="bbox 217 3534 1502 3607; baseline -0.002 -16"><span class='ocrx_word' id='word_1_248' title='bbox 217 3536 464 3607; x_wconf 87' lang='lat' dir='ltr'><strong>Oppiani</strong></span> <span class='ocrx_word' id='word_1_249' title='bbox 497 3536 620 3593; x_wconf 76' lang='lat' dir='ltr'><strong>vita</strong></span> <span class='ocrx_word' id='word_1_250' title='bbox 656 3538 732 3607; x_wconf 92' lang='lat' dir='ltr'><strong><em>(p.</em></strong></span> <span class='ocrx_word' id='word_1_251' title='bbox 773 3542 843 3592; x_wconf 80' lang='lat'><strong><em>64</em></strong></span> <span class='ocrx_word' id='word_1_252' title='bbox 878 3535 969 3591; x_wconf 85' lang='lat' dir='ltr'>vel</span> <span class='ocrx_word' id='word_1_253' title='bbox 1007 3542 1092 3603; x_wconf 90' lang='grc'><strong><em>66,</em></strong></span> <span class='ocrx_word' id='word_1_254' title='bbox 1121 3540 1156 3589; x_wconf 81' lang='lat'><strong>4</strong></span> <span class='ocrx_word' id='word_1_255' title='bbox 1183 3534 1502 3605; x_wconf 79' lang='lat' dir='ltr'>Westerm.)</span> 
     </span>
    </p>

    <p class='ocr_par' dir='ltr' id='par_1_12' title="bbox 219 3616 2518 4154">
     <span class='ocr_line' id='line_1_35' title="bbox 364 3616 2516 3688; baseline -0.001 -16"><span class='ocrx_word' id='word_1_256' title='bbox 364 3617 696 3672; x_wconf 89' lang='lat' dir='ltr'>DLXXXIX</span> <span class='ocrx_word' id='word_1_257' title='bbox 735 3634 843 3672; x_wconf 90' lang='lat' dir='ltr'><strong><em>om.</em></strong></span> <span class='ocrx_word' id='word_1_258' title='bbox 874 3617 1148 3671; x_wconf 81' lang='lat' dir='ltr'>Westerm.</span> <span class='ocrx_word' id='word_1_259' title='bbox 1224 3616 1510 3673; x_wconf 72' lang='lat' dir='ltr'>Oribasius</span> <span class='ocrx_word' id='word_1_260' title='bbox 1558 3618 1729 3688; x_wconf 77' lang='lat' dir='ltr'><strong>apud</strong></span> <span class='ocrx_word' id='word_1_261' title='bbox 1744 3616 2062 3687; x_wconf 84' lang='lat' dir='ltr'><strong><em>Eunapium</em></strong></span> <span class='ocrx_word' id='word_1_262' title='bbox 2098 3617 2125 3669; x_wconf 96' lang='lat' dir='ltr'>I</span> <span class='ocrx_word' id='word_1_263' title='bbox 2161 3635 2214 3686; x_wconf 90' lang='lat' dir='ltr'><strong><em>p.</em></strong></span> <span class='ocrx_word' id='word_1_264' title='bbox 2249 3622 2377 3686; x_wconf 87' lang='lat'>103,</span> <span class='ocrx_word' id='word_1_265' title='bbox 2419 3616 2516 3671; x_wconf 85' lang='lat' dir='ltr'><strong><em>ubi</em></strong></span> 
     </span>
     <span class='ocr_line' id='line_1_36' title="bbox 211 3695 2516 3779; baseline -0.001 -25.989"><span class='ocrx_word' id='word_1_266' title='bbox 211 3695 526 3771; x_wconf 83' lang='grc' dir='ltr'><strong><em>Ὀριβάσιος</em></strong></span> <span class='ocrx_word' id='word_1_267' title='bbox 561 3699 823 3764; x_wconf 78' lang='lat' dir='ltr'>vocatur,</span> <span class='ocrx_word' id='word_1_268' title='bbox 869 3698 957 3751; x_wconf 70' lang='lat' dir='ltr'>est</span> <span class='ocrx_word' id='word_1_269' title='bbox 990 3698 1395 3779; x_wconf 79' lang='lat' dir='ltr'>Pergamenus,</span> <span class='ocrx_word' id='word_1_270' title='bbox 1443 3712 1557 3752; x_wconf 91' lang='lat' dir='ltr'><strong><em>non</em></strong></span> <span class='ocrx_word' id='word_1_271' title='bbox 1594 3697 1909 3753; x_wconf 79' lang='lat' dir='ltr'>Sardianus.</span> <span class='ocrx_word' id='word_1_272' title='bbox 1983 3698 2068 3752; x_wconf 88' lang='lat' dir='ltr'>De</span> <span class='ocrx_word' id='word_1_273' title='bbox 2114 3714 2184 3752; x_wconf 90' lang='lat' dir='ltr'>eo</span> <span class='ocrx_word' id='word_1_274' title='bbox 2220 3696 2290 3753; x_wconf 82' lang='lat' dir='ltr'><strong>cf.</strong></span> <span class='ocrx_word' id='word_1_275' title='bbox 2327 3696 2516 3751; x_wconf 89' lang='lat' dir='ltr'><strong>Philo-</strong></span> 
     </span>
     <span class='ocr_line' id='line_1_37' title="bbox 219 3756 2513 3857; baseline -0 -23"><span class='ocrx_word' id='word_1_276' title='bbox 219 3781 389 3848; x_wconf 77' lang='lat' dir='ltr'><strong>storg.</strong></span> <span class='ocrx_word' id='word_1_277' title='bbox 437 3776 581 3834; x_wconf 77' lang='lat' dir='ltr'><strong>Hist.</strong></span> <span class='ocrx_word' id='word_1_278' title='bbox 612 3778 746 3832; x_wconf 82' lang='lat' dir='ltr'><strong>eccl.</strong></span> <span class='ocrx_word' id='word_1_279' title='bbox 775 3794 830 3847; x_wconf 87' lang='lat' dir='ltr'><strong><em>p.</em></strong></span> <span class='ocrx_word' id='word_1_280' title='bbox 860 3782 981 3832; x_wconf 82' lang='lat'><strong>520.</strong></span> <span class='ocrx_word' id='word_1_281' title='bbox 1029 3756 1261 3848; x_wconf 72' lang='lat' dir='ltr'><strong>Scripta</strong></span> <span class='ocrx_word' id='word_1_282' title='bbox 1297 3780 1589 3833; x_wconf 73' lang='lat' dir='ltr'>enumerat</span> <span class='ocrx_word' id='word_1_283' title='bbox 1626 3777 1798 3833; x_wconf 72' lang='lat' dir='ltr'>etiam</span> <span class='ocrx_word' id='word_1_284' title='bbox 1826 3778 1990 3835; x_wconf 77' lang='lat' dir='ltr'><strong>Phot.</strong></span> <span class='ocrx_word' id='word_1_285' title='bbox 2020 3778 2155 3833; x_wconf 87' lang='lat' dir='ltr'><strong>bibl.</strong></span> <span class='ocrx_word' id='word_1_286' title='bbox 2185 3797 2239 3857; x_wconf 93' lang='lat' dir='ltr'><strong><em>p.</em></strong></span> <span class='ocrx_word' id='word_1_287' title='bbox 2274 3784 2374 3833; x_wconf 86' lang='grc'><strong>173</strong></span> <span class='ocrx_word' id='word_1_288' title='bbox 2401 3795 2513 3847; x_wconf 87' lang='lat' dir='ltr'>seq.</span> 
     </span>
     <span class='ocr_line' id='line_1_38' title="bbox 224 3852 2515 3932; baseline -0.001 -19"><span class='ocrx_word' id='word_1_289' title='bbox 224 3864 291 3914; x_wconf 87' lang='grc'><strong>15</strong></span> <span class='ocrx_word' id='word_1_290' title='bbox 340 3858 440 3913; x_wconf 78' lang='grc' dir='ltr'><strong><em>τοῦ</em></strong></span> <span class='ocrx_word' id='word_1_291' title='bbox 487 3852 824 3931; x_wconf 82' lang='grc' dir='ltr'><strong><em>παραβάτου</em></strong></span> <span class='ocrx_word' id='word_1_292' title='bbox 869 3858 993 3912; x_wconf 86' lang='lat' dir='ltr'>edd.</span> <span class='ocrx_word' id='word_1_293' title='bbox 1043 3860 1178 3914; x_wconf 74' lang='lat' dir='ltr'><strong>vett.</strong></span> <span class='ocrx_word' id='word_1_294' title='bbox 1214 3864 1258 3911; x_wconf 77' lang='lat' dir='ltr'>E</span> <span class='ocrx_word' id='word_1_295' title='bbox 1304 3858 1405 3913; x_wconf 83' lang='grc' dir='ltr'><strong><em>τοῦ</em></strong></span> <span class='ocrx_word' id='word_1_296' title='bbox 1444 3854 1604 3929; x_wconf 85' lang='grc' dir='ltr'><strong><em>Ῥωμ.</em></strong></span> <span class='ocrx_word' id='word_1_297' title='bbox 1655 3861 1775 3932; x_wconf 84' lang='grc' dir='ltr'><strong><em>βασ.</em></strong></span> <span class='ocrx_word' id='word_1_298' title='bbox 1816 3863 1911 3910; x_wconf 82' lang='grc' dir='ltr'><strong><em>ΔΒ</em></strong></span> <span class='ocrx_word' id='word_1_299' title='bbox 2086 3864 2148 3913; x_wconf 91' lang='grc'><strong>17</strong></span> <span class='ocrx_word' id='word_1_300' title='bbox 2199 3852 2515 3927; x_wconf 75' lang='lat' dir='ltr'>Epistulam</span> 
     </span>
     <span class='ocr_line' id='line_1_39' title="bbox 219 3934 2513 4013; baseline 0 -21"><span class='ocrx_word' id='word_1_301' title='bbox 219 3937 424 3993; x_wconf 80' lang='lat' dir='ltr'>Iuliani</span> <span class='ocrx_word' id='word_1_302' title='bbox 450 3936 607 3991; x_wconf 89' lang='lat' dir='ltr'>XVII</span> <span class='ocrx_word' id='word_1_303' title='bbox 633 3938 707 3993; x_wconf 79' lang='lat' dir='ltr'><strong><em>ad</em></strong></span> <span class='ocrx_word' id='word_1_304' title='bbox 736 3936 1053 3993; x_wconf 84' lang='lat' dir='ltr'>Oribasium</span> <span class='ocrx_word' id='word_1_305' title='bbox 1081 3938 1348 4009; x_wconf 76' lang='lat' dir='ltr'><strong><em>scriptam</em></strong></span> <span class='ocrx_word' id='word_1_306' title='bbox 1377 3954 1497 3993; x_wconf 87' lang='lat' dir='ltr'>esse</span> <span class='ocrx_word' id='word_1_307' title='bbox 1527 3938 1745 3994; x_wconf 73' lang='lat' dir='ltr'>monuit</span> <span class='ocrx_word' id='word_1_308' title='bbox 1771 3938 2047 3993; x_wconf 69' lang='lat' dir='ltr'><strong><em>Kvaeterus</em></strong></span> <span class='ocrx_word' id='word_1_309' title='bbox 2157 3945 2223 3993; x_wconf 92' lang='lat'><strong><em>18</em></strong></span> <span class='ocrx_word' id='word_1_310' title='bbox 2253 3941 2438 4013; x_wconf 79' lang='grc' dir='ltr'><strong><em>βιβλία</em></strong></span> <span class='ocrx_word' id='word_1_311' title='bbox 2468 3934 2513 3992; x_wconf 88' lang='grc' dir='ltr'><strong><em>ο’</em></strong></span> 
     </span>
     <span class='ocr_line' id='line_1_40' title="bbox 220 4013 2518 4089; baseline -0.001 -14"><span class='ocrx_word' id='word_1_312' title='bbox 220 4021 441 4075; x_wconf 77' lang='lat' dir='ltr'>tantum</span> <span class='ocrx_word' id='word_1_313' title='bbox 488 4018 685 4073; x_wconf 72' lang='lat' dir='ltr'>laudat</span> <span class='ocrx_word' id='word_1_314' title='bbox 728 4016 891 4072; x_wconf 76' lang='lat' dir='ltr'><strong>Phot.</strong></span> <span class='ocrx_word' id='word_1_315' title='bbox 937 4036 991 4088; x_wconf 93' lang='lat' dir='ltr'><strong><em>p.</em></strong></span> <span class='ocrx_word' id='word_1_316' title='bbox 1034 4023 1136 4072; x_wconf 80' lang='lat'><strong><em>174</em></strong></span> <span class='ocrx_word' id='word_1_317' title='bbox 1182 4020 1324 4089; x_wconf 84' lang='lat' dir='ltr'><strong>(eod.</strong></span> <span class='ocrx_word' id='word_1_318' title='bbox 1363 4021 1490 4089; x_wconf 89' lang='grc'><strong>217)</strong></span> <span class='ocrx_word' id='word_1_319' title='bbox 1548 4017 1797 4074; x_wconf 87' lang='lat' dir='ltr'>eiusdem</span> <span class='ocrx_word' id='word_1_320' title='bbox 1855 4013 2129 4088; x_wconf 77' lang='grc' dir='ltr'><em>ἐπιτομὴν</em></span> <span class='ocrx_word' id='word_1_321' title='bbox 2188 4017 2518 4087; x_wconf 74' lang='lat' dir='ltr'><strong>compilavit</strong></span> 
     </span>
     <span class='ocr_line' id='line_1_41' title="bbox 221 4097 688 4155; baseline -0.006 -1"><span class='ocrx_word' id='word_1_322' title='bbox 221 4100 384 4154; x_wconf 80' lang='lat' dir='ltr'><strong>Phot.</strong></span> <span class='ocrx_word' id='word_1_323' title='bbox 425 4097 545 4155; x_wconf 85' lang='lat' dir='ltr'><strong>eod.</strong></span> <span class='ocrx_word' id='word_1_324' title='bbox 585 4102 688 4152; x_wconf 89' lang='grc'><strong>218</strong></span> 
     </span>
    </p>

    <p class='ocr_par' dir='ltr' id='par_1_13' title="bbox 219 4168 2515 4493">
     <span class='ocr_line' id='line_1_42' title="bbox 363 4168 2515 4251; baseline -0.003 -17"><span class='ocrx_word' id='word_1_325' title='bbox 363 4177 510 4234; x_wconf 83' lang='lat' dir='ltr'><strong><em>DXC</em></strong></span> <span class='ocrx_word' id='word_1_326' title='bbox 555 4178 828 4247; x_wconf 76' lang='lat' dir='ltr'>Pleraque</span> <span class='ocrx_word' id='word_1_327' title='bbox 875 4177 1107 4251; x_wconf 66' lang='lat' dir='ltr'>exhibet</span> <span class='ocrx_word' id='word_1_328' title='bbox 1139 4178 1291 4235; x_wconf 78' lang='lat' dir='ltr'><strong>Eud.</strong></span> <span class='ocrx_word' id='word_1_329' title='bbox 1335 4196 1391 4249; x_wconf 90' lang='lat' dir='ltr'><strong><em>p.</em></strong></span> <span class='ocrx_word' id='word_1_330' title='bbox 1421 4183 1524 4234; x_wconf 88' lang='grc'><strong><em>525</em></strong></span> <span class='ocrx_word' id='word_1_331' title='bbox 1547 4194 1660 4246; x_wconf 89' lang='lat' dir='ltr'>seq.</span> <span class='ocrx_word' id='word_1_332' title='bbox 1736 4176 1815 4231; x_wconf 81' lang='lat' dir='ltr'><strong>cf.</strong></span> <span class='ocrx_word' id='word_1_333' title='bbox 1855 4175 2027 4232; x_wconf 86' lang='lat' dir='ltr'>Clem.</span> <span class='ocrx_word' id='word_1_334' title='bbox 2065 4176 2223 4230; x_wconf 86' lang='lat' dir='ltr'>Alex.</span> <span class='ocrx_word' id='word_1_335' title='bbox 2254 4168 2455 4229; x_wconf 78' lang='lat' dir='ltr'><strong>Sti-om.</strong></span> <span class='ocrx_word' id='word_1_336' title='bbox 2490 4176 2515 4228; x_wconf 96' lang='lat' dir='ltr'>I</span> 
     </span>
     <span class='ocr_line' id='line_1_43' title="bbox 219 4256 2512 4331; baseline -0.003 -14"><span class='ocrx_word' id='word_1_337' title='bbox 219 4278 277 4331; x_wconf 91' lang='lat' dir='ltr'><strong>p.</strong></span> <span class='ocrx_word' id='word_1_338' title='bbox 308 4265 437 4327; x_wconf 75' lang='lat'><strong><em>2443</em></strong></span> <span class='ocrx_word' id='word_1_339' title='bbox 475 4256 726 4324; x_wconf 86' lang='lat' dir='ltr'>Lobeck‚</span> <span class='ocrx_word' id='word_1_340' title='bbox 764 4257 1044 4328; x_wconf 77' lang='lat' dir='ltr'><strong>Aglaoph.</strong></span> <span class='ocrx_word' id='word_1_341' title='bbox 1083 4259 1108 4312; x_wconf 95' lang='lat' dir='ltr'>I</span> <span class='ocrx_word' id='word_1_342' title='bbox 1144 4277 1198 4330; x_wconf 91' lang='lat' dir='ltr'><strong>p.</strong></span> <span class='ocrx_word' id='word_1_343' title='bbox 1229 4264 1343 4314; x_wconf 65' lang='lat'><strong><em>355</em></strong></span> <span class='ocrx_word' id='word_1_344' title='bbox 1373 4276 1514 4329; x_wconf 83' lang='lat' dir='ltr'>seq.;</span> <span class='ocrx_word' id='word_1_345' title='bbox 1553 4257 1766 4327; x_wconf 85' lang='lat' dir='ltr'>Bergk,</span> <span class='ocrx_word' id='word_1_346' title='bbox 1802 4256 1911 4312; x_wconf 74' lang='lat' dir='ltr'><strong>Lit.</strong></span> <span class='ocrx_word' id='word_1_347' title='bbox 1952 4256 2044 4311; x_wconf 83' lang='lat' dir='ltr'><strong><em>Gr.</em></strong></span> <span class='ocrx_word' id='word_1_348' title='bbox 2083 4256 2107 4309; x_wconf 95' lang='lat' dir='ltr'>I</span> <span class='ocrx_word' id='word_1_349' title='bbox 2144 4274 2197 4325; x_wconf 90' lang='lat' dir='ltr'><strong>p.</strong></span> <span class='ocrx_word' id='word_1_350' title='bbox 2237 4262 2338 4310; x_wconf 83' lang='lat'><strong><em>396</em></strong></span> <span class='ocrx_word' id='word_1_351' title='bbox 2370 4271 2512 4325; x_wconf 85' lang='lat' dir='ltr'>seq.;</span> 
     </span>
     <span class='ocr_line' id='line_1_44' title="bbox 220 4336 2513 4411; baseline -0.001 -17"><span class='ocrx_word' id='word_1_352' title='bbox 220 4339 403 4409; x_wconf 84' lang='lat' dir='ltr'>Daub,</span> <span class='ocrx_word' id='word_1_353' title='bbox 441 4340 512 4395; x_wconf 83' lang='lat' dir='ltr'>de</span> <span class='ocrx_word' id='word_1_354' title='bbox 540 4338 692 4393; x_wconf 87' lang='lat' dir='ltr'><strong>Suid.</strong></span> <span class='ocrx_word' id='word_1_355' title='bbox 722 4355 775 4406; x_wconf 92' lang='lat' dir='ltr'><strong><em>p.</em></strong></span> <span class='ocrx_word' id='word_1_356' title='bbox 797 4343 929 4406; x_wconf 81' lang='lat'><strong><em>4163</em></strong></span> <span class='ocrx_word' id='word_1_357' title='bbox 965 4338 1167 4407; x_wconf 55' lang='lat' dir='ltr'>Mans,</span> <span class='ocrx_word' id='word_1_358' title='bbox 1197 4339 1384 4411; x_wconf 82' lang='lat' dir='ltr'><strong>Biogr.</strong></span> <span class='ocrx_word' id='word_1_359' title='bbox 1413 4359 1468 4410; x_wconf 90' lang='lat' dir='ltr'><strong>p.</strong></span> <span class='ocrx_word' id='word_1_360' title='bbox 1494 4346 1620 4406; x_wconf 81' lang='grc' dir='ltr'><strong><em>126ς</em></strong></span> <span class='ocrx_word' id='word_1_361' title='bbox 1660 4337 1872 4405; x_wconf 85' lang='lat' dir='ltr'>Rohde,</span> <span class='ocrx_word' id='word_1_362' title='bbox 1907 4337 2049 4391; x_wconf 85' lang='lat' dir='ltr'><strong><em>Mus.</em></strong></span> <span class='ocrx_word' id='word_1_363' title='bbox 2078 4338 2252 4394; x_wconf 88' lang='lat' dir='ltr'>Rhen.</span> <span class='ocrx_word' id='word_1_364' title='bbox 2282 4336 2513 4393; x_wconf 89' lang='lat' dir='ltr'>XXXVI</span> 
     </span>
     <span class='ocr_line' id='line_1_45' title="bbox 219 4413 2277 4493; baseline 0 -16"><span class='ocrx_word' id='word_1_365' title='bbox 219 4436 275 4491; x_wconf 91' lang='lat' dir='ltr'><strong><em>p.</em></strong></span> <span class='ocrx_word' id='word_1_366' title='bbox 307 4424 412 4474; x_wconf 80' lang='lat'><strong><em>394</em></strong></span> <span class='ocrx_word' id='word_1_367' title='bbox 557 4423 625 4473; x_wconf 82' lang='lat'><strong><em>20</em></strong></span> <span class='ocrx_word' id='word_1_368' title='bbox 663 4413 1003 4490; x_wconf 78' lang='grc' dir='ltr'><strong><em>Λειβήθρων</em></strong></span> <span class='ocrx_word' id='word_1_369' title='bbox 1043 4418 1312 4487; x_wconf 76' lang='lat' dir='ltr'><strong><em>Gaisford</em></strong></span> <span class='ocrx_word' id='word_1_370' title='bbox 1346 4420 1657 4491; x_wconf 78' lang='grc' dir='ltr'><strong><em>Λιβηθρῶν</em></strong></span> <span class='ocrx_word' id='word_1_371' title='bbox 1693 4424 1738 4475; x_wconf 81' lang='grc' dir='ltr'><strong>Δ</strong></span> <span class='ocrx_word' id='word_1_372' title='bbox 1774 4414 2097 4491; x_wconf 77' lang='grc' dir='ltr'><strong><em>Ληβήθρων</em></strong></span> <span class='ocrx_word' id='word_1_373' title='bbox 2132 4420 2277 4493; x_wconf 67' lang='lat' dir='ltr'><strong><em>vulq-</em></strong></span> 
     </span>
    </p>
   </div>
  </div>
 </body>
</html>
