3025 4892
1117 227 1683 289 PROLEGOMENA.
2396 227 2543 288 LXV

431 395 620 474 Quod
669 398 725 462 si
763 401 936 462 reete
972 397 1160 462 hobis
1201 396 1712 461 demonstratum
1760 400 1887 478 est,
1932 397 2163 462 iisdem
2209 417 2543 481 argumen-

233 504 330 568 tis
392 505 554 569 alias
612 522 869 589 quoque
920 505 1088 568 vitas
1147 503 1599 586 Hesychianas
1654 507 1911 587 praeter
1957 501 2247 568 Philonis
2308 527 2385 568 ex
2433 503 2543 568 So·

233 611 513 694 phronii
569 613 740 676 mole
803 611 1136 676 enucleare
1203 610 1444 676 licebit.
1500 632 1558 675 v,
1614 615 1685 674 11
1694 607 2167 695 ολύκαρπος,
2232 612 2343 675 ubi
2409 613 2545 676 vita

232 715 663 801 Hesychiana
717 714 957 783 desinit
1009 718 1078 782 in
1124 717 1322 781 verba
1376 710 1583 792 ἄλλας
1642 716 2016 800 ἐκκλησίας,
2072 705 2269 794 οὗτος
2288 740 2418 802 seq.
2466 741 2541 784 ex

235 823 572 907 Sophron.
609 847 660 890 e.
693 827 772 889 17
814 825 994 888 addit
1031 822 1260 888 Suidas
1289 820 1482 909 (nam
1522 821 1956 907 Sophronium
1996 825 2257 889 subesse
2294 825 2546 890 viderat

238 952 328 994 ex
386 932 599 996 verbis
657 933 948 1016 ἔγραψεν
995 925 1350 1013 ἐπιστολὴν
1395 925 1565 1012 πρὸς
1615 933 2103 1014 Φιλιππησίους
2148 927 2331 996 πάνυ
2374 937 2545 996 flav-

243 1034 534 1121 μαστήν,
589 1059 978 1123 quamquam
1018 1037 1352 1121 sequentia
1392 1036 1633 1120 scripta
1676 1037 1847 1121 apud
1890 1036 2209 1123 Sophron.
2260 1037 2547 1120 desunt)3

243 1167 306 1208 v.
342 1137 1417 1238 ἈπολινάριοςῑΛαοδικεύς,
1469 1162 1597 1225 quo
1646 1142 1713 1207 in
1760 1143 2032 1208 articulo
2079 1144 2291 1208 exitus
2340 1144 2544 1228 Hesy-

245 1251 522 1316 ehianae
567 1252 637 1316 in
681 1272 834 1316 voce
879 1245 1320 1333 ὑπομνήματα
1367 1252 1494 1330 est,
1550 1249 1621 1312 in
1676 1271 1803 1332 quo
1860 1271 1936 1313 ex
1986 1248 2349 1334 Sophronio
2404 1257 2548 1318 tan·

245 1361 396 1421 tum
451 1356 528 1420 de
584 1379 715 1423 uno
771 1357 908 1421 eius
963 1356 1133 1421 libro
1195 1351 1390 1441 (κατὰ
1446 1357 1851 1439 Πορφυρίου
1912 1353 2271 1438 τριάκοντα
2326 1353 2547 1444 λόγοι)

248 1467 320 1527 et
377 1463 454 1526 de
501 1463 690 1547 Apol.
747 1462 1172 1548 grammatico
1229 1461 1466 1526 notitia
1514 1460 1897 1546 deprompta
1953 1467 2055 1527 est
2109 1461 2214 1546 (ἐν
2268 1465 2347 1550 τῇ
2403 1462 2546 1530 νεό-

246 1593 401 1652 τητι
463 1570 722 1652 μᾶλλον
794 1564 918 1652 τὴν
990 1561 1451 1653 γραμματικὴν
1522 1563 1871 1650 ἤσκησεν);
1951 1591 2001 1634 v.
2058 1572 2549 1648 Βασίλειος

249 1679 324 1740 Κ
333 1691 482 1738 αισ.
538 1672 770 1760 (usque
824 1676 920 1750 είς
966 1669 1214 1752 ἄλλους
1267 1671 1609 1758 πλείονας)
1666 1674 1771 1739 vel
1828 1673 2174 1752 διέποντος
2230 1679 2549 1757 [extrema

251 1781 460 1845 verba
505 1782 596 1845 eie
641 1782 707 1845 in
757 1779 1122 1865 Sophronio
1169 1783 1498 1866 leguntur:
1546 1782 1817 1866 τελευτᾷ
1864 1778 2337 1863 βασιλεύοντος
2383 1787 2549 1868 Γρα-

251 1885 592 1971 τιανοῦ]),
640 1908 766 1971 qua
803 1888 870 1951 in
917 1889 1054 1952 vita
1099 1909 1176 1952 ex
1215 1885 1577 1970 Sophronio
1616 1885 1955 1971 desumpta
1999 1885 2111 1953 καὶ
2146 1884 2287 1955 κατ’
2331 1885 2546 1956 Εὐνο-

252 1996 426 2077 μίου
472 1989 544 2058 δὲ
583 1991 956 2077 ἐξαιρέτους
993 1993 1305 2070 συνέταξε
1343 1989 1589 2077 λόγους
1622 1991 1733 2058 καὶ
1769 1992 1920 2078 περὶ
1955 1997 2077 2060 τοῦ
2115 1990 2316 2078 ἁγίου
2350 1994 2547 2062 πνεῦ-

257 2123 472 2184 ματος
516 2101 748 2184 τεῦχος
791 2098 900 2164 καὶ
947 2095 1062 2176 τὰς
1100 2101 1194 2176 εἰς
1229 2094 1352 2184 τὴν
1393 2096 1759 2183 ἑξαήμερον
1799 2095 2058 2184 ὁμιλίας
2095 2101 2289 2168 ἐννέα
2321 2103 2547 2188 ἕτερον

251 2206 494 2288 τεῦχος
543 2201 912 2290 άσκητικόν
962 2204 1188 2292 (Soph.
1225 2198 1369 2270 κατ’
1421 2200 1774 2289 Εὐνομίου
1820 2204 2192 2290 ἐξαιρέτους
2237 2211 2549 2288 συνέταξε

249 2309 505 2395 λόγους
557 2310 669 2378 καὶ
736 2311 882 2397 περὶ
940 2309 1316 2396 πνεύματος
1368 2306 1568 2396 ἁγίου
1621 2313 1853 2396 τεῦχος
1906 2312 2017 2377 καὶ
2074 2315 2169 2390 είς
2224 2311 2347 2400 τὴν
2408 2315 2548 2394 ἑξα-

249 2411 510 2503 ήμερον
559 2414 822 2504 ὁμιλίας
859 2418 1053 2485 ἐννέα
1089 2417 1201 2484 καὶ
1237 2414 1657 2504 άσκητικόν),
1705 2420 1953 2504 reliqua.
1996 2420 2167 2485 vitae
2215 2443 2291 2484 ex
2341 2422 2547 2486 altero

251 2526 438 2590 fonte
477 2527 813 2612 supplens;
859 2550 918 2592 v.
956 2520 1406 2611 Γρηγόριος
1451 2529 1529 2588 Ν
1532 2528 1631 2604 αζ.
1671 2525 1902 2610 (usque
1948 2521 2279 2611 μυριάδας
2321 2525 2548 2614 τρεῖς),

251 2633 375 2696 ubi
420 2655 496 2698 ex
543 2632 792 2697 duobus
839 2632 1130 2698 fontibus
1167 2630 1570 2715 Hesychium
1619 2653 1737 2696 sua
1783 2632 2197 2716 descripsisse
2233 2634 2552 2717 probatur

251 2739 474 2804 verbis
539 2740 606 2802 in
659 2739 849 2806 initio
913 2738 1146 2824 positis
1213 2739 1309 2814 εἰς
1365 2733 1494 2823 γὰρ
1551 2749 1729 2822 τρεῖς
1784 2738 2116 2824 μυριάδας
2169 2743 2415 2824 στίχων
2467 2737 2547 2807 τὰ

252 2840 686 2928 συντάγματα
734 2841 944 2911 αὐτοῦ
991 2844 1368 2928 συνέθηκεν
1416 2849 1611 2930 atque
1658 2846 1829 2910 infra
1865 2847 2117 2912 iteratis
2156 2840 2353 2912 ἅτινα
2390 2865 2548 2913 συν-

249 2949 534 3035 άγονται
581 2953 676 3029 εἰς
719 2952 896 3018 ἐπῶν
942 2947 1272 3038 μυριάδας
1316 2963 1522 3037 τρεῖς,
1581 2974 1854 3037 quorum
1900 2955 2081 3038 prius
2139 2976 2216 3018 ex
2266 2952 2546 3039 Sophro-

249 3060 370 3123 nio
416 3060 730 3144 manavit,
782 3081 928 3124 eum
974 3049 1043 3123 in
1088 3059 1314 3124 eodem
1362 3059 1523 3124 haee
1577 3061 1823 3144 scripta
1862 3060 1945 3125 ab
1990 3058 2321 3144 Hesychio
2364 3083 2549 3125 enar-

250 3168 405 3230 rata
452 3165 691 3230 desint:
741 3162 1084 3250 ἐπιτάφιος
1129 3167 1223 3242 εἰς
1265 3163 1387 3231 τὸν
1440 3165 1685 3232 ἑαυτοῦ
1718 3163 1998 3252 πατέρα,
2037 3165 2259 3250 ἕτερος
2295 3168 2389 3242 εἰς
2423 3162 2549 3251 τὴν

252 3265 562 3356 ἀδελφὴν
610 3275 1020 3357 Γοργονίαν,
1076 3270 1226 3356 περὶ
1272 3274 1629 3355 θεολογίας
1675 3267 1768 3354 α’,
1823 3270 1973 3357 περὶ
2020 3273 2177 3338 υἱοῦ
2222 3272 2412 3356 λόγοι
2456 3270 2549 3357 β’,

249 3378 702 3463 πανηγυρικοὶ
746 3376 935 3462 λόγοι
983 3374 1038 3442 ι’
1085 3382 1152 3443 et
1195 3376 1304 3442 καὶ
1354 3377 1567 3464 ἕτεροι
1611 3383 1907 3444 πλεῖστοι
1944 3377 2055 3443 καὶ
2100 3380 2261 3444 πᾶσι
2306 3375 2551 3463 γνώρι-

250 3485 464 3572 μοι1);
510 3509 570 3552 v.
601 3480 972 3569 Ἰώσηπος
1017 3485 1397 3558 Ιουδαῖος
1433 3481 1674 3569 (usque
1722 3484 1803 3549 ad
1849 3487 2135 3568 βιβλίοις
2178 3482 2273 3572 κ’)
2320 3486 2389 3550 in
2433 3485 2549 3549 ini-

249 3594 352 3658 tio
407 3594 582 3657 vitae
638 3595 839 3660 verba
891 3590 1274 3677 φιλαλήθης
1328 3590 1543 3675 λέγων
1574 3629 1659 3638 —-
1689 3592 2015 3676 Χριστοῦ,
2074 3613 2235 3676 quae
2280 3613 2549 3675 prorsus

251 3701 341 3763 ab
398 3697 712 3783 Hesychii
775 3699 1036 3785 ingenio
1101 3698 1431 3782 recedunt,
1497 3722 1538 3763 a
1600 3697 1952 3764 christiano
2014 3700 2252 3764 lectore
2309 3699 2409 3761 vel
2467 3697 2548 3761 ab

403 3974 456 4039 1)
483 4023 486 4030 ,
513 3970 769 4026 Ceterum
826 3969 980 4030 Suid.
1018 3973 1302 4041 (Hesyeh.)
1359 3967 1629 4034 ἐπαίνους
1669 3965 1920 4039 Ἢρωνος
1974 3967 2317 4040 φιλοσόφου,
2380 3970 2546 4040 Soph.

253 4049 532 4113 ἐπαίνους
567 4053 840 4121 Μαξίμου
887 4049 1206 4121 φιλοσόφου
1255 4047 1394 4122 μετὰ
1441 4047 1546 4121 τὴν
1595 4047 1819 4121 ἐξορίαν
1866 4047 2306 4120 ἀναζεύξαντος,
2352 4044 2548 4106 ὅντινα

250 4131 488 4206 ψευδῶς
523 4150 674 4193 τινες
695 4125 952 4200 ’Ἡρωνος
990 4127 1339 4201 ἐπέγραψαν.
1407 4130 1524 4186 ἔστι
1561 4129 1667 4200 γὰρ
1704 4130 1802 4184 καὶ
1834 4127 1971 4198 α”λλη
2010 4132 2224 4202 βίβλος,
2262 4126 2547 4199 κατάγνω-

251 4231 344 4266 σιν
381 4212 486 4266 τοῦ
527 4207 706 4265 αὐτοῦ
737 4214 1006 4282 Μαξίμου
1042 4211 1410 4282 περιέχουσα,
1449 4206 1526 4272 ὥς
1562 4207 1637 4279 μὴ
1670 4205 1800 4275 ἐξὸν
1838 4207 2016 4278 εἶναι,
2052 4206 2154 4264 τὸν
2182 4204 2361 4264 αὐτὸν
2392 4205 2548 4264 ἐπαι-

248 4289 418 4346 νέσαι
456 4291 556 4345 καὶ
592 4290 769 4359 ψέξαι
807 4287 870 4346 ἐν
906 4292 1101 4363 καιρῷ.
1158 4291 1241 4345 De
1279 4290 1549 4362 Gregorio
1586 4290 1871 4344 imitatore
1908 4289 2251 4359 Polemonis,
2288 4289 2551 4345 Aristidis

251 4371 545 4440 magistri,
584 4387 806 4450 prorsus
841 4372 992 4425 tacet
1029 4370 1389 4441 Sophronias,

362 4471 669 4521 Ennomus,
694 4469 762 4512 ed.
792 4469 950 4511 Fhoh.
2095 4476 2125 4512 e
