3025 4892
1124 228 1553 286 HESYCHIUS.
2350 230 2481 294 225

377 388 828 455 DGGGXXXI.
926 392 1317 469 Φίλιππος
1371 386 1841 477 Ἀμφιπολίτης
1904 388 2251 478 ἱστορικός.
2341 389 2479 458 Ῥο-

213 490 397 559 διακὰ
450 498 676 579 βιβλία
735 492 840 559 ιθ’
896 494 1064 582 (ἔστι
1120 492 1194 561 δὲ
1249 498 1384 563 τῶν
1431 493 1613 563 πάνυ
1658 498 2013 585 αἰσχρων),
2075 496 2323 625 Κωακά
2376 504 2477 583 βι-

207 602 356 681 βλία
397 598 488 686 β’,
525 599 828 668 Θασιακὰ
872 605 1100 686 βιβλία
1145 600 1216 687 β’
1264 600 1374 668 καὶ
1421 599 1606 670 αλλα.

365 716 858 784 DGCOXXXII.
971 721 1422 796 Φίλιππος
1496 714 1817 804 σοφιστὴς
1889 715 1925 784 ὃ
1998 720 2262 807 γράψας
2326 724 2474 810 περὶ

198 822 584 909 πνευμάτων
660 826 730 891 ἐκ
801 826 938 891 τῶν
1006 807 1432 911 Ἡρωδιανοῦ
1494 850 1660 891 κατα
1732 839 2063 913 στοιχεῖον
2146 828 2255 895 καὶ
2322 830 2472 915 περὶ
2502 852 2527 892 5

199 934 622 1016 συναλοιφῆς.

362 1045 886 1113 DCCCXXXIII.
1001 1052 1424 1126 Φίλιππος
1485 1046 1787 1133 κωμικός.
1906 1050 2040 1115 τῶν
2117 1049 2472 1136 δραμάτων

194 1148 397 1219 αὐτοῦ
435 1154 573 1220 ἐστι
611 1156 1121 1251 Κωδωνιασταί,
1163 1150 1279 1237 [ὡς
1309 1149 1671 1239 Ἀθήναιος
1707 1157 1781 1222 ἐν
1820 1162 2474 1241 Λειπνοσοφισταῖς].

361 1266 890 1335 DCCOXXXIV.
964 1274 1350 1349 Φιλίσκος
1396 1269 1699 1356 κωμικός.
1772 1276 1909 1339 τῶν
1957 1270 2314 1360 δραμάτων
2359 1269 2474 1339 αὐ-

187 1375 303 1439 τοῦ
349 1374 530 1440 ἐστιν
559 1372 872 1459 Ἄδωνις,
924 1373 1092 1454 Διὸς
1137 1383 1366 1463 γοναί,
1415 1382 1889 1465 Θεμιστοκλῆς,
1916 1378 2287 1466 ’Όλυμπος,
2334 1387 2471 1447 Πα·
2503 1405 2554 1443 ιο

185 1477 300 1559 νὸς
371 1486 599 1566 γοναί,
664 1477 915 1567 Ἑρμοῦ
987 1482 1096 1549 καὶ
1157 1479 1553 1570 Ἀφροδίτης
1623 1490 1851 1570 γοναί,
1922 1482 2299 1572 Ἀρτέμιδος
2360 1488 2471 1554 καὶ

179 1581 608 1666 Ἀπόλλωνος.

355 1703 850 1771 DCOGXXXV.
957 1711 1336 1785 Φιλίσκος
1401 1713 1848 1793 Κερκυραῖος,
1928 1707 2235 1777 Φιλώτου
2300 1710 2468 1795 υῖός,

175 1806 488 1895 τραγικὸς
532 1811 643 1876 καὶ
682 1807 896 1897 ἱερεὺς
940 1814 1063 1877 τοῦ
1112 1810 1463 1879 Διονύσου
1509 1814 1616 1880 ἐπὶ
1661 1817 1783 1881 τοῦ
1827 1815 2255 1897 Φιλαδέλφου
2293 1823 2468 1883 Πτο-

173 1920 455 2001 λεμαίου
504 1914 812 2001 γεγονώς.
878 1918 986 1983 καὶ
1026 1914 1140 1983 ἀπ’
1194 1918 1402 1984 αὐτοῦ
1448 1916 1523 1985 τὸ
1569 1925 1950 1986 Φιλίσκειον
1981 1923 2223 2005 μέτρον
2263 1941 2465 2005 προσ·
2498 1956 2547 1995 15

171 2024 552 2108 ηγορεύθη,
603 2023 860 2110 ἐπείπερ
923 2020 1099 2115 αὐτῷ
1152 2022 1677 2104 ἐνεδαψιλεύετο.
1771 2032 1908 2093 ἔστι
1958 2026 2030 2094 δὲ
2088 2032 2205 2113 τῆς
2252 2031 2471 2096 δευτέ-

172 2156 295 2213 ρας
359 2127 606 2209 τάξεως
660 2132 796 2196 τῶν
850 2133 1214 2216 τραγικῶν,
1281 2133 1522 2209 οἵτινές
1579 2135 1748 2199 εἰσιν
1807 2131 1861 2212 ζ’
1916 2134 2025 2199 καὶ
2084 2134 2467 2221 ἐκλήθησαν

171 2235 446 2314 Πλειάς.
537 2240 612 2303 αἱ
655 2236 728 2304 δὲ
774 2240 1136 2326 τραγῳδίαι
1184 2236 1395 2305 αὐτοῦ
1444 2242 1573 2305 εἰσι
1620 2237 1757 2323 μβ’.

352 2352 878 2421 DCCCXXXVI.
942 2357 1317 2431 Φιλίσκος
1345 2406 1360 2419 .
1391 2405 1406 2419 .
1436 2407 1450 2420 .
1481 2353 1843 2440 Αἰγινήτης
1882 2350 1915 2420 ὃ
1958 2352 2231 2433 διδάξας
2267 2354 2466 2443 γράμ-

167 2486 346 2547 ματα
405 2458 844 2544 Ἀλέξανδρον
908 2458 1030 2525 τόν
1095 2458 1481 2527 Μακεδόνα.
1585 2457 1785 2539 αὐτὸς
1849 2459 1923 2527 δὲ
1993 2457 2321 2547 ἀκουστὴς
2378 2454 2465 2547 ἦν
2494 2495 2545 2533 20

165 2571 292 2636 τοῦ
339 2565 544 2645 κυνὸς
581 2567 974 2651 Διογένους,
1020 2564 1184 2632 κατὰ
1227 2562 1303 2633 δὲ
1322 2564 1700 2654 ’Ἐρμιππον
1738 2572 2144 2648 Στίλπωνος.
2220 2574 2464 2655 ἔγραψε

175 2673 560 2759 διαλόγους,
607 2664 703 2740 ὧν
751 2674 886 2740 ἐστι
936 2672 1223 2760 Κόδρος.

315 2913 684 2969 DCCCXXXI
728 2914 882 2971 Eud.
921 2932 976 2984 p.
1022 2919 1142 2968 713.
1218 2912 1298 2968 cf.
1336 2914 1541 2967 Miiller
1577 2914 1656 2967 IV
1693 2933 1747 2984 p.
1787 2921 1906 2969 475.
1982 2917 2214 2973 Tractat
2249 2918 2469 2985 Rohde,

170 2998 266 3052 Gr.
304 2996 524 3051 Roman
559 3012 616 3064 p.
645 3001 750 3049 346
787 2995 902 3050 not.
933 3002 964 3049 3
1109 3001 1141 3049 2
1180 2989 1392 3065 Κῳακά
1431 2999 1532 3047 Av
1569 2993 1720 3049 Eud.
1757 2993 1969 3065 Κῳανά
2006 2999 2149 3066 vuly.
2275 3005 2307 3051 3
2350 3000 2462 3052 Θυ-

169 3073 342 3131 σιακά
379 3081 425 3128 V
461 3077 604 3145 ταῖς.
644 3076 796 3129 Eud.
837 3072 1098 3129 Θασιακά
1137 3075 1288 3130 solus
1325 3079 1386 3130 A.
1463 3074 1723 3128 Ceterum
1753 3074 1979 3130 Suidam
2016 3096 2069 3133 v.
2108 3074 2463 3148 άποτιμῶσαι

167 3173 284 3211 non
321 3156 469 3210 hune
504 3155 828 3226 Philippum
864 3154 1222 3224 intellegere,
1268 3156 1334 3207 ub
1371 3155 1613 3223 putabat
1653 3156 1926 3225 ToupiuS,
1975 3159 2120 3214 vidit
2156 3160 2401 3214 Meineke
2438 3161 2461 3213 I

167 3256 226 3307 p.
263 3242 366 3291 342

312 3314 709 3371 DCCCXXXII
735 3317 885 3382 Eud.
915 3335 970 3386 p.
993 3322 1096 3371 715
1205 3324 1239 3370 4
1267 3312 1449 3386 ῥήτωρ
1477 3316 1576 3371 καὶ
1606 3334 1731 3386 σοφ.
1753 3317 1904 3374 Eud.
1991 3326 2023 3373 6
2052 3321 2365 3390 συναλιφῆς
2392 3325 2454 3386 Δ,

169 3396 268 3465 qui
302 3414 403 3466 per
447 3397 490 3451 ‘t
529 3399 802 3459 Φίλιππος
838 3392 1129 3467 σοφιστής,
1167 3390 1212 3465 ὁ,
1237 3393 1464 3466 γράψας
1500 3397 1631 3465 περὶ
1667 3395 2030 3469 πνευμάτων,
2072 3398 2273 3468 ἕτερος,
2312 3414 2454 3466 quae

171 3480 270 3530 aut
306 3478 379 3531 ad
415 3478 654 3532 alterum
693 3478 1003 3548 sophistam
1041 3478 1300 3547 spectant
1335 3478 1433 3531 aut
1467 3493 1569 3545 per
1604 3476 2044 3545 dittographiam
2086 3482 2209 3534 oria

311 3555 733 3611 DCCCXXXIII
768 3558 920 3613 Eud.
957 3576 1012 3627 p.
1045 3564 1162 3612 723.
1237 3558 1469 3611 Tractat:
1503 3554 1761 3609 Meineke
1797 3555 1823 3607 I
1859 3574 1913 3625 p.
1944 3564 2047 3611 340
2077 3576 2191 3628 seq.

172 3644 208 3691 8
244 3638 572 3691 Κωνιασταί
600 3637 752 3691 Eud.
799 3639 1156 3706 Κορωνισταί
1184 3638 1276 3692 vel
1312 3638 1709 3705 Κορωνιασταί
1740 3634 2103 3690 Οαεαιιῦοηιιε
2147 3642 2460 3708 Κωμασταί
2526 3666 2530 3671 ·

173 3717 264 3772 vel
298 3718 659 3771 Κωνειασταί
687 3717 779 3772 vel
814 3718 1098 3771 Κονιαταί
1128 3717 1220 3771 vel
1254 3718 1627 3772 Κωὸωνισταί
1666 3715 1758 3769 vel
1794 3720 2175 3771 Κωθωνισταί
2204 3721 2453 3774 Meineke

177 3791 249 3857 ὥς
275 3826 342 3837 --
372 3795 638 3852 exitcom.
668 3797 839 3867 Eud„
877 3796 974 3851 sed
1011 3797 1160 3865 apud
1188 3798 1539 3852 Afihenaeum
1576 3810 1647 3849 ea.
1682 3812 1792 3849 non
1818 3795 2056 3849 inveniri
2082 3796 2225 3852 vidit
2249 3798 2451 3851 Kaste-

176 3892 291 3942 ru33
331 3876 399 3932 cf.
441 3876 610 3931 etiam
649 3874 873 3931 Olinton
908 3896 962 3946 p.
993 3876 1143 3930 XLV
1177 3879 1292 3931 nob.
1322 3876 1415 3934 Kr.

311 3956 729 4012 DCCCXXXIV
765 3957 916 4013 Eud.
954 3976 1008 4027 p.
1040 3963 1158 4012 723.
1219 3957 1452 4012 Tractai’,
1477 3955 1734 4009 Meineke
1762 3956 1787 4008 I
1825 3974 1877 4024 p.
1910 3962 2013 4009 423
2126 3964 2192 4012 10
2216 3952 2451 4021 ’Ἁδωνες

181 4053 280 4092 om
318 4031 457 4098 Διός
488 4041 534 4088 V
653 4042 715 4090 11
748 4031 957 4105 Ερμοῦ
994 4068 1063 4077 —-
1096 4040 1269 4106 γοναί
1299 4054 1408 4092 om.
1445 4037 1600 4091 Eud.

311 4118 708 4179 DCCCXXXV
739 4124 890 4179 Eud.
930 4144 984 4193 p.
1015 4132 1134 4180 723.
1209 4126 1288 4182 Cf.
1327 4126 1628 4195 Hephaesiz.
1667 4144 1721 4195 p.
1754 4132 1821 4179 30
1947 4132 2014 4180 14
2050 4118 2122 4194 ἦν
2161 4124 2224 4180 δὲ
2265 4123 2451 4197 ἱερεὺς

181 4204 321 4259 Eud.
432 4198 546 4257 υπὸ
576 4207 784 4256 Anvn
934 4211 995 4260 17
1035 4206 1113 4259 Cf
1153 4207 1454 4274 Σοφοκλῆς
1490 4201 1763 4275 νεώτερος
1798 4204 1871 4259 al.
2403 4278 2405 4281 y

311 4290 732 4347 DCCOXXXVI
768 4293 902 4347 Pars
939 4292 1101 4346 fluxit
1138 4310 1205 4347 ex
1243 4294 1404 4363 Diog.
1443 4293 1547 4361 VI,
1588 4299 1654 4347 75
1684 4311 1796 4361 seq.
1943 4299 2007 4346 19
2047 4296 2207 4363 pater
2238 4289 2449 4364 Ὀνησί-

181 4391 356 4443 κριτος
381 4371 646 4426 laudaizur
670 4372 833 4441 Diog.
853 4372 947 4441 VI,
971 4378 1054 4440 75,
1093 4373 1248 4428 euius
1277 4392 1478 4429 nomen
1519 4374 1666 4443 apud
1699 4372 1928 4427 Suidam
1963 4375 2203 4430 fortasse
2242 4374 2451 4429 excidit

277 4473 577 4521 Ennomus,
604 4470 671 4512 ed.
699 4472 856 4512 Flach.
1962 4470 2022 4519 15
