3025 4892
397 137 408 151 ’
503 195 588 262 70
705 221 714 228 -
1424 155 1859 246 ffl'sYchS.

677 355 1030 426 OGLXVI.
1080 350 1204 441 Ἑρ
1215 357 1398 442 μίας
1435 349 1500 437 [ὁ
1541 348 1888 437 εὐνοῦχος]
1929 347 2411 435 <φιλόσοφος,>
2444 343 2806 434 Ἀταρνεύς

501 450 712 553 (χωρα
752 463 834 550 δέ
865 464 1002 531 ἐστι
1033 465 1304 540 Μυσίας
1330 464 1444 548 τῆς
1481 461 1555 528 ἐν
1587 456 1772 548 Ἀσίᾳ
1807 461 1923 543 τῆς
1954 455 2123 545 πρὸς
2158 459 2248 547 τῷ
2277 452 2806 545 Ἑλλησπόντῳ),

502 563 580 658 ἧς
633 571 744 638 καὶ
799 562 960 658 ἦρχε
1013 567 1337 655 βασιλέως
1392 571 1516 635 τοῦ
1572 568 1862 653 Περσῶν
1921 561 2245 651 ὑπήκοος,
2310 560 2645 649 εὐνοῦχος
2698 562 2807 628 καὶ

504 681 747 756 δοῦλος
803 673 1168 764 γενόμενος
1212 671 1575 758 Εὐβούλου
1622 673 1933 758 Βιθυνοῦ
1982 667 2324 738 δυνάστου
2366 669 2478 737 καὶ
2526 667 2807 768 φιλοσό-

451 807 477 848 5
505 809 663 871 φου,
701 779 1019 868 ἀσκηθεὶς
1054 785 1366 850 παιδείαν
1401 777 1580 868 παρὰ
1610 775 2064 865 Ἀριστοτέλει.
2119 781 2365 863 ἔγραψε
2402 775 2554 864 περὶ
2590 779 2811 863 ψυχῆς

505 887 610 958 ὅτι
657 887 1017 968 ἀθάνατος.

683 997 1058 1065 OGLXVII.
1111 991 1545 1082 ’Ἕρμιππος
1585 989 1973 1079 Ἀθηναῖος,
2018 986 2308 1078 κωμικὸς
2360 992 2478 1074 τῆς
2524 985 2809 1076 ἀρχαίας

504 1105 877 1194 κωμῳδίας,
927 1097 1448 1189 ἑτερόφθαλμος,
1487 1096 1781 1186 ἀδελφὸς
1817 1098 1892 1168 δὲ
1929 1102 2285 1186 Μυρτίλου
2320 1099 2443 1164 τοῦ
2478 1098 2805 1184 κωμικοῦ,

507 1208 812 1298 δράματα
860 1206 1136 1289 διδάξας
1179 1205 1262 1295 μ’.

429 1341 480 1380 ιο
688 1315 1091 1394 OGLXVIII.
1142 1309 1586 1438 ‘'an-maog
1622 1310 1954 1400 Βηρύτιος
1989 1308 2117 1379 ἀπὸ
2155 1309 2380 1398 κώμης
2417 1313 2809 1398 μεσογαίου,

505 1417 812 1509 μαθητὴς
871 1424 1179 1500 Φίλωνος
1232 1423 1355 1489 τοῦ
1412 1423 1744 1505 Βυβλίου,
1801 1415 1921 1504 ὑφ’
1985 1408 2068 1486 οῦ
2130 1415 2437 1510 ωκειωθη
2488 1413 2809 1507 Ἐρεννίῳ

508 1527 822 1620 Σεβήρω,
888 1527 991 1595 ἐπὶ
1050 1523 1408 1614 Ἀδριανοῦ
1471 1527 1594 1594 τοῦ
1650 1525 2005 1612 βασιλέως,
2063 1529 2380 1604 ἔκδουλος
2438 1549 2539 1590 ων
2592 1523 2809 1610 γένος,

508 1634 739 1723 λόγιος
785 1633 1068 1722 σφόδρα.
1159 1632 1270 1701 καὶ
1318 1637 1565 1720 ἔγραψε
1608 1632 1839 1700 πολλά.

685 1742 1020 1811 GCLXIX.
1064 1737 1542 1828 Ἑρμογένης
1578 1737 1892 1825 Ταρσεύς,
1923 1734 1958 1806 ὁ
1989 1739 2263 1826 ἐπίκλην
2302 1737 2569 1826 ξυστήρ,
2612 1758 2803 1824 σοφι-

430 1871 482 1915 15
510 1849 694 1937 στής,
750 1839 832 1916 οὗ
889 1845 1206 1933 διήκουσε
1259 1845 1370 1913 καὶ
1429 1843 1841 1924 Μουσώνιος
1886 1841 1921 1915 ὁ
1971 1844 2365 1932 φιλόσοφος.
2454 1846 2695 1932 γέγονε
2741 1842 2811 1910 δὲ

510 1956 617 2025 ἐπὶ
653 1953 946 2041 Μάρκου
973 1957 1095 2020 τοῦ
1127 1951 1452 2038 βασιλέως
1496 1949 1973 2038 εὐφυέστατος,
2008 1951 2119 2019 καὶ
2154 1955 2270 2038 τῆς
2305 1947 2568 2037 ἡλικίας
2604 1949 2811 2020 αὐτοῦ

512 2060 934 2148 ἐνδεεστέρας
989 2054 1418 2146 ὑπαρχούσης
1463 2053 1721 2146 μᾶλλον
1766 2054 1807 2145 ἡ
1857 2058 2189 2146 φρόνησις
2232 2055 2597 2147 ὑπερεῖχεν.
2664 2053 2807 2124 ἀλλ’

513 2165 636 2236 οῦκ
684 2171 778 2246 είς
823 2162 1080 2254 μακρὸν
1126 2163 1371 2252 ταύτης
1415 2162 1786 2253 άπήλαυσε·
1824 2166 2184 2253 γενόμενος
2228 2163 2356 2255 γὰρ
2398 2167 2547 2255 περὶ
2587 2165 2670 2236 τὰ
2707 2165 2807 2234 κδ’

513 2279 622 2362 ἔτη
653 2275 876 2360 ἐξέστη
914 2276 1050 2341 τῶν
1089 2275 1361 2359 φρενῶν
1397 2272 1508 2340 καὶ
1546 2263 1632 2360 ἦν
1671 2270 1942 2351 ἀλλοῖος
1976 2269 2208 2360 αὑτοῦ,
2247 2277 2572 2361 μηδεμιᾶς
2601 2272 2806 2361 ἄφορ-

435 2407 488 2447 zo
515 2385 643 2469 μῆς
687 2379 1051 2469 γενομένης
1095 2374 1137 2465 ἢ
1167 2375 1541 2468 ἀρρωστίας
1567 2383 1690 2447 τοῦ
1719 2377 2042 2467 σώματος,
2090 2377 2257 2448 ὥστε
2284 2385 2404 2447 καί
2432 2407 2622 2461 τινας
2658 2379 2811 2448 άπο-

515 2485 840 2556 σκώπτειν
889 2491 982 2565 είς
1028 2486 1298 2554 τουτονὶ
1352 2482 1474 2554 τὸν
1525 2483 1925 2572 τρισάθλιον
1981 2485 2135 2554 τόδε
2181 2485 2254 2555 τὸ
2305 2486 2540 2574 λόγιον
2587 2484 2812 2573 Ἑρμο-

514 2595 713 2682 γένης
767 2589 802 2661 ὁ
861 2595 934 2661 ἐν
989 2593 1180 2660 παισὶ
1233 2591 1482 2679 γέρων,
1551 2594 1626 2659 ἐν
1680 2590 1755 2661 δὲ
1816 2591 2090 2679 γέρουσι
2149 2597 2345 2690 παῖςῗ.
2434 2590 2611 2680 πλὴν
2669 2591 2812 2677 περὶ

515 2698 634 2770 τὸν
695 2698 779 2787 ιη’
827 2695 868 2787 ἢ
925 2697 991 2767 κ’
1042 2697 1291 2788 χρόνον
1350 2685 1715 2785 γενόμενος
1767 2697 2011 2786 γράφει
2066 2704 2275 2768 ταῦτα
2330 2699 2410 2769 τὰ
2465 2705 2694 2786 βιβλία
2738 2724 2812 2765 τα

660 2975 926 3031 CCLXVI
964 2991 1069 3030 om.
1111 2973 1384 3030 Westerm.
1432 2973 1586 3031 Eud.
1630 2991 1689 3066 Ρ.
1733 2967 1855 3029 303.
1930 2973 2011 3031 Cf.
2059 2974 2221 3046 Diog.
2258 2975 2328 3046 V,
2370 2983 2424 3044 13
2472 2976 2677 3031 Athen.
2714 2973 2810 3028 XV

515 3076 570 3128 p.
602 3061 706 3112 696
837 3061 866 3109 1
911 3055 1160 3124 Ερμείας
1186 3053 1338 3109 Εκά.
1414 3049 1445 3109 ὅ
1482 3049 1757 3124 εὐνοῦχος
1794 3071 1899 3110 om.
1933 3050 2247 3125 φιλόσοφος
2280 3020 2409 3112 a’dd.
2438 3058 2611 3128 Eud„
2649 3072 2808 3128 quam

518 3137 742 3192 secutus
778 3152 900 3188 sum
932 3127 1275 3203 Ἀταρνείτης
1309 3133 1528 3188 mavulss
1558 3134 1892 3204 Bernhardy
2034 3140 2067 3188 2
2106 3135 2205 3204 τῆς
2243 3131 2306 3190 ἐν
2340 3131 2484 3190 Ἀσία
2523 3153 2630 3193 om.
2670 3137 2807 3204 ναῖς.

517 3215 671 3272 Eud.
708 3214 836 3270 add.
864 3217 1070 3266 ABVE
1176 3209 1247 3267 τὰ
1282 3210 1424 3268 Ελλ.
1463 3219 1510 3266 A
1620 3220 1651 3268 3
1684 3206 1839 3283 ἦς-
1861 3211 2178 3284 φιλοσόφου
2208 3233 2315 3273 om.
2348 3217 2501 3271 Eud.
2610 3223 2647 3271 4
2687 3215 2810 3271 δοῦ-

518 3301 636 3358 λοςε
685 3295 1061 3362 Waclwmuth,
1099 3294 1284 3386 Symb3
1321 3313 1378 3364 p.
1419 3301 1519 3349 131
1669 3301 1699 3349 5
1737 3289 1875 3362 παρ’
1913 3289 2314 3365 Ἀριστοτέλους
2349 3297 2503 3352 Eud.
2666 3303 2699 3352 6
2737 3296 2809 3349 De

519 3374 908 3430 additamento
947 3374 1152 3431 Suidae
1190 3375 1284 3445 egi
1312 3376 1453 3429 Mne.
1491 3375 1668 3430 Rhen.
1699 3373 1906 3429 XXXV
1941 3373 1979 3428 l.
2010 3391 2056 3428 c.
2133 3373 2215 3430 cf.
2251 3393 2303 3430 v.
2334 3374 2810 3432 Wilamowitz-M.

521 3455 681 3510 Anal.
721 3453 910 3525 Eurip.
948 3473 1003 3525 p.
1047 3460 1148 3508 133
1185 3455 1298 3511 not.

662 3532 957 3590 COLXVII
993 3533 1143 3589 Eud.
1182 3552 1235 3603 p.
1275 3540 1397 3588 291.
1473 3532 1557 3589 cf.
1594 3534 1851 3590 Meineke
1889 3534 1914 3589 1
1960 3553 2013 3606 p.
2051 3539 2159 3590 494
2207 3538 2266 3590 ef,
2312 3553 2455 3606 quae
2501 3536 2618 3592 dixi
2654 3537 2727 3592 ad
2760 3553 2807 3590 v.

522 3613 823 3679 Μένιππος
967 3621 998 3671 7
1037 3613 1136 3670 καὶ
1173 3608 1346 3677 αὐτὸς
1382 3611 1630 3684 κωμικός
1664 3615 1817 3669 Eud.
1946 3619 1979 3670 8
2017 3614 2096 3672 Cf.
2134 3635 2185 3671 v.
2224 3619 2510 3687 Μυρτίλος
2646 3623 2679 3672 9
2718 3615 2807 3686 φέ-

527 3717 686 3767 ρεται
722 3691 902 3751 αὐτοῦ
941 3691 1200 3766 δράματα
1237 3695 1389 3750 Eud.

666 3776 986 3832 CCLXVIII
1038 3774 1117 3831 cf.
1139 3775 1541 3842 Wachsmuth,
1578 3774 1767 3844 Symb.
1806 3793 1860 3846 p.
1904 3782 2004 3831 139
2035 3790 2150 3845 seq.
2334 3783 2397 3831 11
2437 3777 2539 3832 τοῦ
2579 3779 2808 3850 Βυβλίου

524 3876 630 3915 om.
671 3864 718 3911 A
755 3857 940 3928 spatio
975 3855 1174 3911 relicto
1309 3861 1374 3909 13
1419 3856 1502 3909 De
1539 3851 1725 3924 λόγιος
1761 3856 1829 3910 cf.
1868 3874 1920 3910 v.
1962 3861 2215 3926 Διογεν.,
2254 3853 2525 3927 Πάξαμος
2564 3858 2635 3912 al.

524 3937 739 4009 ἔγραψε
781 3936 876 3992 καὶ
913 3934 1044 4003 περὶ
1079 3931 1315 4003 ὀνείρων
1352 3941 1397 3988 A
1435 3932 1494 3988 in
1532 3951 1707 4005 marg.
1744 3951 1891 3992 man.
1929 3937 1955 3989 Ι

664 4015 932 4074 CCLXIX.
967 4015 1118 4072 Eud.
1156 4033 1212 4085 p
1250 4020 1374 4084 288,
1411 4031 1556 4085 quae
1591 4014 1740 4070 vitas
1776 4014 2042 4086 Hesychii
2086 4019 2143 4072 et
2178 4016 2809 4087 Philoktrat.viss.11,⁷

523 4097 892 4155 commiscuit.
968 4095 1050 4152 Cf.
1087 4093 1291 4150 Mfiller
1325 4094 1406 4148 III
1441 4113 1496 4164 p.
1536 4099 1665 4163 523,
1702 4092 1892 4162 Daub,
1932 4093 2089 4150 stud.
2127 4114 2181 4165 Ρ.
2222 4101 2289 4150 45
2430 4102 2496 4150 14
2534 4091 2564 4150 ὁ
2605 4115 2737 4166 σοφ.
2770 4099 2809 4147 A

527 4185 590 4234 15
637 4181 769 4249 post
814 4172 1124 4246 φιλόσοφος
1166 4175 1309 4244 plur.
1354 4173 1482 4230 libr.
1528 4137 1804 4244 praeibent
1838 4175 2010 4230 verba
2056 4175 2152 4230 καὶ
2190 4172 2426 4246 Μάρκος
2467 4171 2498 4231 ὁ
2536 4169 2810 4267 βασιλεύς,

523 4273 669 4326 quae
699 4275 805 4313 om.
844 4261 891 4308 A
925 4255 1118 4324 itaque
1159 4255 1424 4322 expunxit
1464 4254 1733 4322 Gaisford
1881 4260 1945 4311 16
1984 4249 2369 4324 εὐφυέστατος
2402 4286 2467 4296 -
2506 4256 2723 4325 Συρίας
2758 4247 2805 4326 β’

525 4354 632 4391 om.
663 4341 709 4388 V
856 4341 923 4391 18
963 4333 1044 4398 εἰς
1081 4331 1296 4404 μακρόν
1334 4334 1404 4389 of.
1443 4354 1495 4390 v.
1540 4335 1721 4388 Φίλων
1759 4337 1892 4407 Βυβ.
2044 4341 2109 4390 19
2150 4329 2327 4390 αὐτοῦ
2366 4341 2413 4388 A
