3025 4892
577 201 788 256 XXXII
1446 200 2017 258 PROLEGOMENA.

589 365 758 444 vitas
821 386 970 428 suas
1028 386 1158 429 non
1213 386 1291 428 ex
1351 362 1587 430 Suidae
1641 364 1872 450 lexico,
1936 386 2159 429 verum
2216 387 2294 429 ex
2348 365 2528 430 fonte
2584 365 2722 430 eius
2776 366 2864 430 de·

584 471 946 556 prompisse
1000 471 1211 536 tribus
1263 471 1677 554 potissimum
1734 476 1799 536 et
1852 471 2227 536 certissimis
2286 473 2685 558 argumentis
2734 495 2863 537 con·

579 579 894 644 firmatur.
962 577 1299 642 Primum
1335 578 1508 642 enim
1546 579 1791 643 nullam
1830 579 2153 642 enarravit
2180 579 2383 643 vitam
2421 580 2659 645 aetatis
2690 579 2859 642 Post·

582 683 1042 770 hesychianae,
1099 683 1179 749 de
1227 706 1354 768 qua
1400 707 1573 750 nunc
1620 683 2006 770 ambigitur,
2061 684 2239 748 velut
2290 684 2486 750 Pauli·
2533 686 2862 768 Aeyinetae‚

577 791 882 860 Iohannis
927 791 1334 870 Damasceni,
1396 792 1829 876 Theophylacti
1864 791 2262 875 Simocattae,
2321 792 2574 875 Georyii
2609 791 2861 866 Pisidae,

586 898 922 982 Triphyzlii
947 899 1230 980 episcopi,
1265 899 1537 964 Traiani
1566 898 1835 964 Patricio·
1864 895 2141 984 (ἔγραψε
2170 893 2488 983 χρονικὸν
2519 895 2861 981 σύντομον,

578 1000 764 1071 πάνυ
807 1000 1252 1090 θαυμάσιον),
1299 1005 1542 1088 Iynatii
1588 1005 1863 1090 (ἔγραψε
1910 1007 2099 1087 βίους
2147 1008 2486 1090 Ταρασίου
2522 1002 2631 1069 καὶ
2670 1009 2863 1085 Νικη-

582 1106 808 1196 φόρου
855 1112 1004 1198 etc.)
1061 1111 1140 1175 al.
1151 1161 1168 1194 ,
1225 1133 1498 1195 quarum
1546 1115 1800 1196 partem
1848 1133 1886 1176 a
1932 1111 2383 1176 continuatore
2432 1111 2674 1176 saeculi
2722 1108 2861 1173 noni
2956 1175 2958 1182 ,

581 1216 1014 1302 compositam
1063 1238 1202 1282 esse
1241 1239 1440 1302 supra
1477 1218 1630 1282 dixi.
1702 1216 1993 1284 Deinde
2041 1221 2257 1282 autem
2296 1217 2541 1283 nullius
2590 1215 2859 1282 auctoris

581 1323 1005 1390 ecclesiastici
1036 1325 1236 1389 vitam
1266 1324 1627 1410 descripsit,
1658 1324 1883 1409 quales
1905 1323 2133 1390 Suidas
2164 1324 2432 1410 praebet
2460 1346 2541 1388 ex
2568 1323 2859 1404 EusebiO,

575 1430 1016 1516 Philostorgio
1032 1481 1049 1514 ,
1097 1428 1490 1515 Sophronio,
1538 1430 1835 1515 Socrate,
1882 1429 2267 1516 Sozomeno,
2312 1431 2723 1496 Theodoreto
2771 1429 2857 1492 de-

577 1539 856 1622 scriptas
904 1535 1013 1628 (cf.
1062 1561 1226 1622 quae
1274 1538 1404 1604 dixi
1448 1538 1616 1605 Mus,
1654 1539 1861 1605 Rhen.
1896 1537 2149 1604 XXXV
2185 1562 2249 1623 p.
2284 1535 2529 1624 227)¹),
2578 1535 2859 1622 quamvis
2958 1545 2960 1578 ⁵

574 1645 772 1710 fuerit
817 1645 925 1730 pia
973 1667 1047 1710 ac
1094 1645 1478 1729 christiana,
1529 1665 1803 1730 quorum
1848 1643 2247 1728 Hesychium
2295 1643 2694 1710 mentionem
2743 1665 2859 1707 om-

578 1753 734 1818 nino
789 1774 922 1817 non
979 1752 1276 1816 iniecisse
1323 1754 1494 1818 inter
1541 1773 1764 1817 omnes
1812 1752 1975 1818 satis
2023 1754 2307 1830 constat,
2360 1773 2568 1836 neque
2613 1749 2859 1816 omnino

576 1859 741 1925 alios
771 1858 1084 1924 tractavit
1110 1859 1460 1944 scriptores
1487 1862 1685 1944 atque
1715 1879 1842 1942 eoS,
1882 1880 2042 1942 quos
2071 1879 2152 1922 ne
2180 1857 2576 1942 Hesychium
2616 1857 2859 1941 quidem

577 1964 873 2030 omisisse
920 1964 1338 2030 manifestum
1385 1969 1512 2050 est,
1570 1967 1749 2031 velut
1792 1965 2152 2048 Synesium,
2198 1963 2525 2030 Philonem
2570 1965 2859 2028 Iudaeum

577 2069 685 2158 (de
741 2093 868 2155 quo
923 2071 1094 2136 infra
1157 2067 1438 2158 agetur).
1522 2070 1866 2138 Tertium
1934 2075 2153 2136 autem
2216 2073 2472 2155 praeter
2530 2070 2859 2136 nonnullas

575 2180 746 2244 vitas
812 2199 888 2242 ex
953 2177 1151 2244 schol.
1209 2178 1549 2264 Aristoph.
1613 2180 1916 2252 oriundas
1981 2179 2431 2263 posteriusque
2498 2200 2577 2242 ex
2640 2176 2860 2242 Suidae

574 2285 780 2350 lexico
827 2285 1274 2369 interpolataS,
1323 2287 1572 2350 nullam
1616 2286 1902 2371 praebet,
1950 2308 2144 2370 quam
2184 2285 2440 2350 aliunde
2480 2282 2720 2350 Suidae
2756 2285 2855 2347 flu·
2962 2311 2964 2340 ε

572 2393 751 2480 xisse
799 2396 1200 2477 compertum
1258 2392 1601 2476 habemus,
1655 2391 1796 2458 dico
1860 2415 1939 2458 ex
1985 2392 2372 2476 scriptorum
2424 2389 2854 2457 Romanorum

570 2521 836 2565 numero
882 2499 1076 2564 Fabii
1121 2499 1389 2565 Pictoris
1435 2521 1510 2564 ex
1553 2498 1835 2583 Polybio
1882 2500 2203 2583 haustam,
2246 2498 2567 2563 Iuvenalis
2614 2520 2693 2563 ex
2732 2496 2852 2562 Ma·

566 2607 701 2672 lala
763 2630 827 2691 p.
879 2606 1009 2670 263
1078 2605 1311 2689 Bonn.,
1377 2603 1685 2670 Ciceronis
1750 2627 1826 2670 ex
1891 2606 2114 2690 glossa
2179 2603 2465 2669 Suidana
2537 2606 2848 2684 Φολουία,

569 2715 775 2792 Ennii
819 2735 895 2777 ex
943 2711 1216 2776 Aeliano
1267 2712 1368 2795 al.,
1414 2733 1561 2776 cum
1609 2712 1835 2777 eadem
1883 2711 2205 2777 describat
2248 2711 2521 2793 Auyusti
2556 2710 2855 2788 Cae-saria

570 2819 782 2883 Euodi
824 2817 1080 2896 Rhodii,
1131 2818 1362 2883 Tiberii
1406 2816 1719 2897 Caesaris,
1758 2817 2125 2898 Claudiani,
2174 2840 2331 2902 quas
2370 2815 2682 2902 Hesychii
2734 2836 2857 2881 esse

571 2925 759 2989 docui
805 2924 970 2990 Mne.
1017 2923 1220 2990 Rhen.
1256 2923 1534 2989 XXXVI
1580 2949 1641 3010 p.
1672 2926 1802 2989 316
1824 2947 1979 3010 seq„
2026 2927 2275 2991 nullam
2323 2925 2598 3010 denique
2644 2947 2727 2989 ex
2770 2924 2856 3002 iis,

572 3053 730 3117 quas
796 3032 953 3116 quin
1017 3031 1097 3096 ad
1151 3032 1420 3096 verbum
1487 3054 1565 3096 ex
1619 3031 1969 3098 Damascio
2024 3033 2128 3099 vel
2183 3032 2701 3118 Harpocratione
2765 3027 2858 3115 (cf.

571 3138 658 3221 gl.
714 3133 1010 3224 Εὔηνος)
1025 3136 1077 3224 2)
1138 3139 1278 3222 ipse
1337 3137 1571 3204 Suidas
1638 3139 2073 3225 descripserit,
2136 3163 2326 3206 nemo
2390 3141 2521 3204 iam
2587 3139 2853 3204 dubitat.

572 3363 749 3419 habet
783 3361 1102 3435 yvocqietie“.
1176 3385 1229 3437 p.
1269 3373 1333 3421 61
1381 3361 1874 3436 Ἀπολλόδωρος
1920 3367 2237 3438 ,,Αἰσχρίων
2283 3371 2435 3424 reete
2482 3367 2686 3438 optimi
2724 3364 2858 3432 libri,

568 3443 810 3516 Αἰσχίων
838 3451 932 3500 ΒΕ
971 3447 1096 3502 edd.
1124 3451 1262 3504 vett.
1301 3453 1360 3504 et
1388 3450 1580 3505 Eud.“.
1638 3449 1715 3504 At
1742 3447 2013 3518 Αἰσχρίων
2042 3468 2185 3504 unus
2213 3451 2339 3504 Par.
2366 3455 2414 3503 A
2453 3452 2513 3503 et
2540 3448 2667 3504 Vat.
2698 3449 2854 3502 Pear-

570 3543 707 3594 son.,
747 3525 986 3597 Αἰσχίων
1024 3529 1172 3598 vulg.
1251 3529 1313 3582 In
1351 3527 1681 3598 Apollodori
1716 3528 1920 3598 tragici
1957 3529 2076 3584 vita
2113 3525 2517 3598 ,,ἀκανθόπλιξ
2555 3529 2695 3583 Eud.
2737 3542 2854 3582 cum

570 3609 706 3661 vett.
747 3607 925 3662 edd.“.
1000 3610 1078 3663 At
1122 3608 1331 3663 Aldina
1367 3624 1494 3662 mea
1540 3611 1619 3677 (et
1663 3609 1789 3664 fort.
1838 3609 1960 3663 edd.
2010 3613 2169 3679 vett.)
2220 3605 2595 3674 ἆκανθοπλίξ.
2669 3628 2721 3678 p.
2764 3609 2855 3660 385

569 3682 886 3756 Σώφιλος
929 3730 962 3757 ,,
974 3690 1248 3757 χοιρίδιον
1285 3687 1411 3743 Ald.
1459 3688 1529 3743 de
1568 3688 1892 3744 coniectura
1928 3692 1987 3744 et
2020 3691 2145 3746 Bas.
2185 3693 2242 3744 et
2278 3688 2475 3744 Eud.“.
2548 3691 2626 3743 At
2661 3687 2857 3742 Aldina

569 3786 697 3824 cum
731 3772 1005 3821 ABVEM
1040 3769 1276 3837 praebet
1311 3771 1596 3838 χειρίδων.
1663 3767 1783 3822 Illis
1821 3768 2116 3839 exemplis,
2151 3769 2199 3823 si
2236 3767 2487 3838 quaeris,
2524 3768 2713 3838 facile,
2752 3765 2855 3835 opi-

566 3865 698 3918 nor,
734 3850 900 3920 plura
937 3849 1144 3903 addere
1181 3851 1360 3919 potes.

715 3940 766 4007 1)
815 3937 894 3992 Of.
943 3933 1088 3992 §itas
1123 3936 1434 3992 Alexandri
1477 3937 1893 4007 Hieropolitae,
1938 3937 2134 3992 Basilii
2170 3939 2453 4008 Ancyrani
2498 3942 2559 3994 et
2602 3941 2855 4007 Irenopo-

567 4018 762 4088 lensis,
811 4017 1065 4088 Dionysii
1104 4015 1508 4088 Areopagitae,
1548 4018 1875 4086 vHecebolii,
1921 4018 2149 4074 Eusebii
2199 4019 2508 4088 Pamphili,
2554 4016 2855 4088 Hippolyti,

566 4098 790 4155 Ioannis
827 4097 1240 4168 chrysostomi,
1285 4095 1511 4166 Iustini‚
1550 4097 1714 4165 Iusti,
1752 4098 1977 4166 Iosephi
2014 4101 2137 4166 (art.
2170 4101 2242 4169 1),
2281 4099 2531 4168 Leontii,
2570 4096 2854 4160 Methodii,

568 4181 721 4234 Petri
757 4179 950 4249 Mongi
963 4220 976 4247 ‚
1015 4177 1247 4232 Sisinnii
1283 4177 1353 4231 al.

710 4264 762 4328 2)
811 4263 894 4316 De
930 4261 1114 4330 poetis
1162 4257 1258 4328 qui
1295 4274 1495 4312 nomen
1537 4254 1761 4327 Εὔηνος
1798 4258 2109 4327 habebant,
2157 4260 2225 4313 cf.
2268 4259 2623 4329 Bernhardy,
2670 4263 2855 4316 Erato-

566 4341 745 4396 sthen.
785 4358 836 4408 p.
867 4345 999 4406 243,
1039 4338 1248 4422 Hiller,
1285 4336 1484 4391 Annal.
1527 4339 1665 4410 phil.
1708 4343 1845 4392 1881
1883 4355 1938 4406 p.
1968 4346 2088 4395 477.
