3025 4892
569 200 656 265 34
1492 195 1927 256 HESYOHIUS.

651 417 660 424 .
748 360 1104 429 CXXVIII.
1210 357 1685 440 Ἀσπάσιος
1765 359 2005 449 Τύριος
2080 362 2429 447 σοφιστής,
2516 357 2871 448 ἱστορικός.

567 468 815 555 ἔγραψε
857 469 1008 557 περὶ
1039 464 1352 556 Ἠπείρου
1395 469 1508 536 καὶ
1549 471 1685 536 τῶν
1724 469 1797 536 ἐν
1835 465 2004 556 αὐτῇ
2042 470 2349 554 ἱστορίαν
2385 467 2745 556 σύμμικτον
2792 469 2873 534 έν

567 580 851 662 βιβλίοις
896 575 983 661 κ’,
1029 575 1180 662 περὶ
1225 577 1458 661 τέχνης
1504 577 1857 665 ῥητορικῆς
1901 575 2012 642 καὶ
2060 573 2245 642 ἄλλα.

651 721 658 730 ·
742 683 1032 750 CXXIX.
1100 679 1717 768 Ἀστράμψυχος,
1765 679 1840 761 ὃς
1884 687 2150 768 βιβλίον
2198 680 2501 766 ἰατρικὸν
2540 687 2635 762 εἰς
2676 680 2878 750 ὄνων

509 810 536 852 5
563 793 932 876 θεραπείαν
976 793 1288 875 πεποίηκε
1333 789 1446 856 καὶ
1493 785 2035 878 ὀνειροκριτικόν.

744 897 995 966 ΟΧΧΧ.
1076 893 1502 983 Ἀστυάγης
1548 894 2013 984 γραμματικός.
2106 897 2345 983 τέχνην
2383 893 2874 984 γραμματικήν,

566 1004 716 1092 περὶ
763 1004 1159 1088 διαλέκτων,
1213 1003 1365 1088 περὶ
1425 1005 1717 1090 μέτρων,
1771 1002 2063 1084 κανόνας
2110 1000 2555 1090 ὀνοματικούς
2604 1003 2710 1071 καὶ
2769 1007 2875 1080 είς

568 1115 1002 1198 Καλλίμαχον
1045 1108 1167 1179 τὸν
1209 1107 1494 1197 ποιητὴν
1540 1106 1917 1197 ὑπόμνημα.

747 1217 1036 1287 CXXXI.
1102 1214 1588 1304 Ἀστυδάμας
1635 1214 1670 1284 ὁ
1715 1216 2111 1306 πρεσβύτης,
2154 1215 2303 1296 υίὸς
2338 1222 2703 1303 Μορσίμου
2734 1219 2869 1284 τοῦ

493 1346 544 1385 10
578 1325 1006 1409 Φιλοκλέους,
1041 1328 1374 1413 τραγικῶν
1403 1320 1825 1410 ἀμφοτέρων,
1857 1321 2217 1410 Ἀθηναῖος
2243 1323 2574 1410 τραγικός.
2622 1329 2871 1412 ἔγραψε

569 1434 947 1523 τραγῳδίας
992 1430 1120 1518 σμ’,
1159 1435 1431 1528 νἐνίκησε
1479 1432 1581 1498 ιε’.
1654 1427 2156 1519 ἀκροασάμενος
2194 1431 2269 1500 δὲ
2304 1423 2392 1518 ἦν
2425 1427 2871 1520 Ἰσοκράτους,

569 1537 682 1606 καὶ
729 1536 976 1625 ἐτράπη
1024 1538 1128 1606 ἐπὶ
1165 1541 1567 1629 τραγῳδίαν.

746 1646 1072 1714 CXXXII.
1122 1643 1606 1731 Ἀστυδάμας
1643 1641 1680 1712 ὁ
1719 1645 1891 1730 νέος,
1928 1644 2074 1726 υίὸς
2091 1644 2225 1714 ’τοῦ
2254 1647 2608 1734 προτέρου,
2642 1671 2869 1732 τραγι-

565 1751 682 1832 κὸς
717 1751 828 1820 καὶ
866 1749 1083 1831 αὐτός.
1140 1750 1441 1840 δράματα
1480 1748 1689 1819 αὐτοῦ
1718 1748 2047 1839 Ἡρακλῆς
2092 1751 2466 1838 σατυρικός,
2499 1751 2867 1838 Ἐπίγονοι,
2932 1821 2939 1828 ,

491 1880 542 1924 15
569 1867 741 1939 Αἴας
786 1857 1219 1947 μαινόμενος,
1276 1857 1849 1946 Βελλεροφόντης,
1914 1856 2142 1946 Τυρώ,
2193 1855 2559 1948 Ἀλκμήνη,
2612 1860 2869 1944 Φοῖνιξ,

569 1964 1004 2055 Παλαμήδης.

749 2071 1109 2142 CXXXIII.
1187 2068 1493 2160 Αὐγέας
1532 2069 1891 2160 Ἀθηναῖος
1934 2070 2241 2161 κωμικός.
2324 2076 2461 2140 τῶν
2510 2071 2869 2162 δραμάτων

569 2173 782 2246 αὐτοῦ
809 2175 1184 2267 ”Αγροικος,
1231 2177 1593 2268 Πορφύρα,
1642 2179 1771 2259 Δὶς
1804 2177 2403 2269 κατηγορούμενος.
2467 2184 2605 2248 ἔστι
2642 2178 2717 2247 δε
2754 2183 2869 2265 τῆς

568 2287 773 2372 μέσης
808 2289 1176 2377 κωμῳδίας.

491 2414 547 2454 20
754 2393 1115 2460 CXXXIV..
1191 2389 1653 2478 Αὔγουστος
1698 2399 2052 2479 Καῖσαρ,
2114 2389 2151 2459 ὁ
2214 2392 2326 2460 καὶ
2373 2392 2715 2478 Σεβαστὸς
2759 2391 2865 2459 καὶ

560 2497 986 2586 Ὀκταβιανὸς
1053 2499 1451 2586 ἐπικληθεὶς.
1554 2505 1854 2587 [ἔγραψε]
1920 2500 2070 2588 περὶ
2124 2503 2247 2567 τοῦ
2304 2502 2487 2567 ἰδίου
2541 2504 2700 2586 βίου
2757 2498 2864 2565 καὶ

566 2609 704 2674 τῶν
778 2605 1084 2689 πράξεων
1162 2609 1388 2691 βιβλία
1469 2603 1566 2691 ιγ’
1636 2607 1747 2675 καὶ
1820 2609 2201 2698 τραγωδίαν
2266 2606 2561 2685 Αἴαντός
2629 2632 2701 2674 τε
2756 2604 2863 2672 καὶ

564 2706 924 2797 Ἀχιλλέως.

572 2907 977 2977 μαθηματικοῦ
1005 2923 1134 2978 pars
1163 2906 1290 2961 libr.
1327 2900 1426 2960 καὶ
1465 2924 1572 2962 om.
1594 2885 1819 2961 ’anu
1848 2909 1999 2965 Eud.
2040 2908 2137 2962 καὶ
2174 2904 2438 2978 μαθητής
2474 2911 2539 2962 ut
2574 2908 2795 2963 videtur
2818 2912 2861 2959 Δ

572 2983 836 3058 μαθητής
863 2987 1158 3058 proposuib
1175 2986 1467 3056 Gaieforc13
1499 2987 1759 3057 equidem
1788 3007 1853 3043 ex
1868 2989 2116 3043 Violario
2136 2985 2260 3051 υίὸς
2282 2988 2380 3042 καὶ
2400 2984 2663 3058 μαθητής
2682 2987 2860 3056 recepi

714 3065 994 3122 CXXVIII
1039 3065 1191 3122 Eud.
1237 3084 1291 3135 p.
1335 3071 1454 3124 113.
1529 3067 1609 3121 Cf.
1648 3068 1853 3122 Mfiller
1897 3069 1935 3126 1.
1984 3086 2030 3122 c.
2198 3074 2224 3122 1
2276 3064 2546 3138 σοφιστὴς
2593 3065 2857 3136 ἴστορικός
2977 3065 2978 3102 }

571 3149 722 3204 Eud.
870 3153 902 3201 2
940 3146 1068 3216 περὶ
1111 3142 1299 3215 Τύρου
1338 3146 1479 3202 coni.
1512 3148 1743 3216 Μιῖῑῑον,
1781 3147 1879 3217 qui
1917 3147 2087 3202 etiam
2125 3150 2257 3216 post
2294 3144 2356 3202 ἐν
2394 3143 2539 3216 αὐτῇ
2578 3148 2856 3218 interpun-

572 3228 817 3298 gendum
856 3243 976 3281 esse
1011 3226 1158 3282 vidit

715 3305 939 3361 CXXIX
977 3323 1083 3362 om.
1125 3306 1400 3363 Westerm.
1467 3306 1549 3364 cf.
1579 3275 1793 3363 Fabric.
1833 3308 1969 3362 bibl.
1999 3309 2077 3363 IV
2113 3327 2166 3378 p.
2201 3313 2329 3379 152,
2367 3307 2418 3361 V
2454 3327 2507 3378 p.
2539 3315 2605 3362 23
2612 3315 2661 3365 5.
2713 3309 2854 3364 Alte-

571 3405 694 3442 rum
731 3386 938 3442 librum
978 3389 1167 3441 extare
1205 3387 1423 3441 monuib
1457 3387 1734 3442 Kasterus

717 3466 913 3522 CXXX
947 3467 1100 3523 Eud.
1139 3486 1194 3538 p.
1235 3473 1336 3522 109
1485 3473 1517 3522 6
1556 3465 1758 3538 τέχνην
1795 3489 1878 3538 γρ.
1919 3465 2133 3538 ἔγραψε
2171 3468 2323 3523 Eud.
2481 3474 2510 3522 7
2550 3468 2681 3538 περὶ
2716 3489 2861 3540 μετρ.

571 3541 822 3610 κανόνας
859 3554 904 3602 Δ

718 3630 942 3686 CXXXI
977 3631 1130 3686 Eud.
1169 3648 1223 3700 p.
1259 3635 1376 3684 116.
1435 3629 1518 3685 Cf.
1558 3629 1782 3686 Clinton
1816 3648 1871 3700 p.
1901 3635 1967 3684 99
1997 3629 2091 3686 Kr.
2130 3629 2410 3699 Weloker‚
2450 3629 2669 3685 Griech.
2700 3631 2859 3699 Trag.

561 3731 628 3782 p.
672 3717 806 3768 1052
838 3729 950 3783 seq.
1111 3715 1143 3763 9
1178 3704 1541 3779 Ἀστυδάμας,
1573 3702 1683 3764 Ἀθ.
1722 3731 1877 3781 τραγ.
1917 3711 2069 3767 Eud.
2232 3717 2295 3765 11
2334 3706 2761 3780 ἀκροασάμενος
2794 3743 2860 3752 -

573 3794 893 3864 τραγῳδίαν
929 3792 1002 3848 ad
1039 3791 1279 3846 alterum
1318 3792 1542 3860 poissfiam
1580 3790 1803 3846 rettulif,
1836 3792 2174 3862 Bernhardy

719 3871 972 3928 CXXXII
1009 3867 1842 3940 Eud.p.117.cf.We10ker
1878 3891 1930 3941 p.
1964 3877 2101 3927 1060
2250 3877 2315 3926 13
2344 3867 2384 3926 ὁ
2422 3869 2569 3940 νέος,
2606 3868 2862 3941 τραγικὸς

573 3952 673 4007 καὶ
709 3949 884 4015 αὐτὸς
921 3953 1072 4008 Eud.
1223 3958 1289 4005 14
1320 3945 1620 4020 Ηρακλῆς,
1660 3948 1979 4021 Σατυρικός
2014 3957 2132 4006 ΔΙᾱ.
2172 3950 2323 4006 Eud.

718 4032 996 4088 CXXXIII
1033 4031 1186 4086 Eud.
1222 4048 1278 4100 p.
1309 4035 1428 4085 117.
1497 4030 1580 4086 cf.
1618 4030 1878 4087 Meineke
1915 4033 1939 4087 I
1976 4050 2030 4102 p.
2070 4039 2175 4087 416
2288 4039 2353 4088 18
2393 4029 2677 4103 Πυρφόρα
2711 4034 2853 4088 Eud.

571 4110 1062 4184 καταγορούμενος
1099 4118 1143 4165 V

713 4193 990 4248 CXXXIV
1037 4210 1144 4247 om.
1177 4193 1451 4248 Westerm.
1498 4192 1651 4247 Eud.
1689 4212 1743 4263 p.
1774 4199 1892 4248 117.
1961 4193 2223 4250 'Praetavi
2257 4192 2397 4247 Mne.
2427 4194 2603 4249 Rhen.
2634 4195 2856 4249 XXXVI

572 4293 627 4342 p.
657 4280 779 4329 317.
831 4272 1042 4328 Eadem
1074 4273 1263 4343 glossa.
1288 4291 1340 4329 v.
1369 4276 1591 4341 Καῖσαρ
1628 4273 1866 4328 iteratur
1974 4279 2044 4326 20
2070 4267 2204 4342 Αῧγ.
2233 4277 2397 4330 Καῖσ.
2432 4269 2674 4348 Ὀκταβ.,
2709 4271 2739 4329 ὁ
2766 4276 2857 4330 καὶ

567 4355 704 4426 Σεβ.
735 4349 822 4406 ἐπ.
852 4353 1003 4408 Eud.
1147 4361 1212 4408 22
1243 4354 1565 4426 τραγῳδίαν
1604 4383 1669 4393 -
1709 4352 2023 4422 συντέθηκε
2062 4353 2163 4408 καὶ
2198 4352 2328 4424 περὶ
2364 4374 2411 4409 τ.
2450 4351 2524 4408 ld.
2556 4356 2604 4428 β.
2642 4355 2739 4410 καὶ
2766 4377 2852 4426 πρ.
