3025 4892
1103 238 1528 295 HESYCHIUS.
2331 241 2457 305 143

353 400 772 467 DXXXVIII.
815 406 1229 478 Μουσαῖος
1251 397 1553 483 Ἐφέσιος
1582 398 1913 481 ἐποποιός,
1950 400 2059 466 καὶ
2088 397 2291 479 αὐτὸς
2320 406 2457 468 τῶν

155 510 258 585 είς
313 505 466 585 τοὺς
511 504 1000 594 Περγαμηνοὺς
1045 504 1349 585 κύκλους.
1429 510 1673 594 ἔγραψε
1724 510 2101 593 Περσηίδος
2138 512 2363 591 βιβλία
2404 506 2454 572 ι’

152 614 274 679 καὶ
333 618 420 693 εἰς
465 610 735 699 Εὐμενῆ
782 616 892 681 καὶ
919 613 1260 681 ’Ἀτταλον.

349 730 699 796 DXXXIX.
769 736 1187 807 Μουσαῖος
1233 734 1549 815 Θηβαῖος,
1598 727 1877 817 Θαμύρα
1922 729 2071 807 υίὸς
2126 732 2247 797 τοῦ
2300 736 2455 796 Φιλ-

150 836 503 923 άμμωνος,
586 834 972 923 μελοποιός,
1048 834 1341 922 γεγονὼς
1416 840 1641 927 πολλῶ
1712 834 1841 924 πρὸ
1910 840 2046 904 τῶν
2121 841 2454 923 Τρωικῶν.
2484 856 2509 895 5

161 949 416 1029 ἔγραφε
461 946 624 1031 μέλη
673 944 782 1011 καὶ
831 942 1105 1033 ᾅσματα.

344 1060 539 1125 DXL.
640 1057 1034 1127 Μουσῶν
1061 1084 1141 1125 ιο
1167 1084 1198 1137 ς
1273 1064 1699 1141 Καπίτωνος,
1788 1065 2133 1147 Τυρρηνος
2206 1058 2458 1138 πόλεως

157 1172 600 1249 Βουλσινίου,
640 1162 1048 1243 διαλεκτικὸς
1085 1164 1458 1251 φιλόσοφος
1503 1165 1614 1232 καὶ
1654 1164 1973 1249 Στωικός,
2020 1163 2315 1252 γεγονὼς
2354 1166 2455 1232 ἐπὶ

155 1272 506 1357 Νέρωνος,
555 1270 891 1359 γνεόριμος
936 1271 1008 1338 δὲ
1050 1270 1502 1339 Ἀπολλωνίου
1548 1274 1668 1338 τοῦ
1724 1275 2031 1351 Τυανέως
2076 1273 2184 1341 καὶ
2232 1271 2457 1340 ἄλλων

157 1382 456 1445 πολλῶν·
517 1364 687 1463 πρὸς
734 1373 814 1445 ὃν
861 1378 971 1443 καὶ
1019 1378 1353 1445 ἐπιστολαὶ
1392 1379 1713 1465 φέρονται
1747 1376 2199 1447 Ἀπολλωνίου
2244 1377 2455 1446 κάκεί-
2490 1396 2538 1435 10

155 1511 295 1551 νου
336 1482 499 1571 πρὸς
539 1481 1005 1551 Ἀπολλώνιον.
1083 1480 1194 1551 διὰ
1232 1488 1401 1570 γοῦν
1439 1484 1565 1570 τὴν
1602 1492 1980 1573 παρρησίαν
2019 1486 2129 1553 καὶ
2166 1485 2241 1553 τὸ
2283 1488 2458 1571 ἐλεγ-

159 1588 398 1657 κτικὸν
469 1590 582 1658 καὶ
609 1582 626 1590 ”
655 1588 726 1657 τὸ
805 1587 1226 1677 ὑπερβάλλον
1299 1595 1415 1677 τῆς
1489 1593 1873 1677 ἐλευθερίας
1944 1589 2075 1661 ὑπὸ
2138 1594 2461 1679 Νέρωνος

157 1695 560 1784 οἷναιρεῖται.
637 1699 956 1783 φέρονται
1003 1695 1214 1765 αὐτοῦ
1263 1696 1451 1783 λόγοι
1501 1698 1821 1786 διάφοροι
1869 1704 2279 1785 φιλοσοφίας
2316 1702 2457 1787 ἐχό-

163 1830 366 1890 μενοι
409 1806 518 1871 καὶ
569 1806 923 1871 ἐπιστολαί.

352 1922 577 1988 DXLI.
666 1926 885 1987 Μυῖα
933 1916 1264 2006 Θεσπιακὴ
1312 1921 1567 2008 λυρική.
1652 1922 1813 2009 μέλη
1861 1921 2025 2011 πρὸς
2072 1921 2286 2009 λύραν
2340 1919 2455 2008 ἆρ-
2489 1938 2539 1976 1⁵

159 2027 474 2115 μόζοντα.
2440 2038 2449 2047 ’

345 2145 604 2209 DXLII.
679 2150 764 2209 M
769 2169 812 2209 υ
829 2156 904 2208 ἴα
952 2146 1358 2230 Σπαρτιᾶτις
1402 2142 1730 2229 ποιήτρια.
1803 2142 2060 2230 ὕμνους
2107 2151 2200 2223 είς
2232 2142 2456 2212 Ἀπόλ-

156 2260 352 2317 λωνα
397 2251 507 2317 καὶ
533 2248 866 2338 ”Αρτεμιν.

311 2524 647 2581 DXXXVIII
687 2528 838 2583 Eud.
867 2547 920 2598 p.
945 2534 1066 2583 501.
1115 2526 1195 2581 Cf.
1226 2526 1488 2595 Diintzer‚
1518 2526 1618 2595 Ep.
1648 2526 1714 2583 fr.
1746 2526 1799 2580 ΙΙ
1826 2545 1880 2596 p.
1910 2511 1992 2580 83‘
2088 2534 2120 2581 2
2159 2526 2257 2581 καὶ
2286 2523 2460 2590 αὐτὸς

156 2608 300 2660 ante
335 2603 577 2669 κύκλους
619 2608 894 2677 praebent
939 2608 1094 2674 libri,
1140 2609 1286 2661 unde
1335 2606 1676 2675 transposui3
1724 2604 1964 2661 Κύκλων
2012 2607 2239 2662 nomine
2290 2608 2457 2677 signi·
2535 2618 2549 2629 ·

155 2686 318 2740 ficari
349 2686 578 2753 Thesea,
611 2687 708 2755 qui
736 2684 943 2742 κύκλον
971 2688 1212 2743 virorum
1242 2686 1547 2741 illusssrium
1576 2687 1824 2756 scripsit,
1854 2704 2049 2756 parum
2079 2687 2460 2742 verisimiliter

154 2768 332 2835 putat
368 2767 570 2821 Mtiller
605 2768 682 2820 IV
719 2786 772 2836 p.
803 2774 906 2823 519
1043 2766 1125 2830 εἷς
1171 2768 1282 2820 τῶν
1319 2767 1419 2819 τοῦ
1468 2769 1849 2836 Περγαμηνοῦ
1897 2767 1994 2821 καὶ
2032 2762 2205 2830 αὐτὸς
2250 2763 2458 2823 κύκλου

155 2846 410 2900 tentavit
451 2848 700 2916 Toupius
739 2845 1004 2911 ἐποποιὸς
1045 2848 1140 2901 καὶ
1185 2842 1370 2908 αὐτός.
1439 2845 1653 2916 ἔγραψε
1696 2850 2008 2917 Περσηίδος
2057 2850 2242 2919 βιβλία
2282 2844 2322 2901 ι’
2364 2846 2459 2901 καὶ

158 2924 244 2987 εἰς
289 2922 519 2995 Εὐμένη
556 2928 652 2981 καὶ
680 2923 936 2982 ’Ἄτταλον
974 2924 1106 2989 τοὺς
1145 2924 1557 2996 Περγαμηνοὺς
1598 2922 1885 2988 ἔπινίκους
1927 2928 2019 2982 vel
2057 2924 2325 2991 ἐποποιὸς
2362 2929 2459 2982 καὶ

113 3006 128 3023 ’
156 3001 338 3067 αὐτὸς
384 3004 648 3069 κυκλικός
703 3008 1032 3075 Volkmann,
1079 3008 1302 3073 Quaest.
1350 3024 1476 3062 nov,
1522 3025 1578 3075 p.
1617 3006 1746 3060 VIII
1795 3002 1956 3061 ἔποπ.
2011 3006 2107 3060 καὶ
2153 3002 2326 3069 αὐτός
2374 3011 2460 3077 (uss

155 3086 442 3155 Ephesius
499 3105 622 3141 cum
672 3088 956 3141 Eleusinio
1015 3088 1376 3154 conferressur)
1431 3088 1491 3141 e'c
1547 3082 1759 3155 υμνούς
1814 3090 1943 3140 ante
2002 3085 2082 3148 εἰς
2120 3082 2271 3157 Εὖμ.
2330 3088 2456 3141 add.

165 3166 544 3222 Wachsmuth.
605 3166 684 3222 Cf.
716 3168 904 3234 Daub,
941 3168 1009 3223 de
1041 3167 1191 3223 Suid.
1222 3185 1276 3236 p.
1307 3172 1428 3235 417,
1469 3167 1564 3235 qui
1602 3168 1672 3220 de
1709 3167 1891 3236 poetis
1921 3166 2280 3236 Pergamenis
2305 3170 2459 3221 recte

161 3266 214 3301 v.
261 3249 533 3315 Λεσχίὸης
569 3248 810 3302 οοηίῑιιὶίΐ.
933 3245 1144 3310 κύκλας
1171 3252 1216 3299 V
1509 3236 1523 3247 ⁵

312 3325 594 3381 DXXXIX
629 3328 778 3383 Eud.
819 3346 872 3397 p.
904 3334 1004 3382 501
1147 3333 1178 3381 5
1217 3326 1298 3380 sic
1337 3330 1436 3378 Av
1473 3323 1583 3395 πρὸ
1622 3328 1733 3381 τῶν
1777 3333 1873 3398 Τρ·.
1912 3328 2092 3399 πολλῷ
2130 3327 2274 3395 vuly.
2306 3326 2457 3380 Eud.

313 3414 458 3470 DXL
497 3416 648 3470 Eud.
687 3434 742 3485 p.
771 3422 892 3470 495.
948 3416 1027 3473 Cf.
1068 3436 1118 3472 v.
1150 3417 1469 3486 Κορνοῦτος
1597 3422 1629 3469 8
1668 3420 2007 3472 Βουασινιόυ
2047 3420 2312 3468 Anvmt
2340 3421 2457 3481 Ala,

160 3494 320 3549 Eud.
362 3512 498 3549 corr.
527 3496 827 3564 Kusterus3
866 3513 1110 3551 errorem
1148 3514 1184 3552 a
1218 3496 1398 3551 literis
1436 3497 1751 3551 uncialibus
1780 3497 2091 3567 profectum
2104 3512 2239 3549 esse
2278 3494 2458 3563 suspi-

160 3573 329 3629 ceriS.
405 3573 484 3628 cf.
525 3576 742 3631 Unters.
782 3596 836 3646 p.
869 3584 933 3631 ⁷1
958 3594 1070 3645 seq.
1232 3585 1264 3631 9
1304 3576 1367 3633 δὲ
1407 3578 1538 3632 add.
1579 3582 1623 3629 A
1661 3595 1766 3633 om.
1796 3582 1841 3629 V
1878 3578 1975 3631 rel.
2138 3573 2235 3628 καὶ
2278 3569 2458 3628 ἄλλων

163 3686 234 3695 --
277 3655 406 3709 exit«.
447 3673 554 3711 om.
583 3656 736 3713 Eud.
774 3661 871 3711 καὶ
909 3653 1090 3712 ἄλλων
1127 3658 1371 3725 πολλῶν,
1422 3655 1518 3712 διὰ
1558 3657 1637 3732 δὲ,
1662 3654 1723 3712 τὸ
1766 3651 2088 3727 ἐλεγκτικὸν
2127 3649 2306 3707 αὐτοῦ
2342 3649 2454 3707 ὑπὸ

165 3734 438 3803 Νέρωνος
475 3732 808 3804 ἀναιρεῖται.
874 3735 1015 3807 πρὸς
1053 3731 1121 3792 ὃν
1167 3738 1264 3791 καὶ
1314 3734 1601 3791 ἐπιστολαὶ
1648 3736 1919 3807 φέρονται
1962 3732 2320 3789 Ἀπολλωνίου
2360 3728 2457 3786 κᾶ-

164 3817 364 3871 κείνου
401 3811 542 3883 πρὸς
574 3811 958 3871 Ἀπολλώνιον·
997 3814 1096 3872 διὰ
1125 3819 1266 3887 γοῦν
1305 3813 1406 3886 τὴν
1435 3820 1753 3887 παρρησίαν
1783 3818 1880 3872 καὶ
1918 3814 1979 3870 τὸ
2013 3810 2331 3883 ἐλεγκτικὸν
2362 3812 2460 3866 καὶ

165 3890 520 3965 ὑπερβάλλον
567 3896 664 3965 τῆς
713 3893 1043 3962 ἐλευθερίας
1098 3892 1210 3951 ὑπὸ
1261 3897 1529 3967 Νέρωνος
1575 3893 1894 3965 ἀναιρεῖται
1936 3903 1999 3963 V,
2045 3895 2141 3949 ubi
2187 3894 2357 3947 verba
2401 3894 2461 3946 in

168 3975 331 4028 initio
367 3975 556 4044 posita
588 3971 683 4029 διὰ
713 3973 776 4029 δὲ
810 4006 876 4015 --
906 3970 1224 4047 ἀναιρεῖται
1260 3978 1474 4032 librarii
1511 3978 1757 4032 incuriae
1797 3978 2070 4031 debentur
2180 3983 2245 4029 10
2280 3971 2459 4029 Ἀπολ-

171 4057 372 4108 λωνίου
401 4052 541 4123 πρὸς
570 4050 748 4110 αὐτόν
767 4060 811 4107 Δ
849 4052 976 4109 κάκ.
1007 4086 1074 4095 -
1098 4051 1301 4110 Ἆπολλ.
1323 4075 1428 4112 om.
1449 4064 1494 4110 Ε
1609 4064 1674 4112 14
1714 4058 1805 4111 καὶ
1838 4058 1963 4111 add.
1989 4061 2137 4108 ABE
2176 4073 2282 4110 om.
2312 4058 2458 4125 ναῖς.

313 4144 779 4199 DXLI—-DXLII
816 4144 965 4199 Eud.
1006 4165 1061 4214 p.
1093 4151 1213 4200 501.
1280 4147 1361 4201 Cf.
1401 4166 1452 4202 v.
1483 4144 1752 4215 Κόριννα.
1820 4146 2117 4201 Corinnam
2155 4147 2301 4201 enim
2340 4162 2458 4200 esse

174 4225 424 4293 exposuit
446 4224 734 4291 Welcker,
774 4225 862 4281 Kl.
904 4225 1057 4280 Sohr.
1100 4228 1148 4279 11
1186 4244 1238 4295 p.
1275 4232 1374 4279 158
1544 4232 1607 4281 15
1649 4222 1898 4294 Θεσπική
1938 4232 1981 4277 E
2141 4222 2459 4295 ἁρμόζοντα

175 4310 374 4358 ABVE
414 4301 734 4375 ἁρμόζουσα
771 4307 915 4375 vulg).
947 4305 1098 4360 Eud.

311 4378 512 4440 DXLII
591 4390 654 4439 17
698 4382 961 4454 ποιήτρια
1001 4383 1081 4447 εἰς
1119 4418 1180 4423 -
1225 4380 1415 4455 ὕμνων
1456 4386 1605 4442 Eud.
