3025 4892
529 165 614 230 98
1452 161 1882 221 HESYGHIUS.

522 323 662 394 εἶτα
731 323 1075 416 ἀνδράχνῃ
1141 328 1498 396 ἐσκέπασεν
1568 328 1640 393 ἐν
1703 329 1795 417 τῷ
1868 327 2409 409 ἐπιδείκνυσθαι,
2484 322 2593 391 καὶ
2656 322 2812 409 μετὰ

524 436 730 502 ταῦτα
790 432 1130 521 εἰσήνεγκε
1183 435 1296 502 καὶ
1350 432 1474 520 τὴν
1530 437 1667 501 τῶν
1723 436 2161 519 προσωπείων
2216 434 2461 519 χρῆσιν
2519 433 2589 499 ἐν
2644 430 2814 519 μόνῃ

453 590 456 594 ν
525 536 751 629 ὀθόνῃ
819 540 1330 619 κατασκευάσας.
1441 543 1703 621 ἐδίδαξε
1768 538 1842 607 δὲ
1910 539 2014 607 ἐπὶ
2076 542 2194 625 τῆς
2259 537 2525 626 πρώτης
2584 538 2691 607 καὶ
2758 537 2817 618 ξ’

528 644 957 733 ὀλυμπιάδος.
1062 645 1550 733 μνημονεύεται
1621 648 1695 713 δὲ
1748 649 1884 713 τῶν
1940 644 2299 732 δραμάτων
2355 642 2565 713 αυτοῦ
2609 636 2815 712 Αθλα

471 775 497 816 5
529 757 785 821 Πελίου
829 748 871 840 ἢ
925 755 1224 839 Φόρβας,
1261 750 1517 840 Ἱερεῖς,
1560 750 1857 833 Ἠΐθεοι,
1886 750 2233 847 4Πενθεύς.

706 860 1094 949 OOCLXIV.
1161 861 1565 939 Θέσσαλος
1610 852 1809 952 Κῷος
1856 857 2103 945 ἰατρός,
2148 856 2297 937 υίὸς
2345 856 2816 946 Ἱπποκράτους

526 970 648 1034 τοῦ
699 966 1054 1055 διασήμου,
1104 958 1186 1035 οὗ
1222 969 1424 1036 πάλιν
1461 967 1600 1035 υἱοὶ
1638 972 1926 1053 Γοργίας
1961 967 2075 1034 καὶ
2100 964 2554 1055 Ἱπποκράτης.
2628 970 2817 1054 ἰατρι-

533 1078 674 1141 κῶν
720 1079 948 1159 βιβλία
992 1073 1080 1159 γ’.

715 1181 1071 1249 CCCLXV.
1153 1182 1398 1249 Θέων
1483 1180 1972 1268 Αλεξανδρεύς,
2058 1180 2435 1269 φιλόσοφος
2506 1179 2815 1263 Στωικός,

452 1310 502 1351 10
529 1284 824 1374 γεγονὼς
883 1288 998 1355 ἐπὶ.
1034 1283 1437 1374 Αὐγούστου
1482 1285 1644 1374 μετὰ
1678 1285 1965 1375 ’Ἀρειον.
2060 1292 2307 1374 ἔγραψε
2346 1290 2477 1373 τῆς
2520 1284 2815 1354 Ἀπολλο-

534 1392 762 1481 δώρου
790 1397 1268 1481 φυσιολογικῆς
1296 1396 1665 1480 εἰσαγωγῆς
1692 1390 2079 1481 ὑπόμνημα,
2106 1394 2258 1481 περὶ
2286 1397 2540 1482 τεχνῶν
2572 1396 2814 1480 ῥητορι-

529 1504 672 1569 κῶν
719 1505 946 1586 βιβλία
990 1500 1078 1588 γ’.

707 1607 1102 1677 OOCLXVI.
1190 1609 1433 1676 Θέων
1481 1614 1871 1695 Σμυρναῖος
1917 1605 2310 1695 φιλόσοφος.

705 1715 816 1782 καὶ
863 1717 1076 1784 Θέων
1118 1714 1517 1803 Ἀντιοχείας
1562 1717 1679 1801 τῆς
1725 1717 1799 1783 ἐν
1848 1713 2148 1817 Δάφνῃ,
2188 1712 2563 1802 φιλόσοφος
2612 1690 2811 1781 Στωι-

461 1842 510 1883 15
536 1820 670 1901 κός.
765 1827 1054 1908 ἔγραψεν
1101 1824 1468 1909 ἀπολογίαν
1516 1819 1941 1909 Σωκράτους.

717 1928 1138 1997 CCCLXVII.
1195 1930 1416 1997 Θέων
1460 1926 1495 1997 ὁ
1547 1930 1775 1996 ἕκτου
1820 1934 2193 2013 Μουσείου,
2240 1926 2605 2015 Αἰγύπτιος
2640 1924 2816 2013 φιλό-

537 2054 778 2123 σοφος,
841 2034 1215 2125 σύγχρονος
1261 2034 1336 2103 δὲ
1382 2034 1647 2127 Πάππᾳ)
1693 2038 1784 2127 τῷ
1833 2034 2223 2126 φιλοσόφῳ,
2280 2035 2392 2102 καὶ
2440 2033 2618 2126 αὐτῷ
2658 2032 2814 2101 Ἀλε-

536 2146 824 2230 ξανδρεῖ.
924 2142 1290 2230 ἐτύγχανον
1356 2142 1431 2210 δὲ
1497 2140 1863 2228 ἀμφότεροι
1919 2142 2024 2209 ἐπὶ
2082 2144 2455 2210 Θεοδοσίου
2510 2140 2817 2226 βασιλέως

533 2251 654 2316 τοῦ
701 2250 1174 2337 πρεσβυτέρου.
1261 2254 1505 2336 ἔγραψε
1552 2247 2005 2335 μαθηματικά,
2053 2246 2483 2336 ἆριθμητικά,
2521 2247 2673 2335 περὶ,
2712 2266 2815 2330 ση-

459 2375 512 2416 20
541 2359 747 2440 μείων
793 2356 904 2422 καὶ
953 2358 1202 2441 σκοπῆς
1251 2352 1508 2442 ὅρνεων
1556 2354 1667 2421 καὶ
1712 2358 1830 2441 τῆς
1873 2353 2187 2442 κοράκων
2230 2359 2486 2442 φωνῆς,
2534 2355 2677 2441 περὶ
2712 2356 2817 2437 τῆς

536 2465 658 2529 τοῦ
705 2459 911 2541 κυνὸς
958 2464 1280 2547 ἐπιτολῆς,
1326 2460 1478 2547 περὶ
1513 2463 1633 2547 τῆς
1668 2464 1791 2527 τοῦ
1829 2467 2087 2529 Νείλου
2124 2459 2537 2547 ἀναβάσεως,
2584 2466 2675 2541 εἰς
2706 2462 2815 2527 τὸν

537 2574 963 2655 Πτολεμαίου
1010 2566 1367 2656 πρόχειρον
1413 2566 1705 2653 κανόνα,
1759 2568 1870 2635 καὶ
1918 2572 2012 2647 εἰς
2056 2570 2173 2637 τὸν
2220 2565 2463 2656 μικρὸν
2510 2566 2815 2650 άστρόλα-

536 2680 664 2760 βον
709 2672 1093 2761 ὑπόμνημα.

717 2780 1176 2849 CCCLXVHI.
1229 2781 1444 2848 Θέων
1479 2776 1945 2866 Ἀλεξανδρεὺς
1982 2781 2326 2868 σοφιστής,
2365 2778 2441 2862 ὃς
2488 2780 2813 2870 ἐχρημάτι-

459 2910 510 2951 25
539 2906 657 2955 σεν
697 2894 946 2967 Αἴλιος.
1005 2892 1251 2975 ἔγραψε
1287 2887 1552 2974 τέχνην,
1590 2886 1739 2974 περὶ
1776 2885 2427 2974 προγυμνασμάτων,
2468 2886 2813 2977 ὑπόμνημα

683 3056 714 3103 2
756 3044 818 3103 ἐν
853 3046 1000 3121 μόνῃ
1031 3078 1098 3089 --
1128 3044 1478 3117 ὀλυμπιάδος
1516 3062 1621 3099 om.
1651 3044 1800 3101 Eud.
1939 3053 1973 3099 4
2012 3043 2271 3117 δράματα
2310 3041 2491 3103 αὐτοῦ
2525 3048 2675 3103 Eud.
2734 3047 2815 3101 In-

541 3130 892 3200 sequentium
942 3128 1360 3199 tragoediarum
1416 3130 1470 3181 et
1525 3126 1725 3181 izitulos
1782 3129 1839 3180 et
1890 3126 2209 3195 fragmenta
2256 3126 2568 3184 Heraclidis
2612 3124 2815 3184 Pontici

451 3243 453 3246 -
544 3210 726 3281 (Diog.
755 3208 824 3278 V,
854 3211 943 3279 92)
980 3208 1167 3263 fraudi
1202 3208 1394 3262 deberi
1431 3207 1545 3261 iam
1576 3206 1856 3276 perspexit
1882 3206 2127 3277 Bentley.
2184 3208 2265 3262 De
2295 3207 2609 3263 Heraclidis
2648 3222 2815 3277 opere,

542 3290 693 3357 quod.
731 3284 1024 3358 συναγωγὴ
1054 3288 1165 3342 τῶν
1206 3284 1268 3342 ἐν
1279 3288 1371 3384 qvi]
1410 3288 1649 3359 μουσικῇ
1680 3282 2123 3357 διαλαμψάντων
2162 3286 2507 3355 inscribitur,
2544 3305 2597 3341 v.
2630 3286 2814 3355 Bergk,

542 3369 649 3423 Lit.
680 3370 772 3423 Gr.
807 3371 832 3423 I
869 3387 924 3439 p.
954 3373 1060 3423 404
1145 3384 1151 3390 ·
1203 3373 1235 3422 5
1273 3360 1308 3437 ἢ
1349 3384 1454 3422 om.
1485 3367 1636 3421 Eud.
1749 3364 1971 3438 Φόρβας
2008 3382 2145 3421 corr.
2176 3366 2415 3421 Welcker
2448 3363 2670 3440 Φορβάς
2700 3363 2815 3420 libri

543 3452 602 3505 et
637 3448 761 3505 edd.
801 3451 933 3503 ante
971 3450 1400 3519 Bernhardyum

686 3526 994 3585 CCCLXIV
1023 3536 1052 3585 7
1085 3526 1308 3599 ἰατρικά
1330 3533 1426 3581 vl:
1457 3526 1645 3597 ἰατρία
1664 3531 1705 3579 Β
1778 3532 1810 3581 8
1842 3528 2027 3599 βιβλία
2046 3546 2078 3596 γ
2082 3522 2205 3579 'VE
2238 3529 2286 3598 β.
2316 3528 2442 3594 τρία
2462 3532 2507 3579 Δ
2538 3530 2586 3599 β.
2609 3524 2667 3593 ἕξ
2686 3525 2811 3593 vulq-

687 3608 969 3665 CCCLXV
1005 3610 1159 3666 Eud.
1197 3628 1250 3679 Ρ.
1283 3614 1402 3664 370.
1469 3608 1553 3663 De
1592 3606 1913 3663 Theonibus
1953 3607 2019 3662 cf.
2057 3607 2239 3676 Daub,
2278 3608 2433 3663 Stud.
2472 3627 2527 3678 Ρ.
2558 3614 2625 3662 53
2656 3624 2759 3675 seq.

545 3699 576 3747 9
617 3687 851 3753 στωικὸς
889 3686 985 3745 ἐπὶ
1020 3684 1345 3759 Αὐγούστου
1386 3686 1703 3759 ἕγραψε-
1732 3688 1903 3754 Eud„
1941 3704 2081 3755 quae
2121 3687 2318 3741 deinde
2356 3689 2653 3743 verborum
2688 3683 2815 3741 ordi-

544 3790 674 3827 nem
709 3771 880 3842 paulo
916 3768 1149 3826 invertit
1253 3834 1268 3845 .
1300 3774 1365 3822 10
1412 3769 1481 3822 de
1518 3768 1651 3821 Ario
1687 3786 1737 3823 v.
1767 3766 1948 3835 Diels,
1987 3766 2124 3822 Dox.
2162 3784 2215 3836 p.
2255 3772 2323 3821 83
2360 3771 2497 3837 not„
2536 3767 2719 3833 Giese,
2755 3765 2813 3818 de

546 3852 759 3907 Theon.
787 3869 840 3920 p.
871 3856 902 3904 5
1015 3856 1080 3904 11
1119 3846 1316 3919 τέχνης
1354 3845 1470 3919 ῤἠτ.
1507 3854 1551 3900 Ε
1590 3849 1697 3902 hoc
1733 3846 1936 3901 iuniori
1974 3847 2075 3900 Th.
2115 3846 2214 3899 dat
2250 3846 2569 3901 Gutschmid

690 3928 1001 3985 CCCLXVI
1037 3929 1189 3985 Eud.
1227 3929 1264 3984 1.
1305 3946 1352 3983 c.
1499 3934 1567 3982 14
1599 3921 1903 3995 Ἀντιοχεὺς
1938 3927 2083 3995 vuly.
2117 3920 2449 3995 Ἀντιοχείας
2485 3931 2630 3981 ΔΒΕ

690 4008 1024 4065 CCCLXVII
1059 4010 1210 4065 Eud.
1241 4008 1279 4064 l.
1311 4026 1374 4077 c.,
1414 4024 1558 4077 quae
1584 4006 1785 4077 incipit
1819 4006 1917 4061 καὶ
1944 4002 2108 4068 ἄλλος
2134 4002 2275 4074 πρὸς
2301 4001 2525 4069 τούτοις
2626 4012 2689 4059 16
2724 4000 2814 4058 τοῦ

548 4108 656 4147 om.
695 4089 844 4145 Eud.

692 4169 1056 4225 CCCLXVIII
1083 4170 1235 4225 Eud.
1265 4188 1318 4239 p.
1341 4175 1444 4224 373
1501 4173 1568 4223 25
1598 4166 1803 4237 τέχνην
1832 4165 1963 4235 περὶ
1990 4162 2815 4237 προγυμνασμάτωνῗίηοῖοὴίαθ

549 4251 619 4304 ad
660 4250 873 4304 Theon.
909 4268 965 4319 p.
995 4249 1113 4304 XII.
1143 4250 1310 4305 idem
1347 4250 1583 4320 praebet
1618 4249 1788 4316 Eud„
1824 4246 2093 4303 refutavit
2120 4245 2286 4303 Griese
2312 4265 2367 4316 Ρ.
2400 4253 2493 4314 17;
2531 4243 2694 4319 ὑπομ.
2722 4246 2816 4301 Va-

548 4328 678 4384 lerii
714 4345 836 4383 esse
874 4328 1188 4398 suspicatur
1225 4330 1545 4385 Gutschmid
