3025 4892
1095 212 1523 269 HESYOHIUS.
1802 199 1810 207 ’
2322 213 2447 277 111

175 376 408 464 λόγους
452 376 744 465 γέγραφε
789 375 918 463 λβ’.
1008 373 1261 462 βιώσας
1306 374 1380 443 δὲ
1430 379 1541 461 ἔτη
1581 372 1646 446 ς’
1694 371 1859 462 πρὸς
1904 387 2045 453 τοῖς
2090 372 2155 460 ρ’
2205 372 2449 441 ἐτελεύ·

167 504 379 570 τησεν.
465 481 748 571 ἀδελφοὶ
797 483 872 551 δὲ
917 480 1097 575 αὐτῷ
1148 484 1458 569 ἐγένοντο
1516 486 1837 561 Τίσιππος
1882 480 1991 548 καὶ
2028 479 2453 568 Θεόμνηστος

167 592 286 657 καὶ
324 589 696 678 Θεόδωρος,
754 588 1158 669 διδάσκαλος
1205 587 1280 655 δὲ
1325 594 1639 677 Γοργίας·
1666 590 1759 661 ,οἰ
1807 587 1883 655 δὲ
1937 592 2171 657 Τισίαν
2217 592 2451 674 φασίν,

171 700 246 765 os
286 696 348 763 δὲ
385 695 724 783 Ἐργῖνον,
771 700 846 764 os
883 696 958 765 δὲ
1004 696 1352 784 Πρόδικον
1399 700 1751 783 [ἔφασαν],
1800 698 1869 763 oc
1912 694 1985 763 δὲ
2030 695 2450 782 Θηραμένην.

175 808 250 873 οί
293 804 356 873 δὲ
397 804 588 890 λόγοι
636 803 846 873 αὐτοῦ
889 812 1202 873 πλεῖστοι.
2480 826 2507 865 ⁶

340 912 730 981 CCCCXIV.
798 909 1248 999 Ἰσοκράτης
1279 908 1569 997 Ἀμύκλα
1612 914 1735 979 τοῦ
1782 907 2191 996 φιλοσόφου,
2226 904 2451 976 Ἀπολ-

168 1024 408 1097 λωνίας
460 1022 578 1104 τῆς
633 1020 708 1086 ἐν
762 1022 850 1110 τῷ
910 1016 1156 1108 Πόντῳ
1211 1013 1254 1103 ἢ
1301 1013 1721 1104 Ἡρακλείας,
1786 1013 1875 1097 ὥς
1931 1020 2449 1115 Καλλίστρατος,

167 1124 410 1213 ῥήτωρ,
466 1122 772 1212 μαθητὴς
829 1125 942 1192 καὶ
989 1124 1304 1212 διάδοχος
1347 1126 1468 1191 τοῦ
1516 1122 1811 1210 μεγάλου
1850 1119 2299 1211 Ἰσοκράτους,
2358 1126 2455 1190 δι-

168 1232 450 1312 ακούσας
498 1231 572 1299 δὲ
619 1232 730 1299 καὶ
777 1229 1145 1310 Πλάτωνος
1190 1234 1312 1298 τοῦ
1358 1228 1759 1316 φιλοσόφου.
1851 1220 2047 1309 οὗτος
2094 1229 2167 1299 δὲ
2215 1228 2251 1297 ὁ
2294 1227 2456 1297 Ἰσο-

163 1336 399 1424 κράτης
452 1338 564 1406 καὶ
611 1339 938 1427 Θεοδέκτῃ
995 1340 1088 1429 τῷ
1145 1335 1381 1424 ῥήτορι
1433 1335 1547 1403 καὶ
1600 1339 2078 1429 τραγῳδοποιςό
2133 1337 2244 1403 καὶ
2291 1343 2451 1404 Θεο-
2482 1364 2533 1403 ιο

170 1442 400 1536 πόμπῳ
455 1448 546 1536 τῷ
595 1451 737 1536 Χίῳ
793 1442 928 1532 ἅμα
981 1448 1072 1537 τῳ”
1125 1440 1505 1535 Ἐρυθραίῳ
1566 1443 1950 1532 Ναυκράτει
2007 1447 2454 1531 διηγωνίσατο

171 1552 319 1636 περὶ
359 1550 586 1638 λόγων
631 1556 724 1633 είς
766 1549 886 1620 τὸν
936 1550 1290 1638 ἐπιτάφιον
1337 1550 1731 1619 Μαυσώλου
1776 1555 1899 1620 τοῦ
1935 1552 2260 1638 βασιλέως
2291 1548 2457 1619 Ἀλι-

165 1662 566 1744 καρνασσοῦ.
611 1659 722 1726 καὶ
765 1658 956 1746 λόγοι
989 1658 1198 1727 αὐτοῦ
1227 1657 1309 1725 ε’·
1353 1656 1921 1746 Ἀμφικτυονικός,
1960 1657 2456 1746 προτρεπτικός,

164 1765 314 1853 περὶ
349 1770 472 1833 τοῦ
507 1741 728 1852 τάφον
766 1764 854 1852 μή
891 1769 1168 1852 ποιῆσαι
1211 1769 1544 1856 Φιλίππω,
1580 1764 1731 1851 περὶ
1767 1768 1889 1833 τοῦ
1926 1770 2459 1853 μετοικισθῆναι,

165 1872 312 1959 περὶ
353 1875 471 1957 τῆς
518 1872 760 1939 ἑαυτοῦ
805 1877 1155 1951 πολιτείας.
2486 1898 2539 1939 15

253 2026 267 2033 -
340 1979 696 2047 CCCCXV.
751 1978 1059 2068 Ἴστρος
1109 1978 1527 2067 Μενάνδρου
1574 1976 1937 2067 [Ἴστρου],
1990 1986 2378 2067 Κυρηναῖος
2416 1974 2457 2067 ἦ

165 2084 529 2172 .Μακεδω’ν,
599 2084 1052 2173 συγγραφεύς,
1118 2084 1557 2172 Καλλιμάχου
1622 2088 1867 2165 δοῦλος
1928 2088 2039 2154 καὶ
2106 2085 2461 2175 γνώριμος.

137 2182 516 2279 ’Ἕρμιππος
569 2193 643 2261 δὲ
690 2191 900 2262 αὐτόν
947 2212 1115 2280 φησι
1161 2192 1443 2279 Πάφιον
1490 2195 1567 2259 ἐν
1608 2197 1699 2283 τῷ
1748 2192 1817 2277 β’
1864 2196 2002 2260 τῶν
2049 2192 2458 2281 διαπρεψάν-

162 2323 295 2366 των
349 2302 422 2367 ἐν
467 2304 740 2391 παιδεία
787 2299 1072 2368 δούλων.
1165 2304 1411 2388 ἔγραψε
1460 2299 1535 2367 δὲ
1580 2298 1793 2366 πολλὰ
1839 2299 1951 2367 καὶ
1996 2300 2457 2386 κατολογάδην

159 2405 268 2471 καὶ
313 2410 692 2493 ποιητικῶς.
1019 2424 1028 2431 “
2486 2434 2539 2474 20

337 2512 730 2581 CCCCXVI.
816 2509 1339 2599 Ἰφικράτης
1401 2511 1691 2591 σκυτέως
1752 2510 2035 2598 πατρός,
2102 2509 2461 2599 Ἀθηναῖος

305 2690 333 2737 1
372 2680 514 2753 πρὸς
551 2688 670 2744 τοῖς
707 2699 744 2753 q
769 2680 1006 2737 Luciani
1039 2680 1166 2735 loco
1193 2680 1437 2736 Macrob.
1461 2687 1529 2735 23
1568 2698 1678 2735 non
1715 2683 1979 2737 accurate
2005 2681 2458 2753 inspeetoGais-

161 2761 284 2826 ford
428 2770 460 2817 2
513 2760 858 2824 Τελέσιππος
903 2761 1001 2815 καὶ
1048 2758 1399 2830 Διόμνηστος
1445 2759 1698 2829 Scriptor
1744 2760 1843 2815 vit.
1883 2759 1936 2813 X
1981 2763 2122 2817 orat.
2170 2780 2224 2832 p.
2266 2769 2386 2832 24⁷,
2425 2771 2458 2819 3

163 2838 336 2898 West.
446 2850 482 2897 4
513 2838 757 2913 Ἀρχῖνον
793 2842 1084 2897 Ruhnken.
1123 2840 1256 2895 hier..
1286 2858 1365 2897 or.
1396 2861 1448 2912 p.
1477 2840 1631 2895 XLII
1740 2836 2128 2911 Πρωταγόραν
2164 2860 2267 2913 pro
2308 2841 2457 2913 Πρό-

163 2922 319 2977 δικον
357 2923 461 2977 alii
496 2923 694 2979 volunt
721 2923 848 2979 coll.
879 2942 928 2980 v.
960 2918 1343 2991 Πρωταγόρας
1453 2919 1707 2991 ἔφασαν,
1745 2920 1879 2989 quia
1906 2922 2214 2992 claudicat),
2255 2924 2459 2978 seclusi

302 3000 614 3057 ccccxlv
651 3003 804 3059 Eud.
842 3021 896 3072 p.
926 3006 1030 3055 402
1071 3016 1216 3069 quae
1253 3017 1362 3056 om.
1396 2996 1599 3057 Ἄπολλ.
1632 3033 1697 3041 —-
1728 2998 1928 3073 ῥήτωρ.
1985 3002 2256 3059 Tractant
2282 3004 2457 3073 Blass,

164 3079 277 3137 Att.
308 3082 536 3139 Bereds.
567 3084 618 3137 ΙΙ
645 3101 699 3153 p.
732 3088 799 3139 68
829 3083 888 3135 et
912 3086 1038 3148 418,
1075 3080 1253 3151 Βοιὼ,
1296 3080 1450 3135 stud.
1490 3097 1546 3150 p.
1576 3085 1644 3135 56
1755 3087 1783 3137 7
1822 3085 1992 3136 Καλλ.
2032 3100 2105 3137 se.
2135 3083 2265 3152 περὶ
2294 3079 2457 3156 Ἡρα-

162 3164 368 3228 κλείας.
446 3163 526 3218 cf.
565 3164 768 3217 Mfiller
803 3162 881 3216 IV
917 3181 971 3232 p.
1012 3168 1116 3216 353
1149 3180 1293 3232 seq„
1340 3158 1438 3230 qui
1473 3161 1582 3215 hoc
1618 3160 1993 3231 fragmentum
2038 3164 2301 3234 neglexit.
2377 3166 2458 3221 cf.

163 3259 209 3295 v.
250 3241 554 3310 Φιλόξενος
705 3250 738 3297 8
776 3238 958 3313 ῥήτωρ
996 3243 1329 3313 Bernhardy
1373 3238 1406 3295 ὁ
1443 3238 1627 3311 ῥήτωρ
1665 3246 1710 3293 A
1745 3244 1890 3312 vulq.
2035 3239 2288 3309 ἀκούσας
2313 3252 2360 3300 V

164 3326 193 3372 9
231 3315 401 3386 οὗτος
438 3355 506 3365 -
535 3320 961 3394 Ἁλικαρνασσοῦ
1002 3340 1112 3379 om.
1143 3325 1292 3379 Eud.
1443 3328 1509 3376 10
1547 3324 1971 3396 τραγῳδιοποιῷ
2010 3328 2155 3395 vulq.
2193 3330 2343 3382 recte
2379 3333 2424 3380 A

165 3402 453 3475 Θεοδέκτῃ
482 3409 700 3457 ΔῩΕΠ
753 3404 1049 3475 Θεοδέκτῳ
1097 3406 1240 3475 vuly.
1439 3409 1500 3456 11
1552 3399 1885 3473 Ναυκράτει
1920 3404 2251 3478 Bernhardy
2298 3412 2459 3463 Ναυ-

165 3478 340 3555 κράτῃ
379 3489 423 3535 E
462 3486 830 3555 Ναυκρατίτῃ
858 3490 905 3538 V
941 3487 1084 3555 vuly.
1253 3490 1318 3539 12
1358 3484 1458 3539 τοῦ
1499 3480 1690 3552 Καρός
1726 3484 1853 3537 add.
1892 3486 2036 3555 ναῖς.
2068 3504 2175 3541 om.
2214 3492 2419 3540 ABEV

176 3566 238 3615 13
276 3560 483 3632 λόγους
517 3562 685 3619 πέντε
725 3564 876 3619 Eud.
1016 3560 1482 3633 Ἀμφικτυωνικός
1520 3569 1565 3616 A

315 3642 595 3700 CCCCXV
632 3644 782 3699 Eud.
813 3662 868 3715 Ρ.
891 3650 1013 3699 400.
1053 3643 1324 3700 Tractanb
1362 3643 1786 3712 Siebelis,1stri
1814 3643 1878 3698 fr.
1907 3663 1963 3714 p.
1993 3644 2165 3713 XVII,
2202 3646 2406 3702 Muller
2433 3647 2459 3700 I

169 3736 218 3787 p.
257 3722 514 3778 LXXXV
700 3731 766 3779 16
814 3718 848 3793 ἢ
885 3720 1098 3794 Ἴστρου
1138 3741 1264 3779 cum
1311 3726 1500 3781 Vossio
1539 3725 1791 3791 Siebezis,
1829 3729 1972 3779 Μεν.
2015 3723 2293 3794 ἱστορικοῦ
2335 3744 2462 3782 cum

175 3798 386 3872 Toupio
414 3804 687 3859 Kasterus
714 3792 860 3860 Μεν.
902 3804 1156 3875 ἰατρικοῦ
1187 3804 1356 3861 Daub
1388 3800 1604 3874 Ἴστρου
1632 3805 1762 3859 libri
1792 3810 1850 3860 et
1877 3806 2047 3876 Eud„
2087 3810 2237 3875 quod
2266 3808 2458 3877 genui-

169 3896 298 3935 num
350 3901 497 3953 esse,
550 3885 648 3941 sed
695 3902 730 3939 a
774 3886 983 3940 lectore
1027 3887 1120 3940 vel
1169 3886 1537 3956 grammatico
1583 3886 1908 3955 genetivum
1952 3886 2103 3941 vocis
2146 3886 2460 3945 indicaburo

171 3963 512 4034 adscriptum
549 3966 676 4019 coll.
715 3984 765 4020 v.
800 3966 1088 4031 Δέξιππος
1116 3969 1188 4022 al.
1218 3967 1502 4037 perspexit}
1531 3960 1866 4022 Gutschmid.
1908 3967 1989 4022 Cf.
2020 3968 2191 4021 etiam
2221 3988 2271 4025 v.
2301 3966 2461 4039 Νύμ-

175 4060 293 4111 φις,
326 4040 561 4114 Ἀραρῶς
597 4046 668 4100 al.
850 4041 886 4114 ἢ
924 4050 1082 4103 Μακ,
1123 4064 1231 4103 om.
1271 4048 1421 4103 Eud.
1608 4052 1673 4102 18
1713 4047 1795 4101 Cf.
1826 4046 2223 4119 Wachflmnth,
2272 4050 2459 4119 Symb.

174 4137 224 4188 p.
257 4130 358 4178 140
386 4141 498 4193 seq.
611 4126 713 4197 βίῳ
751 4141 852 4195 pro
889 4122 951 4196 β’
981 4130 1051 4195 A,
1089 4127 1240 4195 quod
1276 4144 1617 4197 quamquam
1652 4128 1908 4184 laudavit
1935 4129 2236 4197 Kasterus,
2272 4133 2461 4186 flamen

176 4199 385 4258 librarii
421 4204 596 4259 errori
631 4205 866 4259 debetur

312 4285 619 4341 GCOOXVI
657 4303 763 4341 om.
799 4288 1070 4343 Westerm.
1105 4288 1256 4343 Eud.
1286 4308 1340 4359 p.
1370 4296 1492 4345 402.
1544 4288 1621 4345 Cf.
1653 4288 1946 4345 Ruhnken.
1978 4290 2107 4345 hist.
2131 4308 2207 4347 or.
2238 4310 2290 4362 p.
2314 4290 2463 4348 LVII

178 4378 289 4432 seq.
395 4372 459 4421 21
501 4366 690 4420 δοκῶν
725 4363 850 4430 υἱὸς
887 4364 1034 4422 εἶναι
1071 4367 1418 4441 σκυτοτόμου
1455 4371 1739 4426 Plutarch.
1778 4370 2064 4442 Apophth.
2094 4391 2148 4443 p.
2178 4379 2279 4430 186
2308 4373 2464 4444 (VIII
