3025 4892
1143 220 1568 277 HESYCHIUS.
2369 222 2496 286 153
2537 227 2543 232 ’

185 379 390 450 εἶναι
439 382 694 470 θνητὸν
745 386 838 475 τῷ
894 384 1160 469 μεγέθει
1215 385 1336 469 τῆς
1387 381 1683 469 φύσεως·
1746 386 1817 450 oi
1870 382 1993 469 μὲν
2048 380 2175 470 γὰρ
2238 386 2496 468 ἔφασαν

182 491 524 571 γενέσθαι
570 497 1003 577 Σμυρναῖον,
1061 491 1131 557 oc
1174 488 1250 557 δὲ
1294 497 1496 574 Χῖον,
1550 494 1621 557 ol
1662 488 1737 558 δὲ
1776 488 2256 576 Κολοφώνιον,
2309 494 2380 559 οἱ
2421 496 2497 561 δὲ

177 593 443 684 Ἰήτην,
481 602 552 667 οί
584 596 657 665 δὲ
684 603 1040 684 Κυμαῖον,’
1063 598 1133 663 οἱ
1167 594 1242 663 δὲ
1279 597 1352 664 ἐκ
1387 601 1631 683 Τρσίας
1666 594 1797 664 ἀπὸ
1838 602 2089 683 χωρίου
2117 602 2496 685 Κεγχρεῶν,

187 707 267 770 οἱ
315 704 398 772 δὲ
444 704 709 788 Λυδόν,
759 705 834 771 oc
871 702 946 771 δὲ
985 698 1386 789 Ἀθηναῖον,
1433 707 1504 771 οἱ
1548 702 1624 772 δὲ
1662 701 2079 790 Ἰθακήσιον,
2128 706 2197 771 οί
2240 703 2315 773 δὲ
2359 704 2497 773 Κύ-

185 832 430 894 πριον,
475 812 546 876 os
587 807 664 876 δὲ
701 815 1148 895 Σαλαμίνιον,
1195 812 1266 878 oc
1304 808 1380 877 δὲ
1417 808 1803 895 Κνώσσιον,
1850 814 1921 877 ol
1953 810 2028 879 δὲ
2067 819 2495 897 Μυκηναῖον,
2524 838 2549 878 5

189 919 270 983 οί
331 915 404 983 δὲ
457 915 859 1003 Αίγύπτιον,
920 920 992 985 οἱ
1042 916 1117 985 δὲ
1169 916 1535 1003 Θετταλόν,
1598 920 1667 985 οἱ
1718 916 1793 984 δὲ
1842 914 2251 1003 Ἰταλιώτην,
2299 922 2369 987 ol
2420 917 2495 987 δὲ

191 1021 588 1107 Λευκανόν,
657 1025 726 1092 οἶ
781 1022 854 1089 δὲ
912 1022 1240 1109 Γρύνιον,
1299 1026 1369 1090 οί
1419 1021 1494 1090 δὲ
1541 1018 1900 1109 Ῥωμαῖον,
1967 1027 2036 1091 οἱ
2087 1024 2161 1092 δὲ
2210 1021 2495 1093 Ῥόδιον.

187 1130 315 1195 καὶ
360 1127 890 1217 προσηγορεύετο
937 1128 1060 1215 μὲν
1105 1134 1352 1216 κυρίως
1388 1131 1855 1216 Μελησιγένης
1900 1129 2039 1215 (καὶ
2085 1128 2214 1217 γὰρ
2258 1132 2493 1219 ἐτέχθη

191 1235 390 1323 παρὰ.
425 1240 516 1329 τῷ
560 1223 820 1322 Μέλητι
863 1239 1134 1327 ποταμῷ
1182 1233 1345 1307 κατὰ
1392 1234 1551 1316 τοὺς
1587 1244 1988 1324 Σμυρναῖον
2026 1235 2233 1305 αὐτὸν
2271 1265 2495 1325 γενεα-

191 1343 630 1433 λογοῦντας),
685 1340 936 1429 ἐκλήθη
995 1341 1070 1410 δὲ
1098 1339 1387 1431 Ὅμηρος
1431 1341 1544 1411 διὰ
1593 1341 1669 1412 τὸ
1714 1346 2011 1429 πολέμου
2058 1346 2496 1433 ἐνισταμένου
2524 1374 2577 1414 ιο

188 1456 620 1537 Σμυρναίοις
670 1446 837 1538 πρὸς
880 1454 1372 1534 Κολοφωνίους
1419 1448 1671 1539 ὅμηρος
1700 1454 2041 1537 δοθῆναι,
2099 1449 2140 1539 ἢ
2190 1451 2292 1522 ὅτι
2338 1458 2495 1539 βου-

190 1559 582 1645 λευομένων
640 1562 1052 1645 Σμυρναίων
1119 1561 1438 1647 δαιμονία
1500 1558 1638 1626 τινὶ
1702 1559 2001 1648 ἐνεργεία
2063 1560 2493 1645 φθέγξασθαι

185 1666 308 1732 καὶ
347 1668 843 1794 συμβουλεῦσαι
881 1663 1382 1751 ἐκκλησιάζουσι
1419 1665 1570 1753 περὶ
1601 1669 1725 1734 τοῦ
1750 1666 2062 1752 πολέμου.
2117 1665 2228 1733 καὶ
2258 1668 2495 1753 γέγονε

191 1772 275 1840 δε
331 1770 455 1860 πρὸ
513 1775 637 1839 τοῦ
690 1775 974 1859 τεθῆναι
1036 1770 1162 1858 τὴν
1219 1771 1287 1839 α’
1345 1768 1725 1858 ὀλυμπιάδα
1786 1771 1916 1859 πρὸ
1988 1772 2317 1842 ἐνιαυτῶν
2371 1774 2491 1855 νζ.

189 1880 595 1967 Πορφύριος
667 1878 742 1945 δὲ
814 1880 888 1945 ἐν
951 1882 1031 1967 τῇ
1096 1878 1450 1970 φιλοσόφω
1512 1882 1776 1970 ἱστορία
1842 1878 1969 1969 πρὸ
2045 1879 2196 1967 ρλβ’
2262 1886 2489 1968 φησίν.
2526 1909 2575 1949 15

189 1987 396 2073 ἐτέθη
453 1985 529 2055 δὲ
587 1984 755 2072 αὕτη
809 1984 972 2072 μετὰ
1025 1984 1154 2074 τὴν
1215 1993 1456 2074 Τροίας
1516 1984 1771 2055 ἅλωσιν
1830 1988 2161 2067 ἐνιαυτοῖς
2209 1986 2493 2075 ὕστερον

187 2092 320 2175 υζ’.
388 2092 570 2172 τινες
612 2092 689 2161 δὲ
733 2089 893 2179 μετὰ
941 2092 1044 2181 ρξ’
1092 2093 1346 2179 μόνους
1391 2090 1742 2173 ἐνιαυτοὺς
1789 2098 1908 2181 τῆς
1939 2090 2143 2164 Ἰλίου
2188 2092 2495 2176 ἁλώσεως

187 2188 504 2288 τετέχθαι
563 2202 952 2288 ἱστοροῦσιν
992 2197 1321 2287 Ὅμηρον,
1379 2196 1416 2267 ὃ
1475 2199 1551 2269 δὲ
1604 2202 1839 2287 ῥηθεὶς
1884 2200 2281 2290 Πορφύριος
2331 2201 2494 2288 μετὰ

189 2306 360 2377 σοε’.
441 2306 658 2396 γήμας
707 2304 772 2374 δ’
822 2308 898 2375 ἐν
944 2311 1086 2398 Χίῳ
1127 2304 1585 2396 Ἀρησιφόνην
1628 2305 1753 2396 τὴν
1800 2307 2152 2397 Γνώτορος
2196 2312 2317 2377 τοῦ
2354 2315 2494 2376 Κυ-

190 2423 407 2503 μαίου
473 2416 817 2503 θυγατέρα
877 2420 1068 2502 ἔσχεν
1135 2416 1304 2494 υίεῖς
1359 2413 1486 2483 δύο
1548 2415 1660 2482 καὶ
1724 2415 2095 2502 θυγατέρα,
2149 2411 2237 2501 ἣν
2293 2420 2493 2503 ἔγημε
2520 2444 2575 2484 80
2666 2499 2671 2503 ³

189 2532 533 2603 Στασῖνος
597 2518 634 2590 ὁ
689 2520 1024 2610 Κύπριος·
1084 2524 1156 2589 οἱ
1215 2520 1290 2588 δὲ
1353 2524 1524 2601 υἱεῖς
1578 2518 1925 2609 Εὐρυφῶν
1986 2522 2097 2591 καὶ
2154 2521 2493 2606 Θεόλαος]

189 2632 529 2718 ποιήματα
576 2629 650 2697 δὲ
695 2626 906 2697 αὐτοῦ
951 2626 1407 2715 ἀναμφίλεκτα
1439 2625 1637 2708 Ἰλιὰς
1672 2630 1783 2696 καὶ
1818 2627 2180 2699 Ὀδύσσεια.
2246 2634 2491 2717 ἔγραψε

192 2738 274 2807 δὲ
321 2736 444 2825 τὴν
477 2735 727 2807 Ἰλιάδα
774 2732 896 2822 οὐχ
943 2733 1100 2822 ἅμα,
1147 2732 1306 2802 οὐδὲ
1342 2735 1508 2805 κατὰ
1545 2734 1620 2803 τὸ
1662 2738 1955 2825 συνεχές,
1990 2735 2297 2825 καθάπερ
2334 2734 2493 2824 σύγ-

187 2872 432 2933 κειται,
489 2842 635 2911 ἀλλ’
697 2840 898 2921 αὐτὸς
964 2842 1088 2929 μὲν
1145 2840 1428 2929 ἑκάστην
1488 2845 1843 2934 ῥαψῳδίαν
1893 2844 2156 2932 γράψας
2200 2844 2310 2912 καὶ
2358 2846 2493 2912 ἐπι-

193 2950 585 3038 δειξάμενος
631 2952 704 3017 ἐν
750 2951 842 3039 τῷ
888 2960 1307 3033 περινοστεῖν
1353 2946 1470 3029 τὰς
1520 2948 1744 3029 πόλεις
1788 2955 2046 3038 τροφῆς
2098 2954 2324 3020 ἕνεκεν
2373 2948 2491 3018 ἆπ-
2518 2980 2573 3019 25

193 3063 448 3130 έλιπεν·
493 3054 778 3145 ὕστερον
821 3055 896 3124 δὲ
934 3057 1262 3142 συνετέθη
1300 3056 1413 3123 καὶ
1464 3054 1846 3144 συνετάχθη
1888 3054 2019 3126 ὑπὸ
2066 3062 2335 3128 πολλῶν
2380 3059 2491 3126 καὶ

192 3164 483 3255 μάλιστα
534 3160 670 3233 ὑπὸ
725 3161 1218 3250 Πεισιστράτου
1269 3167 1392 3230 τοῦ
1443 3158 1827 3248 Ἀθηναίων
1881 3167 2239 3254 τυράννου.
2331 3164 2493 3233 ἄνα-

193 3273 466 3360 φέρεται
531 3271 606 3339 δὲ
669 3274 766 3351 εἰς
828 3265 1035 3339 αὐτὸν
1099 3269 1210 3337 καὶ
1265 3266 1433 3337 ἄλλα
1487 3267 1638 3337 τινὰ
1692 3270 2059 3359 ποιήματα,
2119 3270 2491 3361 Ἀμαζόνια,

188 3378 390 3460 Ἰλιὰς
435 3376 665 3465 μικρά,
715 3374 1003 3461 Νόστοι,
1043 3374 1504 3463 Ἐπικιχλίδες,
1545 3373 1980 3459 Ἠθιέπακτος
2026 3378 2175 3467 ἤτοι
2200 3378 2490 3466 Ἴαμβοι,

341 3584 374 3632 3
412 3576 493 3631 Of.
533 3575 724 3643 Steph.
762 3572 892 3643 Byz.
921 3592 972 3628 v.
1000 3568 1109 3633 Ἴος
1216 3572 1422 3641 χωρίου
1450 3576 1497 3623 Δ
1535 3567 1719 3641 χώρας
1755 3574 1899 3645 vuly.
1938 3570 2241 3644 Κεγχρεῶν
2268 3581 2313 3628 V
2349 3579 2489 3643 Κεγ-

197 3655 376 3729 χρὲων
411 3658 512 3713 rel.
550 3674 692 3712 corr.
728 3654 1087 3723 Bernhardy3
1125 3652 1194 3706 cf.
1234 3651 1427 3721 Steph.
1455 3650 1585 3721 Byz.
1613 3670 1665 3709 v.
1695 3651 1982 3723 Κεγχρεαί
2012 3656 2072 3709 et
2097 3654 2312 3723 Rohde,
2350 3655 2489 3709 Mus,

198 3737 374 3792 Rhen.
400 3734 634 3791 XXXIV
664 3754 718 3807 p.
748 3740 852 3790 569
963 3740 996 3787 4
1034 3730 1092 3787 οἰ
1126 3729 1190 3787 δὲ
1220 3730 1524 3800 Αίγύπτιον
1560 3738 1691 3805 post
1722 3730 2023 3807 Ἀθηναῖον
2050 3735 2213 3806 ponit
2239 3740 2318 3802 A‚-
2338 3734 2488 3789 idem

203 3812 261 3872 οῖ
291 3815 352 3871 δὲ
391 3812 684 3872 Κνώσσιον
723 3818 854 3885 post
888 3809 1144 3881 Κύπριον
1326 3816 1356 3865 ’1
1397 3810 1643 3881 Γρύνιον
1690 3816 1830 3871 coni.
1872 3816 2165 3871 Reinesiue
2211 3811 2489 3885 Γρύνειον

203 3898 292 3951 vel
322 3892 601 3965 Γρυνήιον
629 3896 799 3950 Daub
829 3894 954 3949 coll.
987 3890 1175 3961 Steph.
1206 3891 1336 3959 Byz.
1362 3909 1414 3947 v.
1438 3894 1665 3965 Γρῦνοι,
1699 3892 1942 3964 Γρύϊνον
1960 3902 2055 3951 BE
2082 3898 2227 3967 vuly.
2324 3902 2391 3951 14
2420 3898 2486 3952 cf.

201 3976 399 4030 Mfiller
425 3977 504 4031 III
531 3995 585 4045 p.
608 3981 730 4044 689,
759 3974 1001 4042 Cliniam,
1027 3972 1156 4027 fast.
1180 3970 1205 4022 I
1232 3988 1287 4039 p.
1313 3976 1416 4026 146
1520 3980 1585 4029 15
1615 3971 1740 4046 ρλβ’
1770 3978 1867 4028 ΔΒ
1887 3982 1932 4029 V
1961 3973 2049 4045 92'
2069 3978 2213 4046 vulq.
2301 3981 2366 4030 17
2396 3975 2484 4043 vg'

203 4057 322 4110 Par.
359 4056 592 4110 Kusteri
628 4057 686 4111 et
720 4060 817 4107 VB
854 4050 944 4120 vg‘
983 4052 1084 4108 rel.
1221 4056 1285 4105 18
1321 4050 1382 4105 in
1417 4054 1688 4124 τετέχθαι
1723 4056 1993 4125 Hesychii
2029 4072 2273 4111 errorem
2308 4056 2487 4111 latere

203 4134 342 4191 vidit
366 4134 572 4204 Rohde,
601 4134 742 4191 Mus,
771 4134 947 4189 Rhen.
978 4131 1212 4187 XXXVI
1238 4149 1294 4200 p.
1318 4141 1426 4191 424
1534 4141 1601 4190 21
1631 4132 1921 4204 Εὖρυφῶν
1950 4153 2087 4192 corr.
2118 4138 2483 4193 Hemsterhus.

205 4214 326 4269 coll.
357 4213 510 4269 Suid.
539 4233 590 4269 v.
617 4212 998 4284 Τέρπανδρος,
1021 4208 1268 4285 Ἐρίφων
1286 4220 1432 4289 vulq.
1526 4222 1593 4270 22
1626 4214 1841 4285 ἔγραψε
1863 4248 1929 4255 -—
1950 4236 2069 4287 τυρ.
2097 4216 2223 4272 fort.
2254 4217 2325 4271 ab
2353 4217 2485 4272 Hes.

203 4293 386 4349 aliena.
474 4300 544 4351 24
573 4289 810 4364 ἑκάστης
837 4292 1135 4370 ἆαψῳδίας
1152 4306 1246 4353 Vc
1345 4303 1416 4353 28
1438 4291 1733 4368 Ἀμαζόνια
1762 4313 1899 4351 corr.
1924 4296 2182 4367 Welcker‚
2213 4296 2311 4367 Ep.
2335 4296 2485 4368 Cycl.
2546 4344 2548 4346 .

205 4392 257 4444 p.
279 4380 375 4429 321
405 4370 693 4446 ’Λμαζονία
715 4379 860 4448 vulq.
933 4382 1002 4432 29
1027 4372 1468 4450 ἘπικηχλίδεςῩ
1527 4374 1906 4439 Ἠθιέπακτος
1932 4376 2065 4432 libri
2086 4370 2487 4433 Ἐντεπάκτιον

1650 4475 1685 4515 0
