3025 4892
572 225 700 290 180
1495 223 1926 281 HESYCHIUS.

569 370 1001 473 Δημοκρίτου
1055 391 1176 455 τοῦ
1224 384 1622 474 Ἀβδηρίτου
1676 386 1787 453 καὶ
1842 389 2167 473 Γοργίου,
2224 380 2530 470 μαθητὴς
2584 392 2831 471 Πρωτα,

566 493 779 581 γόρου
823 498 947 561 τοῦ
987 489 1402 579 Ἀβδηρίτου.
1495 494 1567 561 ἐν
1609 492 1927 579 Ἀθήναις
1970 489 2257 559 κώνειον
2302 490 2476 558 πιὼν
2522 486 2833 559 ἀπέθανεν

569 598 658 680 ὡς
695 604 1118 687 διαφθείρων
1155 598 1313 680 τοὺς
1349 602 1563 679 νέους.
1638 602 1907 686 φέρεται
1947 598 2023 665 δὲ
2058 598 2167 665 καὶ
2212 602 2478 684 βιβλίον
2516 600 2837 685 Προδίκου

568 707 1110 795 ἐπιγραφόμενον
1147 699 1379 794 Ὧραι,
1429 710 1502 775 ἐν
1550 698 1603 799 ᾧ
1650 713 1961 792 πεποίηκε
2008 704 2131 772 τὸν
2174 704 2497 792 Ἠρακλέα
2542 708 2621 793 τῇ
2666 702 2839 792 ἀρετῇ

515 841 540 881 5
567 816 676 881 καὶ
733 818 813 902 τῇ
869 820 1066 904 κακίᾳ
1112 816 1691 901 συντυγχάνοντα,
1746 812 1856 880 καὶ
1902 810 2235 897 καλούσης
2284 812 2593 897 ἑκατέρας
2638 811 2733 878 ἐπὶ
2774 809 2843 878 τὰ

569 919 707 1008 ἤθη
753 917 978 1007 αὐτῆς,
1027 929 1422 1008 προσκλῑναι
1469 924 1549 1009 τῇ
1596 917 1793 1009 ἀρετῇ
1841 919 1962 988 τὸν
1990 917 2317 1008 Ἡρακλέα
2362 918 2474 985 καὶ
2512 918 2671 998 τοὺς
2705 920 2842 986 ἐκεί-

567 1051 692 1115 νης
754 1032 1041 1117 ίδρώτας
1084 1042 1440 1115 προκρῖναι
1487 1031 1623 1095 τῶν
1670 1031 2097 1115 προσκαίρών
2142 1029 2261 1112 τῆς
2302 1030 2537 1104 κακίας
2581 1021 2843 1110 ἡδονῶν.

747 1136 1125 1202 DCLXXII.
1190 1132 1554 1220 Πρόκλος
1592 1132 1969 1219 Μαλλώτης
2006 1134 2075 1201 ἐκ
2115 1138 2443 1219 Κιλικίας,
2492 1130 2841 1219 φιλόσοφος

571 1241 888 1321 Στωικός.
993 1247 1280 1329 ἔγραψεν
1353 1237 1715 1328 ὑπόμνημα
1788 1244 1923 1307 τῶν
1991 1243 2365 1327 Διογένους
2433 1238 2841 1326 σοφισμάτων

496 1384 545 1423 ιο
571 1351 682 1418 καὶ
730 1348 896 1437 πρὸς
934 1345 1348 1433 Ἐπίκουρον.

747 1455 1159 1525 DOLXXIII.
1245 1452 1606 1542 Πρόκλος
1663 1452 1972 1540 δεύτερος
2029 1452 2434 1541 Μαλλώτης,
2492 1452 2843 1540 φιλόσοφος

495 1617 504 1625 .
571 1563 681 1631 καὶ
733 1560 932 1641 αὐτὸς
978 1560 1299 1649 Στωικός.

747 1670 1152 1739 DOLXXIV.
1235 1668 1599 1756 Πρόκλος
1656 1666 1691 1736 ὁ
1748 1666 2129 1756 Προκλήιος
2182 1674 2617 1756 χρηματίσας,
2670 1676 2841 1755 Θεμι-

571 1782 836 1861 σίωνος,
867 1779 1264 1856 Λαοδικείας
1290 1781 1406 1863 τῆς
1435 1782 1696 1864 Συρίας
1724 1775 2141 1863 ἱεροφάντης.
2204 1781 2449 1865 ἔγραψε
2478 1780 2841 1861 θεολογίαν,

491 1919 543 1960 15
572 1888 665 1962 εἰς
718 1883 836 1951 τὸν
891 1880 1046 1966 παρ’
1097 1878 1391 1973 ”Ησιόδφ
1449 1886 1567 1969 τῆς
1619 1882 2000 1971 Πανδώρας
2054 1887 2314 1969 μῦθον,
2371 1887 2465 1963 εἰς
2516 1882 2597 1950 τὰ
2653 1884 2841 1970 χρυσᾶ

570 1993 723 2075 ἔπη,
788 1992 882 2069 εἰς
943 1986 1068 2075 τὴν
1133 1987 1530 2077 Νικομάχου
1604 1988 1977 2076 εἰσαγωγὴν
2044 1988 2169 2075 τὴν
2232 1986 2680 2077 ἀριθμητικὴν
2746 1987 2841 2054 καὶ

570 2092 740 2162 ἄλλα
783 2093 938 2162 τινὰ
984 2095 1406 2182 γεωμετρικά.
2353 2172 2367 2183 ‚

747 2202 1118 2270 DCLXXV.
1210 2200 1628 2289 Πρόκλος
1682 2198 1718 2269 ὃ
1779 2200 2061 2288 Λύκιος,
2128 2202 2431 2289 μαθητὴς
2490 2204 2840 2287 Συριανοῦ,

569 2307 902 2395 ἀκουστὴς
948 2306 1022 2375 δὲ
1067 2309 1178 2376 καὶ
1215 2308 1665 2397 Πλουτάρχου
1709 2311 1831 2377 τοῦ
1868 2315 2249 2396 Νεστορίου
2295 2313 2415 2377 τοῦ
2462 2308 2844 2395 φιλοσόφου.

489 2453 544 2491 20
570 2417 680 2484 καὶ
747 2412 946 2495 αὐτὸς
1011 2414 1386 2503 φιλόσοφος
1445 2414 1897 2495 Πλατωνικός.
2000 2406 2197 2494 οὗτος
2259 2417 2547 2503 προέστη
2612 2420 2723 2501 τῆς
2780 2416 2843 2481 ἐν

564 2522 884 2611 Ἀθήναις
929 2522 1312 2609 φιλοσόφου
1354 2526 1616 2610 σχολῆς,
1662 2523 1773 2589 καὶ
1813 2520 2023 2591 αὐτοῦ
2060 2521 2367 2609 μαθητὴς
2404 2524 2513 2591 καὶ
2553 2525 2846 2609 διάδοχος

570 2636 944 2719 χρηματίζει
1017 2637 1330 2714 Μαρῖνος
1403 2628 1437 2697 ὁ
1504 2635 1943 2717 Νεαπολίτης.
2052 2635 2299 2716 ἔγραψε
2369 2633 2551 2698 πάνυ
2623 2626 2840 2712 πολλά,

572 2736 914 2824 φιλόσοφοί
967 2764 1036 2805 τε
1090 2739 1201 2805 καὶ
1256 2735 1705 2824 γραμματικά,
1761 2733 2123 2823 ὑπόμνημα
2171 2741 2265 2816 είς
2310 2734 2474 2805 ὅλον
2516 2734 2639 2803 τὸν
2666 2734 2844 2821 Ὅμη-

573 2924 651 2978 VI
677 2944 730 2994 p.
761 2922 882 2994 361,
921 2926 1020 2995 qui
1046 2925 1188 2981 talia,
1214 2925 1476 2996 praebet:
1506 2920 1808 2994 Πρόδικος,
1831 2928 2018 2993 Κεῖος,
2050 2920 2287 2992 φυσικὸς
2316 2920 2645 2994 φιλόσοφος,
2674 2928 2844 2994 Δημο-

573 3008 764 3073 κρίτου
802 3001 1106 3076 σύγχρονος
1141 3007 1243 3061 τοῦ
1277 3001 1612 3075 Ἀβδηρίτου,
1661 3008 1896 3075 Γοργίου
1936 3003 1998 3060 δὲ
2030 3003 2129 3059 καὶ
2164 3001 2546 3074 Πρωταγόρου
2586 2999 2844 3075 μαθητής.

571 3085 802 3159 τελευτᾷ
841 3081 1082 3141 κώνειον
1118 3081 1266 3140 πιὼν
1301 3080 1404 3140 ὑπ’
1433 3079 1744 3153 Ἀθηναίων
1784 3080 1859 3147 ὥς
1894 3080 2027 3146 τοὺς
2063 3081 2229 3145 νέους
2266 3086 2625 3154 διαφθείρων
2664 3084 2747 3153 (cf.
2778 3082 2846 3137 VI

572 3183 626 3234 Ρ.
656 3167 783 3234 274)
920 3171 988 3236 22
1031 3170 1195 3228 Κεῖος
1229 3172 1276 3218 V
1313 3160 1344 3220 ὁ
1384 3169 1552 3227 Κεῖος
1580 3166 1679 3219 rel.
1818 3172 1844 3219 1
1887 3165 1987 3219 τοῦ
2032 3181 2138 3218 0111.
2168 3162 2320 3217 Eud.
2458 3171 2489 3218 3
2530 3165 2662 3220 Post
2695 3161 2847 3224 νέους

573 3244 782 3299 Suidas
817 3245 1120 3301 inculcavit
1159 3247 1328 3303 schol.
1367 3244 1459 3303 Ar.
1500 3246 1645 3300 Nub.
1686 3250 1817 3314 360,
1856 3244 2009 3313 quod
2046 3244 2313 3313 expunxi,
2352 3261 2458 3299 om.
2499 3246 2668 3299 etiam
2706 3244 2843 3297 Eud.

574 3322 655 3381 cf.
685 3324 824 3381 Mus,
854 3326 1029 3381 Rhen.
1057 3327 1094 3381 1.
1117 3344 1163 3383 ο.
1251 3326 1440 3381 Etiam
1476 3326 1617 3381 haec
1655 3327 1724 3381 de
1760 3325 1927 3381 Horis
1963 3324 2157 3379 fabula
2194 3325 2409 3377 mutabo
2437 3326 2731 3394 verborum
2768 3342 2843 3378 or-

573 3406 701 3461 dine
741 3408 893 3461 extat
929 3407 1080 3476 apud
1119 3407 1358 3461 eundem
1393 3404 1755 3459 scholiasbam
1794 3405 1981 3471 Arist„
2019 3404 2118 3457 sed
2156 3402 2356 3458 eiicere
2392 3404 2549 3458 nolui

713 3484 1015 3540 DCLXXII
1051 3486 1202 3541 Eud.
1240 3504 1294 3555 p.
1325 3491 1456 3555 611,
1495 3500 1639 3553 quae
1674 3486 1972 3554 utrumque
2009 3484 2302 3538 Mallotam
2339 3484 2607 3539 brachavib

574 3572 606 3621 8
643 3561 944 3635 Μαλλότης
979 3568 1122 3637 ναῖς.
1153 3568 1303 3621 Eud.
1343 3561 1653 3634 Μαλλώτης
1688 3583 1756 3619 ex
1792 3565 1925 3619 Par.
1954 3564 2227 3618 Kusterus
2340 3569 2407 3617 10
2443 3560 2584 3632 πρὸς
2618 3559 2733 3621 Ἐπ.
2774 3565 2843 3619 al—

573 3647 747 3703 terius
783 3647 1052 3702 Mallotae
1089 3664 1210 3702 esse
1249 3645 1472 3701 videtur
1501 3645 1878 3699 Gutschmidio

716 3726 1039 3781 DCLXXIII
1153 3734 1213 3780 11
1263 3726 1362 3781 καὶ
1411 3724 1598 3792 ἕτερος
1635 3729 1713 3780 Μ.
1751 3725 1903 3778 Eud.
2070 3720 2285 3792 ἔγραψε
2334 3720 2477 3778 κατὰ
2524 3720 2844 3795 Ἐπικούρου

575 3810 760 3881 βιβλία
789 3804 869 3879 δ’,
903 3807 1035 3877 περὶ
1061 3808 1332 3877 προνοίας
1360 3806 1547 3879 βιβλία
1577 3802 1633 3875 β’
1666 3804 1793 3858 add.
1822 3803 1993 3871 Eud„
2031 3820 2177 3872 quae
2204 3804 2339 3858 olim
2368 3804 2539 3859 etiam
2568 3804 2627 3857 in
2658 3804 2845 3860 Suidae

575 3888 988 3959 exemplaribus
1027 3887 1427 3967 extitisse·non
1465 3886 1729 3956 probavit
1755 3885 1950 3951 Daub,
1991 3882 2060 3937 de
2098 3883 2245 3937 Viol.
2283 3902 2337 3953 p.
2370 3888 2426 3952 83
2472 3901 2640 3939 unam
2676 3884 2845 3939 Eudo-

576 3970 722 4025 ciam
761 3988 987 4025 narrare
1024 3973 1154 4039 post
1189 3968 1330 4023 alios
1369 3968 1632 4023 observat
1670 3968 1848 4021 Pulch
1883 3983 1939 4034 p.
1969 3969 2037 4019 88

718 4050 1043 4105 DCLXXIV
1092 4056 1156 4103 13
1188 4050 1543 4118 Θεμεσίωνος
1561 4053 1606 4100 V
1636 4047 2011 4117 Θεμιστίωνος
2039 4044 2131 4097 vel
2162 4045 2483 4114 Θεμίσωνος
2513 4048 2651 4099 coni.
2682 4046 2845 4101 Bern-

573 4130 753 4200 hardy
866 4137 933 4185 14
959 4132 1261 4199 θεολογίας
1288 4135 1333 4182 V
1427 4135 1493 4183 15
1524 4130 1593 4183 de
1612 4146 1810 4184 comm.
1831 4127 1891 4181 in
1917 4125 2205 4179 Pandorae
2227 4124 2339 4179 fab.
2358 4125 2425 4180 cf.
2446 4125 2670 4182 Hesiod.
2695 4144 2845 4181 carm.

575 4210 1132 4281 ed.G6ttling-Flach
1150 4209 1343 4278 12.le
1445 4216 1509 4263 16
1530 4206 1633 4279 τὴν
1652 4203 1738 4278 άρ.
1762 4212 1862 4260 Av
1881 4206 1980 4273 τῆς
1997 4198 2193 4274 άριθμ.
2224 4205 2847 4276 vuly.corr.Bernhardy

717 4290 1018 4347 DCLXXV
1063 4291 1215 4345 Eud.
1253 4308 1306 4360 p.
1338 4295 1456 4345 611.
1522 4289 1603 4345 De
1640 4286 2036 4343 additamentis
2076 4284 2194 4340 dixi
2230 4280 2371 4341 Mus,
2409 4286 2583 4342 Rhen.
2624 4287 2660 4341 1.
2704 4306 2750 4342 c.

581 4377 643 4429 19
684 4370 781 4423 καὶ
817 4388 925 4425 0111.
954 4375 999 4422 V
1178 4376 1248 4424 20
1285 4360 1449 4433 οὗτος
1489 4402 1553 4410 -
1594 4372 1951 4440 Νεαπολίτης
1987 4382 2094 4423 om.
2133 4367 2311 4442 Eud..
2475 4373 2543 4423 23
2578 4387 2639 4424 τε
2680 4386 2787 4425 om.
2812 4370 2846 4419 V
