3025 4892
1147 215 1442 271 HESYCH
1451 216 1576 272 [ΠΒ.
2380 220 2501 285 151

227 390 395 457 ψατο
443 375 516 443 τὸ
575 374 1046 445 οἰκοσκοπικὸν
1107 375 1436 463 οἰώνισμα
1505 374 1638 461 [ὅτι
1700 371 1851 447 οἷον
1914 382 1974 445 εἰ
2037 381 2111 446 ἐν
2173 384 2252 467 τῇ
2308 382 2503 469 στέγῃ

221 483 432 571 -ἐφάνη
487 488 653 571 γαλῆ
701 481 744 571 ἣ
783 482 970 571 ὄφις,
1011 483 1170 553 τόδε
1215 489 1572 572 σημαίνει.]

392 609 745 676 DLXXIV.
803 610 1182 693 Ξενοφῶν
1211 607 1521 696 Γρύλλου
1541 606 1918 697 Ἀθηναῖος,
1948 609 2324 695 φιλόσοφος
2357 617 2503 677 Σω-

221 713 548 801 κρατικός,
611 710 687 793 ὃς
741 718 1001 799 πρῶτος
1059 718 1306 802 ἔγραψε
1346 722 1350 727 ’
1362 720 1557 801 βίους
1601 714 1999 803 φιλοσόφων
2048 717 2158 785 καὶ
2205 714 2501 803 ἀπομνη-

221 819 613 907 μονεύματα.
655 826 898 900 παῖδας
927 826 1117 907 ἔσχεν
1145 819 1275 887 ἀπὸ
1305 827 1629 908 Φιλησίας
1649 821 1955 908 Γρύλλον
1984 822 2094 890 καὶ
2115 822 2501 909 Διόδωρον,
2528 845 2555 884 ⁶

223 934 289 995 οἳ
327 928 434 995 καὶ
473 926 887 1016 Διόσκουροι
935 930 1326 996 ἐκαλοῦντο·
1373 924 1574 1016 αὐτὸς
1620 926 1697 995 δὲ
1726 924 1979 1015 Ἀττικὴ
2025 930 2291 1015 μέλιττα
2340 931 2502 997 ἐπω-

221 1034 550 1121 νομάζετο.
659 1037 893 1122 γέγονε
972 1034 1046 1103 δὲ
1120 1032 1577 1121 συμφοιτητὴς
1647 1034 2014 1115 Πλάτωνος
2083 1036 2195 1103 καὶ
2258 1034 2501 1123 ἤκμαζε

217 1141 374 1209 κατὰ
435 1140 558 1229 τὴν
627 1141 726 1223 qe'
783 1139 1184 1229 ὀλυμπιάδα.
1286 1145 1533 1228 ἔγραψε
1596 1146 1821 1228 βιβλία
1878 1148 2157 1210 πλείονα
2211 1145 2347 1210 τῶν
2403 1142 2499 1228 μ’,

217 1240 310 1313 ῶν
345 1248 454 1315 καὶ
499 1252 736 1316 ταῦτα·
785 1248 1026 1336 Κύρου
1071 1252 1374 1327 παιδείας
1418 1253 1647 1335 βιβλία
1693 1247 1786 1335 η’,
1825 1248 2063 1337 Κύρου
2110 1246 2501 1335 ἀναβάσεως

215 1358 433 1441 βιβλία
482 1354 560 1441 ζ’,
607 1352 1018 1442 Ἑλληνικῶν
1064 1359 1293 1440 βιβλία
1342 1352 1418 1440 ξ’,
1465 1354 1845 1456 συμπόσιον
1894 1356 2004 1423 καὶ
2050 1353 2221 1422 ἄλλα
2268 1354 2497 1423 πολλά.
2530 1380 2579 1418 ιο

379 1481 701 1548 DLXXV.
772 1482 1152 1564 Ξενοφῶν
1182 1474 1553 1564 Ἀντιοχεὺς
1590 1478 1935 1567 ἱστορικός.
2011 1482 2503 1565 Βαβυλωνιακά

215 1588 375 1677 (ἔστι
423 1588 498 1656 δὲ
529 1586 875 1677 ’ἐρωτικά).

378 1715 733 1782 DLXXVI.
790 1715 1170 1798 Ξενοφῶν
1210 1710 1512 1797 Ἐφέσιος
1540 1709 1894 1798 ἱστορικός.
1944 1706 2298 1796 Ἐφεσιακά
2330 1713 2496 1799 (ἔστι

214 1819 293 1887 δὲ,
326 1819 605 1906 ἐρωτικὰ
648 1826 875 1907 βιβλία
925 1818 976 1887 ι’
1023 1819 1172 1905 περὶ
1223 1815 1640 1905 Ἀβροκόμου
1685 1817 1796 1898 καὶ
1845 1817 2137 1905 Ανθίας)
2184 1818 2294 1885 καὶ
2347 1818 2497 1904 περὶ

209 1931 317 2014 τῆς
360 1927 617 2007 πόλεως
655 1925 982 2014 Ἐφεσίων
1027 1926 1140 1992 καὶ
1185 1923 1369 1993 ἄλλα.
2526 1956 2576 1997 15

375 2054 766 2120 DLXXVII.
847 2052 1280 2136 Ξενοφῶν
1332 2048 1639 2133 Κύπριος
1694 2048 2043 2135 ἱστορικός.
2138 2050 2495 2138 Κυπριακά

207 2161 369 2246 (ἔστι
410 2158 484 2226 δὲ
520 2160 630 2227 καὶ
668 2156 838 2226 αὐτὰ
878 2160 1218 2245 ἐρωτικῶν
1254 2153 1653 2223 ὑποθέσεων
1692 2159 1949 2243 ἱστορία
1986 2156 2136 2244 περὶ
2173 2183 2242 2224 τε
2286 2156 2495 2225 Κινύ-

206 2292 325 2351 ραν
371 2267 484 2333 καὶ
533 2265 828 2354 Μύρραν
875 2269 986 2332 καὶ
1015 2262 1363 2353 ”Αδωνιν).

376 2383 800 2450 DLXXVIII.
883 2378 1289 2465 Οἰνόμαος
1333 2377 1703 2466 Γαδαρεύς,
1762 2375 2143 2464 φιλόσοφος
2201 2377 2494 2464 κυνικός,

202 2485 492 2575 γεγονὼς
538 2486 619 2555 οὗ
664 2492 888 2580 πολλῷ
933 2484 1378 2575 πρεσβύτερος
1433 2490 1848 2573 Πορφυρίου.
1937 2484 2087 2573 περὶ
2133 2488 2487 2571 κυνισμοῦ,
2516 2519 2570 2559 20

202 2598 567 2679 πολιτείαν,
611 2594 762 2682 περὶ
807 2598 924 2681 τῆς
959 2590 1122 2660 καθ’
1148 2589 1444 2680 Ὅμηρον
1484 2595 1913 2678 φιλοσοφίας,
1960 2591 2108 2680 περὶ
2147 2589 2492 2679 Κράτητος

205 2702 312 2769 καὶ
363 2703 735 2787 Διογένους
777 2702 888 2769 καὶ
935 2704 1070 2769 τῶν
1115 2702 1388 2767 λοιπῶν.

374 2819 727 2885 DLXXIX.
797 2813 1429 2905 Ὀλυμπζιόδωρος
1467 2812 1842 2900 φιλόσοφος
1873 2812 2365 2903 Ἀλεξανδρεύς,
2408 2806 2493 2885 οὗ

200 3063 484 3136 οἰώνισμα.
549 3066 614 3120 In
653 3066 856 3121 Suidae
891 3065 1052 3120 libris
1089 3065 1229 3120 haec
1265 3063 1388 3119 vita
1423 3063 1497 3117 ad
1547 3062 1758 3119 calcem
1796 3063 2123 3117 Xenocratis
2168 3062 2493 3134 philosophi

200 3148 395 3203 addita
423 3150 508 3201 est
672 3155 699 3202 1
739 3141 827 3201 ὅτι
858 3178 922 3185 -
952 3144 1084 3201 exit.
1117 3162 1185 3200 ex
1212 3144 1422 3199 Suidae
1458 3144 1647 3213 glossa
1682 3139 1959 3213 οἰώνισμα
1992 3142 2362 3212 adscriptum,
2402 3144 2492 3199 cui

198 3226 428 3282 forssaese
463 3226 588 3280 toiza
624 3226 746 3280 vita
782 3225 1033 3295 debetur,
1071 3224 1542 3294 quemadmodum
1580 3224 1797 3293 glossae
1821 3218 2068 3293 Ἕλενος,
2102 3220 2338 3293 Πόλλης,
2376 3226 2490 3278 Πο-

199 3304 509 3375 σειδώνιος,
545 3324 686 3374 quas
725 3306 976 3361 consulto
1012 3307 1122 3361 hac
1159 3304 1404 3359 editione
1442 3304 1606 3358 omisi

337 3386 614 3441 DLXXIV
651 3393 683 3441 3
725 3382 944 3455 Γρύλου
981 3388 1040 3442 et
1073 3402 1204 3441 mox
1244 3381 1464 3453 Γρύλον
1490 3389 1538 3436 Δ
1578 3382 1828 3453 Γρύλλου
1856 3386 2003 3456 vulg.
2111 3388 2143 3438 8
2184 3381 2283 3455 (ἧδ’
2322 3382 2487 3453 Diog.

199 3468 270 3537 ΙΙ,
305 3471 369 3521 55
407 3462 499 3538 qs'
539 3472 746 3520 ABVE
786 3463 882 3538 φῇ
919 3467 1020 3523 rel.
1167 3472 1198 3519 9
1237 3464 1317 3519 Cf.
1355 3478 1409 3518 v.
1453 3464 1867 3534 Θεμιστογένης

339 3555 652 3609 DLXXV—
666 3555 978 3610 DLXXVII
1004 3555 1088 3609 De
1115 3554 1296 3625 primo
1321 3557 1381 3609 et
1397 3554 1567 3609 tertio
1586 3554 1896 3624 disputavit
1914 3553 2129 3618 Rohde,
2157 3554 2249 3608 Gr.
2270 3554 2488 3609 Roman

199 3656 260 3706 p.
289 3640 384 3689 346
422 3634 512 3703 (cf.
541 3635 705 3705 Diog.
735 3636 804 3701 II,
831 3638 941 3703 59),
979 3634 1048 3689 de
1085 3634 1266 3689 altero
1302 3634 1376 3689 ib.
1415 3652 1468 3703 p.
1499 3640 1605 3690 388
1631 3653 1768 3703 seq„
1808 3632 1904 3701 qui
1940 3651 1996 3702 p.
2024 3638 2129 3687 346
2168 3636 2285 3687 not.
2314 3640 2346 3686 2
2383 3650 2487 3688 nec

201 3714 439 3785 priorem
467 3716 524 3769 et
552 3733 604 3784 p.
628 3721 734 3771 394
754 3730 868 3783 seq.
898 3728 1003 3768 nec
1031 3714 1271 3769 alterum
1300 3716 1683 3785 pseudonymo
1712 3713 1936 3769 nomine
1965 3730 2127 3767 usum
2152 3730 2271 3769 esse
2300 3716 2484 3769 osten-

199 3796 289 3851 dit
459 3801 522 3848 11
571 3795 654 3850 sic
689 3800 790 3849 Av
837 3790 1205 3867 Βαβυλωνικά
1252 3796 1396 3865 vuly.
1437 3798 1641 3868 Βαβυλ.
1692 3796 1861 3850 etiam
1908 3792 2218 3849 Iamblicho
2265 3794 2483 3863 dantur,

199 3874 352 3931 cuius
387 3874 455 3928 cf.
494 3872 670 3929 vitam
819 3880 882 3928 13
920 3873 1084 3927 Hunc
1119 3873 1266 3929 inter
1304 3876 1542 3933 alterum
1590 3878 1649 3932 cb
1683 3874 1914 3933 tertium
1958 3874 2243 3929 saeculum
2280 3874 2483 3930 vixisse

201 3955 366 4012 evicit
395 3956 584 4011 Rohde
610 3974 665 4025 p.
697 3961 800 4009 392
949 3960 1016 4009 14
1054 3972 1181 4010 cum
1217 3956 1559 4026 Ephesiaca,
1596 3974 1741 4027 quae
1778 3956 1944 4012 hodie
1982 3958 2201 4023 extant,
2238 3957 2483 4025 quinque

200 4036 367 4093 libros
403 4035 747 4103 contineam,
785 4034 1068 4104 epitomen
1096 4034 1199 4089 illa.
1231 4037 1508 4107 genuinae
1537 4036 1763 4093 fabulae
1794 4051 1915 4089 esse
1943 4035 2086 4091 vidit
2113 4035 2321 4101 Rome,
2357 4036 2395 4090 l.
2436 4054 2481 4091 c.

201 4136 258 4188 p.
294 4122 386 4170 401
426 4118 540 4171 not.
690 4120 754 4170 17
793 4111 1048 4185 Κινύρας
1084 4115 1181 4169 καὶ
1217 4113 1457 4187 Μύρρας
1494 4118 1593 4173 καὶ
1624 4112 1915 4177 Ἀδώνιδος
1950 4116 2225 4170 Kusterus

264 4242 280 4259 .
337 4205 666 4262 DLXXVIII
703 4212 774 4260 20
812 4200 879 4260 ού
913 4206 1095 4279 πολλῷ
1131 4209 1324 4275 πρεσβ.
1353 4208 1543 4275 Πορφ.
1582 4207 1650 4261 de
1690 4202 1965 4261 eiusmodi
2004 4202 2228 4258 dicendi
2264 4202 2482 4259 ratione

207 4290 272 4345 cf.
309 4286 523 4354 anhele,
562 4288 704 4341 Mus.
744 4286 921 4342 Rhen.
961 4286 1195 4340 XXXIII
1233 4306 1289 4357 p.
1322 4292 1422 4341 170
1451 4302 1565 4354 seq.

339 4365 616 4419 DLXXIX
654 4382 762 4420 om.
794 4366 1066 4420 Westerm.

2986 4466 2988 4473 .
2983 4414 2989 4431 .-
2986 4382 2988 4395 -
2980 4200 2989 4331 -Ᾰ--ὴιι-μμ
2981 4160 2989 4177 ι-
2981 4068 2989 4133 au
2982 3976 2989 4047 <Q
