3025 4892
551 237 638 302 54
1097 221 1104 226 '
1472 231 1903 288 HESYCHmS.

550 399 681 478 κός.
790 403 1034 485 ἔγραψε
1097 393 1340 483 πάτρια
1401 400 1725 479 Κυζίκου,
1800 393 1951 480 περὶ
2017 394 2155 460 τῶν
2217 392 2291 458 ἐν
2355 399 2494 469 τοῖς
2556 393 2817 474 βιβλίοις

553 510 872 593 σημείων,
920 504 1072 591 περὶ
1116 506 1489 589 ποιητικῆς,
1538 503 1687 590 περὶ
1736 506 2102 588 στοιχείων.

730 612 950 680 CCVI.
1034 609 1449 696 Διόδωρος
1503 609 1614 676 καὶ
1670 605 1871 688 αὐτὸς
1915 604 2226 695 κωμικός.
2314 607 2451 672 τῶν
2506 601 2821 689 δραμάτον

553 715 762 787 αὐτοῦ
810 719 989 786 ἐστιν
1043 714 1407 804 Αὐλητρίς,
1456 713 1546 795 ὡς
1585 712 1944 802 Ἀθήναιος
2004 715 2076 781 ἐν
2130 714 2221 804 τῷ
2280 709 2331 779 ι’
2382 714 2519 778 τῶν
2560 719 2821 778 Δειπνο-

499 846 524 886 ⁶
553 828 895 912 σοφιστῶν
940 825 1130 909 λέγει.
1205 824 1278 892 ἐν
1327 822 1401 892 δὲ
1444 826 1537 915 τῷ
1586 821 1680 908 ιβ’
1728 825 1961 908 φησίν,
2011 818 2115 889 ὅτι
2160 821 2271 887 καὶ
2302 816 2688 904 Ἐπίκληρος
2728 815 2824 882 καὶ

553 933 1082 1017 Πανηγυρισταί.

732 1039 987 1128 CCVII.
1063 1035 1483 1124 Διόδωρος
1521 1035 1851 1122 μονάζων,
1888 1036 1961 1102 ἐν
2002 1047 2143 1115 τοῖς
2180 1035 2451 1122 χρόνοις
2473 1031 2830 1101 Ἰουλιανοῦ

551 1146 664 1214 καὶ
729 1142 1106 1222 Οὐάλεντος
1178 1141 1625 1228 ἐπισκοπήσας
1694 1145 1973 1227 Ταρσῶν
2042 1146 2160 1228 τῆς
2224 1146 2549 1220 Κιλικίας.
2655 1129 2829 1215 οὗτος

556 1257 875 1340 ἔγραψεν,
919 1247 1009 1329 ὥς
1044 1268 1209 1335 φησι
1238 1247 1591 1335 Θεόδωρος
1627 1245 2060 1334 ἀναγνώστης
2103 1248 2175 1315 ἐν
2220 1251 2299 1336 τῇ
2348 1247 2827 1332 ἐκκλησιαστικῇ

479 1379 530 1418 10
557 1361 847 1448 ἱστορίᾳ,
907 1355 1219 1443 διάφορα.
1312 1356 1439 1423 εἰσὶ
1489 1353 1564 1423 δὲ
1608 1353 1793 1422 τάδε·
1842 1355 2184 1441 ἑρμηνεῖαι
2240 1358 2336 1433 είς
2387 1351 2511 1440 τὴν
2557 1349 2828 1419 παλαιὰν

554 1468 808 1550 πᾶσαν,
854 1464 1152 1550 γένεσιν,
1200 1466 1435 1545 ἔξοδον
1481 1462 1594 1528 καὶ
1634 1463 1897 1548 ἐφεξῆς,
1946 1466 2041 1541 είς
2089 1460 2394 1548 ψαλμοὺς
2439 1461 2549 1528 καὶ
2596 1464 2686 1540 εἰς
2728 1455 2829 1536 τὰς

557 1570 621 1638 δ’
671 1575 1038 1656 βασιλείας,
1087 1574 1181 1650 είς
1225 1566 1304 1636 τὰ
1355 1571 1717 1656 ζητούμενα
1763 1573 1902 1636 τῶν
1947 1569 2557 1656 παραλειπομένων,
2603 1572 2693 1646 εἰς
2734 1563 2833 1642 τὰς

554 1681 933 1764 παροιμίας,
970 1680 1069 1755 τίς
1098 1674 1393 1764 διαφορὰ
1424 1680 1718 1764 θεωρίας
1750 1675 1861 1742 καὶ
1888 1673 2314 1762 ἀλληγορίας,
2353 1680 2447 1756 είς
2473 1673 2595 1743 τὸν
2626 1676 2829 1756 ἐκκλη-

556 1783 857 1870 σιαστήν,
905 1786 998 1862 εἰς
1023 1781 1098 1850 τὸ
1130 1774 1305 1872 ᾆσμα
1346 1786 1481 1849 τῶν
1522 1780 1859 1872 ᾀσμάτων,
1906 1786 2000 1862 είς
2035 1780 2195 1861 τοὺς
2229 1781 2596 1870 προφήτας,
2635 1805 2833 1869 χρονι-

479 1912 530 1951 15
556 1888 681 1957 κὸν
739 1887 1237 1977 διορθούμενον
1288 1886 1362 1956 τὸ
1413 1887 1688 1976 σφάλμα
1738 1885 2077 1974 Εὐσεβίου
2122 1893 2243 1956 τοῦ
2290 1895 2660 1975 Παμφίλου
2701 1883 2833 1968 περὶ

553 1999 690 2064 τῶν
737 1993 1034 2081 χρόνων,
1083 1999 1177 2074 εἰς
1221 1993 1301 2062 τὰ
1350 1994 1417 2060 δ’
1465 1992 1849 2083 εὐαγγέλια,
1898 1999 1991 2075 είς
2035 1994 2152 2076 τὰς
2198 1995 2468 2084 πράξεις
2512 1999 2648 2064 τῶν
2693 1991 2834 2061 ἀπο-

558 2099 838 2186 στόλων,
868 2105 961 2180 εἰς
988 2099 1111 2188 τὴν
1140 2101 1496 2189 ἐπιστολὴν
1518 2099 1847 2169 Ἰωάννου
1874 2105 1995 2170 τοῦ
2035 2098 2531 2188 εὐαγγελιστοῦ,
2560 2101 2705 2189 περὶ
2730 2101 2835 2166 τοῦ

559 2201 652 2289 εἷς
716 2205 877 2287 θεὸς
932 2211 1005 2276 ἐν
1061 2207 1312 2296 τριάδι,
1376 2205 1543 2275 κατὰ
1596 2211 2206 2295 Μελχισεδεκιτῶν,
2271 2206 2438 2276 κατὰ
2486 2204 2835 2288 Ἰουδαίων,

559 2314 710 2402 περὶ
766 2318 1025 2400 νεκρῶν
1071 2313 1526 2401 ἀναστάσεως,
1581 2315 1731 2402 περὶ
1777 2319 2021 2402 ψυχῆς,
2085 2313 2252 2382 κατὰ
2300 2313 2653 2401 διαφόρων
2704 2310 2835 2396 περὶ

477 2444 532 2484 zo
559 2417 763 2508 αὐτῆς
810 2421 1159 2509 αἱρέσεων,
1206 2419 1372 2510 πρὸς
1416 2420 1794 2509 Γρατιανὸν
1822 2420 2178 2508 κεφάλαια,
2223 2420 2387 2488 κατὰ
2418 2418 2837 2509 ἀστρονόμων

555 2529 666 2596 καὶ
728 2527 1158 2615 ἀστρολόγων
1222 2529 1332 2595 καὶ
1387 2529 1803 2615 εἱμαρμένης.
1896 2527 2045 2616 περὶ
2112 2534 2402 2622 σφαίρας
2455 2529 2566 2595 καὶ
2618 2531 2747 2594 τῶν
2790 2520 2835 2604 ζ’

560 2639 790 2718 ζωνῶν
824 2636 935 2703 καὶ
962 2638 1078 2722 τῆς
1109 2637 1414 2714 ἐναντίας
1447 2637 1585 2702 τῶν
1613 2632 1914 2724 ἀστέρων
1939 2641 2223 2721 πορείας.
2280 2636 2430 2721 περὶ
2458 2631 2837 2721 τῆςἹππάρ-

557 2768 682 2829 χον
729 2747 1045 2829 σφαίρας,
1104 2742 1253 2827 περὶ
1298 2747 1652 2828 προνοίας,
1705 2740 1868 2809 κατὰ
1919 2741 2286 2822 Πλάτωνος
2332 2743 2483 2830 περὶ
2529 2745 2697 2810 θεοῦ
2742 2735 2838 2806 καὶ

557 2852 774 2932 θεῶν,
819 2849 968 2932 περὶ
1014 2847 1281 2935 φύσεως
1324 2848 1435 2916 καὶ
1480 2845 1646 2935 ὕλης
1674 2901 1691 2934 ,
1734 2852 1807 2917 ἐν
1856 2839 1907 2936 ᾧ
1953 2854 2023 2915 τί
2061 2848 2139 2916 τὸ
2190 2848 2455 2917 δίκαιόν
2487 2851 2655 2934 ἐστι,
2706 2843 2838 2931 περὶ

479 2975 531 3016 25
559 2957 728 3022 θεοῦ
765 2955 875 3021 καὶ
910 2954 1074 3041 ὕλης
1104 2951 1497 3040 Ἑλληνικῆς
1534 2956 2013 3042 πεπλασμένης,
2062 2953 2162 3022 ὅτι
2203 2959 2278 3022 αί
2311 2953 2585 3043 ἀόρατοι
2624 2954 2840 3041 φύσεις

561 3059 683 3129 οὐκ
721 3062 792 3128 ἐκ
827 3065 962 3129 τῶν
999 3066 1345 3148 στοιχείων
1373 3058 1523 3128 ἀλλ’
1558 3060 1945 3151 ἐκῗμηδενὸς
1970 3060 2130 3148 μετὰ
2160 3065 2296 3129 τῶν
2325 3068 2671 3150 στοιχείων
2707 3062 2839 3143 ἐδη-

558 3167 1096 3255 μιουργήθησαν,
1143 3166 1308 3255 πρὸς
1359 3164 1756 3254 Εὐφρόνιον
1804 3167 2210 3254 φιλόσοφον,
2256 3167 2421 3236 κατὰ
2466 3173 2702 3237 πεῦσιν
2745 3161 2840 3233 καὶ

559 3272 936 3359 ἀπόκρισιν,
982 3273 1146 3341 κατὰ
1195 3272 1687 3362 Ἀριστοτέλους
1739 3275 1889 3360 περὶ
1945 3273 2249 3360 σώματος
2306 3273 2663 3364 οὐρανίου,
2721 3273 2842 3346 πῶς

559 3377 811 3469 θερμὸς
858 3377 893 3448 ὁ
934 3378 1139 3468 ἥλιος,
1185 3380 1350 3450 κατὰ
1393 3385 1531 3449 τῶν
1577 3380 1915 3468 λεγόντων
1965 3384 2133 3474 ζῷον
2178 3381 2299 3450 τὸν
2348 3379 2667 3468 οὐρανόν,
2710 3375 2839 3462 περὶ

482 3512 534 3551 30
561 3491 684 3556 τοῦ
723 3492 861 3567 πῶς
897 3485 999 3554 ἀεὶ
1039 3487 1160 3575 μὲν
1200 3486 1235 3557 ὃ
1276 3487 1706 3576 δημιουργός,
1756 3486 1878 3557 οῦκ
1915 3486 2017 3558 ἀεὶ
2058 3488 2132 3558 δὲ
2168 3488 2248 3556 τὰ
2288 3489 2839 3578 δημιουργήματα,

563 3598 702 3673 πῶς
764 3592 839 3662 τὸ
906 3596 1136 3662 θέλειν
1199 3595 1309 3662 καὶ
1373 3594 1447 3663 τὸ
1518 3593 1606 3681 μὴ
1666 3597 1894 3663 θέλειν
1951 3596 2055 3664 ἐπὶ
2118 3601 2290 3664 θεοῦ
2354 3594 2584 3664 ἀϊδίου
2646 3594 2840 3672 ὄντος,

563 3700 729 3770 κατὰ
776 3705 1185 3790 Πορφυρίου
1229 3702 1377 3789 περὶ
1427 3700 1611 3793 ζῴων
1657 3703 1767 3768 καὶ
1813 3705 2098 3770 θυσιῶν.

711 3905 742 3953 2
792 3900 861 3953 do
907 3899 1016 3952 hoc
1063 3897 1354 3966 opusculo,
1403 3897 1553 3966 quod
1600 3899 1814 3966 septem
1864 3895 2117 3952 constitit
2161 3896 2346 3964 libris,
2394 3898 2464 3953 cf.
2504 3898 2692 3968 Steph.
2728 3897 2841 3965 Byz-

567 3999 618 4037 v.
658 3978 929 4049 Βέσβικος
967 3982 1025 4033 et
1061 3976 1250 4044 Daub,
1291 3977 1446 4032 Stud.
1485 3996 1540 4047 ρ.
1579 3983 1647 4032 98
2116 4045 2119 4048 .

710 4059 874 4114 CCVI
913 4057 993 4112 Cf.
1029 4056 1286 4111 Meineke
1325 4059 1349 4111 Ι
1385 4076 1439 4127 p.
1479 4062 1600 4111 418.
1665 4056 1814 4110 Num
1850 4058 2117 4126 Hesychii
2160 4058 2280 4113 vita.
2318 4058 2415 4124 sit,
2464 4057 2711 4112 dubium.
2772 4051 2841 4108 Cf.

564 4139 755 4208 Daub,
814 4139 883 4193 de
921 4138 1071 4193 Suid.
1110 4155 1164 4206 p.
1203 4142 1309 4191 484
1477 4143 1509 4192 5
1562 4155 1662 4207 pro
1713 4132 1813 4208 ιβ’,
1866 4140 2015 4206 quod
2061 4138 2193 4194 libri
2239 4139 2556 4208 praestanss,
2614 4135 2671 4205 ς’
2720 4152 2841 4192 corr.

563 4219 876 4286 Reinesim,
923 4219 1281 4289 Bernhardy,
1342 4219 1614 4292 Westerm.
1672 4218 1796 4272 coll.
1856 4218 1931 4272 VI
1986 4238 2039 4288 p.
2089 4224 2219 4285 235,
2276 4224 2407 4287 239,
2462 4224 2595 4285 240,
2651 4218 2747 4273 sed
2792 4208 2841 4287 β’

565 4298 804 4352 fortasse
845 4299 1236 4368 corrigendum
1273 4299 1587 4368 suspicatus
1627 4300 1713 4353 esf.
1748 4299 1918 4353 Daub
1942 4300 1984 4352 1.
2017 4315 2061 4354 o.

713 4377 903 4431 CCVII
941 4378 1022 4430 De
1061 4379 1166 4431 hac
1204 4377 1473 4446 Hesychii
1510 4377 1629 4432 vita
1664 4378 1783 4432 dixi
1816 4379 1957 4434 Mus.
1997 4380 2171 4434 Rhen.
2210 4376 2419 4432 XXXV
2456 4396 2511 4447 p.
2552 4384 2655 4434 198
2685 4395 2789 4447 seq.
