3025 4892
1115 216 1545 275 HESYCHIUS.
2350 218 2475 285 189

180 373 268 468 ἦν
317 384 649 469 κεραμέως
696 381 806 449 καὶ
853 382 1132 466 γέγονεν
1173 380 1278 448 ἐπὶ
1327 384 1450 449 τοῦ
1496 381 1767 468 πρώτον
1802 386 2244 467 Πτολεμαίου.
2319 381 2477 469 δρά-

183 516 363 575 ματα
407 489 478 556 δὲ
525 487 740 557 αὐτοῦ
785 486 1040 574 κωμικὰ
1086 486 1362 574 τραγικὰ
1411 486 1540 575 λη’.

365 596 735 664 DGXGVII.
786 582 1114 681 Ῥοῦφος
1154 592 1456 681 Ἐφέσιος
1503 593 1751 679 ἰατρός,
1797 592 2089 681 γεγονὼς
2136 594 2239 662 ἐπὶ
2287 601 2477 682 Τραϊ-

178 705 360 769 ανοῦ
415 700 542 771 σὺν
598 707 916 789 Κρίτωνι.
1017 702 1286 788 φέρεται
1345 697 1555 768 αὐτοῦ
1610 706 1836 787 βιβλία
1891 708 2191 785 πλεῖστα,
2258 701 2325 781 ἐξ
2379 692 2478 768 ὦν

176 809 288 875 καὶ
348 813 577 876 ταῦτα·
638 808 788 894 περὶ
835 811 1092 893 διαίτης
1138 807 1218 895 ε’,
1278 807 1429 895 περὶ
1479 812 1734 895 διαίτης
1790 807 2131 886 πλεόντων
2178 806 2270 893 α’,
2329 808 2477 895 περὶ
2505 846 2532 885 5

177 919 648 1001 τραυματικῶν
705 912 1076 1002 φαρμάκων
1135 913 1226 1001 α’,
1285 915 1438 1002 περὶ
1491 919 1993 1005 τραυματισμοῦ
2046 911 2329 1001 ἄρθρων
2387 912 2479 997 α’,

179 1023 333 1107 περὶ
389 1020 617 1089 σύκων
671 1022 765 1108 α’,
821 1022 972 1109 περὶ
1028 1025 1144 1109 τῆς
1197 1018 1474 1109 ἀρχαίας
1532 1026 1828 1107 ἰατρικῆς
1872 1027 2139 1107 βιβλίον
2184 1020 2274 1107 α’,
2330 1021 2478 1108 περὶ

181 1128 510 1214 γάλακτος
555 1134 823 1215 βιβλίον
870 1126 962 1213 α’,
1009 1128 1182 1215 περὶ·
1209 1136 1406 1195 οἴνου
1451 1132 1719 1213 βιβλίον
1768 1126 1861 1213 α’,
1907 1127 2057 1216 περὶ
2103 1129 2380 1214 μέλιτος.

359 1236 771 1303 DGXCVIII.
845 1239 1196 1320 Σαβῖνος
1242 1231 1585 1320 σοφιστής,
1632 1232 1928 1320 γεγονώς
1974 1237 2078 1303 ἐπὶ
2119 1232 2478 1321 Ἀδριανοῦ

178 1348 543 1428 Καίσαρος.
653 1347 944 1430 ἔγραψεν
1017 1338 1390 1429 εἰσαγωγὴν
1463 1343 1574 1408 καὶ
1642 1338 2000 1421 ὑποθέσεις
2061 1346 2481 1431 μελετητικῆς
2508 1381 2559 1421 10

178 1444 348 1535 ὕλης
413 1452 562 1533 [εἰς]
629 1454 857 1535 βιβλία
922 1448 1014 1535 δ’,
1080 1453 1174 1528 εἰς
1227 1452 1657 1536 Θουκυδίδην
1722 1449 1833 1517 καὶ
1883 1448 2317 1519 Ἀκουσίλαον
2368 1450 2479 1518 καὶ
2586 1482 2597 1490 ·

176 1552 425 1634 ἄλλους
468 1553 914 1643 ὑπομνήματα
964 1556 1074 1623 καὶ
1121 1554 1310 1644 ἕτερά
1357 1582 1508 1624 τινα
1552 1556 1925 1643 ’ἐξηγητικά.

362 1663 705 1731 DCXCIX.
771 1662 1383 1751 Σαγχωνιοέθων
1422 1662 1667 1750 Τύριος
1702 1663 2098 1758 φιλόσοφος,
2138 1660 2211 1743 ὃς
2246 1664 2477 1750 γέγονε

177 1768 352 1837 κατὰ
417 1768 498 1837 τὰ
570 1769 850 1855 Τρωικά.
938 1769 1090 1857 περὶ
1143 1773 1258 1857 τῆς
1303 1767 1555 1857 Ἑρμοῦ
1610 1776 2079 1858 φυσιολογίας,
2138 1769 2282 1857 ἣτις
2333 1797 2478 1858 μετ-

181 1875 524 1964 εφράσθη,
563 1876 804 1965 πάτρια
840 1884 1105 1965 Τυρίων
1147 1880 1224 1965 ,τῇ
1261 1883 1602 1945 Φοινίκων
1641 1879 1979 1971 διαλέκτῳ,
2019 1877 2479 1965 Αἰγυπτιακὴν
2506 1918 2558 1957 15

176 1983 660 2070 θεολογίανκαὶ
709 1981 875 2051 ἄλλα
919 1983 1088 2051 τινά.

364 2092 549 2160 DCC.
648 2089 1233 2179 Σαγχωνιιίθης
1290 2089 1631 2169 Σιδώνιος
1695 2089 1937 2177 σοφός,
2000 2105 2139 2171 τοῖς
2208 2090 2477 2179 χρόνοις

175 2284 344 2361 σόφῳ
382 2304 522 2343 corr.
564 2287 868 2355 Gaisford).
936 2286 1017 2342 cf.
1056 2288 1347 2357 praeterea.
1388 2284 1577 2355 Lydus
1608 2286 1677 2339 de
1706 2287 1853 2355 Mag.
1887 2288 1927 2354 Ι,
1965 2292 2032 2340 41
2061 2282 2372 2356 Ῥίνθωνα,
2412 2281 2475 2349 ὃς

177 2363 511 2438 ἑξαμέτροις
549 2366 762 2437 ἔγραψε
802 2366 1018 2435 πρῶτος
1053 2369 1381 2439 κωμῳδίαν,
1421 2364 1480 2432 ἐξ
1520 2357 1587 2420 οὖ
1619 2368 1837 2436 πρῶτος
1864 2364 2053 2437 λαβὼν
2081 2364 2183 2429 τὰς
2212 2363 2475 2437 ἀφορμὰς

179 2450 482 2511 Λουκίλιος
512 2442 542 2501 ὁ
567 2444 860 2517 Ῥωμαῖος,
889 2450 948 2502 et
976 2464 1117 2516 quae
1146 2446 1457 2517 disputavit
1487 2446 1729 2514 Glinton,
1767 2447 1891 2503 fast.
1930 2447 2009 2501 III
2039 2465 2092 2516 p.
2124 2452 2243 2502 486.
2313 2446 2472 2502 Cete-

181 2546 312 2584 rum
353 2530 795 2599 φλυακογραφία
822 2532 922 2580 Av
961 2532 1396 2597 φλυαρογραφία
1425 2532 1466 2581 B
1501 2528 1571 2581 al.
1620 2530 2060 2596 φυλακογραφία
2097 2529 2259 2597 vulg„
2295 2529 2361 2583 ut
2397 2527 2475 2582 vi-

177 2608 343 2664 detur
488 2615 519 2662 2
559 2608 640 2663 sio
666 2613 768 2661 Av
797 2607 894 2662 καὶ
931 2628 1085 2677 τραγ.
1121 2610 1264 2677 vulq.
1366 2605 1457 2667 λς’
1486 2613 1532 2660 V

321 2687 622 2745 DCXCVII
657 2690 808 2743 Eud.
848 2706 902 2757 p.
933 2693 1034 2743 622
1154 2696 1188 2742 4
1227 2686 1508 2756 φιλόπονα
1553 2692 1690 2763 βιβλ.
1734 2690 1869 2745 Par.
1901 2696 2043 2745 2624
2072 2690 2167 2760 (Η)
2277 2696 2310 2744 6
2352 2686 2474 2757 ἤτοι

181 2763 440 2837 ἐφοδίων
476 2774 605 2839 post
641 2764 704 2823 α’
733 2768 862 2824 add.
901 2769 1053 2825 Eud.
1209 2775 1238 2823 ’1
1287 2770 1359 2823 ad
1390 2768 1579 2823 σύκων
1616 2772 1742 2827 add.
1781 2777 1826 2824 V
1874 2770 2049 2835 συκᾶς
2085 2770 2235 2840 λέγει
2272 2766 2341 2825 τὰ
2382 2789 2473 2826 συ-

177 2846 400 2919 κάμινα
445 2847 610 2920 πάθη
659 2850 791 2920 περὶ
844 2846 948 2919 τὴν
1003 2847 1175 2918 ἕδραν
1225 2846 1525 2919 γινόμενα,
1575 2850 1941 2904 nihilominus
1999 2852 2207 2905 σικυῶν
2255 2851 2478 2921 flagitat

177 2928 519 3001 Bernhardy
670 2938 703 2986 8
750 2929 881 3000 περὶ
927 2931 1084 2985 οἴνου
1131 2931 1228 2984 καὶ
1274 2930 1492 2999 μέλιτος
1540 2928 1603 2983 ἔν
1638 2930 1789 2984 Eud.
1839 2946 1982 2999 quae
2030 2930 2158 2984 add.
2196 2930 2326 2996 περὶ
2364 2930 2475 2985 τῶν

177 3010 278 3064 τοῦ
319 3005 635 3077 ἀνθρώπου
679 3011 888 3080 μορίων
926 3005 1059 3077 δύο,
1095 3009 1224 3079 περὶ
1263 3005 1441 3065 ὀστῶν
1481 3007 1559 3063 ἓν.
1629 3008 1707 3063 Cf.
1742 3010 1962 3064 Unters.
1992 3029 2045 3080 p.
2076 3017 2165 3064 36.
2218 3009 2301 3064 De
2330 3010 2474 3065 libro

179 3089 312 3159 περὶ
343 3120 413 3129 -
443 3092 654 3159 μορίων
692 3091 804 3159 (vel
826 3090 971 3158 περὶ
1008 3085 1314 3160 ὀνομασίας
1351 3090 1462 3144 τῶν
1491 3111 1535 3143 τ.
1567 3110 1621 3143 α.
1651 3091 1749 3158 μ.),
1792 3090 1948 3165 cuius
1986 3090 2270 3159 epitomen
2308 3090 2473 3147 hodie

179 3173 374 3225 extare
401 3170 612 3239 notum,
641 3172 710 3225 ef.
742 3172 966 3227 doc-tam
995 3170 1435 3241 disputationem
1461 3170 1695 3241 Rohdei‚
1735 3172 1804 3225 de
1833 3171 1972 3225 Poll.
2001 3171 2140 3226 font.
2168 3190 2222 3242 p.
2254 3177 2321 3225 83
2342 3188 2475 3241 seq„

181 3250 280 3317 qui
315 3250 528 3303 nostris
567 3242 852 3306 codicibus
888 3252 1024 3307 duas
1061 3252 1226 3306 huius
1272 3249 1452 3305 libelli
1497 3251 1705 3307 formas
1744 3254 1994 3307 servatas
2041 3269 2162 3307 esse
2200 3252 2475 3322 exposuit,

178 3331 238 3383 et
265 3329 488 3399 Dielsii,
525 3328 764 3401 Doxogr.
791 3349 849 3400 Ρ.
879 3337 1008 3400 208,
1047 3332 1143 3400 qui
1170 3332 1289 3401 ipse
1317 3331 1616 3400 descripsit
1651 3349 1718 3386 ex
1757 3332 1877 3386 eod.
1901 3333 2027 3387 Vat.
2066 3328 2475 3403 ὄνοματοποιία

179 3412 280 3480 τῆς
309 3410 413 3463 τοῦ
443 3404 754 3479 ἀνθρώπου
783 3410 1017 3475 θέσεως.
1055 3413 1138 3467 De
1167 3410 1555 3466 additamento
1586 3412 1865 3468 Eudoeiae
1895 3413 2103 3467 erravit
2124 3413 2301 3467 Pulch
2330 3432 2385 3483 p.
2405 3418 2473 3467 88

320 3492 651 3547 DCXCVIII
685 3494 836 3547 Eud.
876 3511 930 3562 p.
961 3498 1066 3548 640
1174 3499 1205 3547 9
1245 3494 1518 3565 Σαβῖνος,
1556 3489 1737 3560 ῤ’ήτωρ
1775 3494 1927 3548 Eud.
2047 3499 2112 3547 10
2151 3492 2326 3561 εἰσαγ.
2359 3510 2471 3561 seq.

185 3572 511 3641 suspectum
537 3572 802 3639 Kasara,
834 3572 933 3640 qui
962 3572 1103 3627 eoni.
1136 3571 1235 3629 εἰσ.
1266 3574 1362 3628 καὶ
1389 3568 1673 3627 ὑπόθεσιν
1693 3571 1765 3605 **
1786 3573 1904 3641 (ubi
1922 3573 2161 3627 nominis
2180 3574 2474 3642 genetivus

182 3652 502 3720 exciderit),
539 3651 670 3723 περὶ
705 3657 822 3722 μελ.
845 3654 949 3708 etc.
1000 3650 1258 3707 Ceterum
1285 3648 1597 3716 ὑποθέσεις
1632 3658 1835 3707 Anvn
1867 3650 2147 3709 ὑπόθεσιν
2183 3654 2475 3723 μελετικῆς

179 3738 326 3806 vulq.
359 3734 508 3789 Eud.
624 3741 686 3788 11
728 3732 809 3796 εἰς
838 3736 1022 3807 βιβλία
1049 3734 1182 3789 libri
1211 3730 1274 3789 ἐν
1303 3736 1535 3807 βιβλίοις
1563 3736 1715 3792 Eud.
1755 3738 1941 3809 βιβλία
1979 3752 2117 3790 corr.
2137 3735 2474 3806 Bernhardy

327 3814 599 3870 DCXCIX
637 3832 745 3870 om.
778 3815 1050 3869 Westerm.
1123 3812 1201 3869 Cf.
1239 3814 1542 3884 Eusebius,
1580 3818 1774 3886 Praep.
1815 3833 1899 3872 ev.
1939 3817 1963 3869 I
2001 3833 2047 3870 e.
2078 3822 2129 3884 9,
2167 3815 2369 3871 Mfiller
2406 3819 2474 3876 fr.

185 3894 315 3949 hist.
347 3894 428 3947 III
453 3914 507 3965 p.
537 3901 641 3949 563
673 3897 731 3949 et
757 3912 899 3964 quae
931 3895 1354 3964 disputaverunt
1379 3896 1594 3965 Rohde,
1623 3897 1764 3952 Mus.
1795 3897 1971 3951 Rhen.
2000 3896 2237 3950 XXXIII
2264 3915 2318 3966 p.
2353 3904 2472 3967 178,

186 3971 508 4044 Baudissin,
547 3975 784 4031 Studien
820 3994 915 4029 zur
953 3976 1132 4029 semit.
1161 3975 1779 4047 Religionsgesehiehte
1808 3978 1831 4029 I
1859 3996 1913 4046 p.
1948 3983 1974 4031 1
2008 3993 2120 4046 seq.
2230 3984 2292 4032 13
2323 3982 2471 4048 Σαγ-

185 4053 480 4122 χονιοὶθων
516 4060 562 4108 Δ
609 4058 976 4110 Σουνιαίθων
1012 4055 1167 4110 liibri
1204 4058 1404 4114 Athen.
1444 4059 1523 4111 III
1559 4077 1614 4127 p.
1650 4064 1776 4127 126,
1824 4057 1920 4111 ubi
1960 4072 2153 4111 verum
2190 4058 2333 4113 vidit
2372 4059 2472 4115 Ga-

189 4137 465 4191 saubonus
647 4143 713 4190 14
758 4137 1195 4191 commentatum
1251 4154 1372 4192 esse
1418 4138 1713 4192 Philonem
1760 4137 2021 4206 Byblium
2068 4138 2287 4194 monuit
2331 4139 2473 4194 Gut-

189 4216 392 4269 schmid
428 4214 556 4270 coll.
589 4210 904 4270 Ἐθωθεῶν
941 4215 1125 4284 (scrib.
1165 4219 1466 4287 Θωθείων)
1503 4219 1652 4288 apud
1689 4219 1892 4274 Muller
1927 4218 2008 4272 ΙΙΙ
2044 4238 2097 4290 p.
2129 4225 2233 4274 572

195 4301 257 4353 15
293 4290 502 4364 πάτριά
540 4315 598 4350 τε
637 4300 683 4348 Δ

327 4374 466 4431 DCC
497 4374 687 4431 Vitam
717 4378 962 4434 servavit
978 4384 1049 4447 V3
1082 4398 1418 4452 quamquam
1449 4379 1683 4438 alteram
1713 4381 1915 4453 prioris
1944 4382 2322 4441 recensionem
2353 4401 2472 4443 esse
