3025 4892
1107 190 1534 246 HESYCHIUS.
2328 192 2461 257 209

353 350 804 419 DOOLXXIV.
879 347 1242 438 Σώφρων
1288 350 1777 437 Συρακούσιος,
1818 348 2304 439 Ἀγαθοκλέους
2346 356 2457 421 καὶ
2503 369 2521 393 ’

199 460 746 541 Δαμνασυλλίδος.
826 470 966 537 τοῖς
1013 456 1088 523 δὲ
1134 456 1405 543 χρόνοις
1451 448 1539 543 ἦν
1584 455 1748 525 κατὰ
1792 459 2045 545 Ξέρξην
2091 460 2202 527 καὶ
2251 456 2456 546 Εὐρι-

192 566 396 649 πίδην,
437 566 546 631 καὶ
593 568 841 651 ἔγραψε
887 568 1130 652 μίμους
1175 560 1531 650 ἀνδρείους
1574 564 1685 631 καὶ
1730 570 1973 652 μίμους
2017 569 2458 651 γυναικείους.

193 668 306 735 εἰσὶ
351 668 419 736 δὲ
460 669 954 756 καταλογάδην,
1008 671 1329 761 διαλέκτῳ
1380 674 1662 758 Δωρίδι.
1753 677 1871 739 καί
1912 692 2077 757 φασι
2124 669 2458 740 Πλάτωνα

189 774 294 843 τὸν
336 776 714 864 φιλόσοφον
758 774 862 845 ἀεὶ
898 773 1128 855 αὐτοῖς
1164 776 1619 865 ἐντυγχάνειν,
1666 774 1755 857 ως
1798 779 1910 845 καὶ
1946 777 2312 846 καθεύδειν
2350 775 2452 846 ἐπ’
2482 800 2509 841 5

191 880 396 950 αὐτῶν
442 881 592 951 ἔσθ’
646 880 774 952 ὅτε.
1581 958 1591 970 ,

345 990 766 1057 DOCLXXV.
812 988 1200 1076 [Σώφρων
1228 987 1535 1075 κωμικός.
1574 988 1821 1059 τούτου
1849 992 1986 1060 ἐστὶ
2015 990 2319 1079 δράματα
2346 990 2457 1058 καὶ

184 1099 477 1187 κωμῳδία
517 1095 868 1183 Πενθερά,
923 1092 1012 1175 ὥς
1042 1091 1401 1181 Ἀθήναιός
1439 1115 1650 1182 φησιν
1688 1099 1765 1165 έν
1802 1105 2457 1185 Δειπνοσοφισταῖς.]

343 1205 804 1272 DOOLXXVI.
894 1206 1200 1290 Ταῦρος
1255 1202 1617 1291 Βηρύτιος,
1678 1204 2052 1292 φιλόσοφος
2112 1212 2459 1274 Πλατωνι-

182 1308 312 1395 κός,
375 1309 672 1397 γεγονὼς
734 1296 842 1378 gazi
890 1307 1296 1377 Ἀντωνίνου
1356 1313 1480 1377 τοῦ
1539 1308 1901 1396 Εὐσεβοῦς.
2003 1316 2247 1399 ἔγραψε
2307 1312 2457 1399 περὶ
2488 1334 2537 1373 10

179 1420 282 1502 τῆς
339 1421 474 1486 τῶν
542 1417 898 1505 δογμάτων
961 1419 1293 1503 διαφορᾶς
1352 1416 1721 1496 Πλάτωνος
1782 1419 1892 1486 καὶ
1947 1415 2460 1506 Ἀριστοτέλους,

181 1524 317 1608 περὶ
363 1523 691 1611 σωμάτων
735 1524 846 1590 καὶ
891 1518 1265 1609 ἀσωμάτων
1311 1522 1423 1589 καὶ
1474 1520 1643 1590 ἄλλα
1688 1532 1979 1593 πλεῖστα.
2150 1569 2162 1579 -

341 1630 840 1699 DCCLXXVII.
921 1631 1352 1697 Τελέσιλλα
1396 1682 1411 1698 .
1440 1683 1453 1698 .
1485 1683 1499 1697 .
1544 1630 1854 1718 ποιήτρια
1893 1686 1908 1700 .
1937 1686 1952 1702 .
1982 1688 1995 1701 .
2036 1634 2170 1717 [ἐπὶ
2218 1633 2463 1721 στήλης

174 1735 248 1803 τὰ
300 1738 421 1825 μὲν
479 1743 706 1823 βιβλία
753 1733 1176 1825 ἀπέρριπται,
1232 1735 1481 1824 κράνος
1528 1737 1601 1805 δὲ
1646 1742 1726 1823 τῇ
1772 1744 2027 1828 κεφαλῇ
2084 1742 2460 1827 περιέθηκε,

175 1844 278 1910 καὶ
318 1842 445 1932 γὰρ
495 1841 604 1912 ὅτε
642 1842 1166 1931 Λακεδαιμόνιοι
1201 1841 1362 1923 τοὺς
1398 1845 1472 1911 έν
1507 1848 1601 1935 τῷ
1640 1846 1797 1933 ἱερῷ
1834 1850 1956 1914 τοῦ
1973 1845 2229 1935 ’Ἁργου
2263 1874 2457 1915 κατα·
2488 1869 2539 1908 1⁵

174 1949 505 2035 φυγόντας
569 1952 968 2039 διέφθειρον
1029 1950 1140 2018 καὶ
1205 1948 1372 2037 πρὸς
1423 1948 1551 2036 τὴν
1603 1950 1803 2019 πόλιν
1856 1951 2065 2041 ᾔεσαν
2122 1952 2215 2035 ως
2274 1954 2461 2043 αἱρή-

175 2076 424 2143 σοντες,
494 2056 649 2126 τότε
722 2058 1072 2126 Τελέσιλλα
1138 2056 1254 2135 τὰς
1317 2058 1390 2124 έν
1454 2055 1679 2147 ἡλικία
1742 2072 2064 2143 γυναῖκας
2129 2057 2461 2129 ὁπλίσασα

43 2228 50 2235 .
169 2160 544 2251 ὑπήντησεν
591 2158 664 2232 οἷ
703 2162 1103 2252 προσῄεσαν.
1179 2162 1340 2251 ὅπερ
1389 2163 1647 2243 ἰδόντες
1686 2168 1754 2232 oc
1796 2163 2321 2253 Λακεδαιμόνιοι
2367 2169 2463 2246 εἰς

167 2268 457 2339 τούπίσω
515 2268 969 2359 ὑπέστρεψαν,
1027 2268 1308 2359 αἰσχρὸν
1362 2277 1756 2357 νομίσαντες
1807 2273 2073 2358 γυναιξὶ
2122 2279 2458 2358 πολεμεῖν,

168 2373 244 2457 ἃς
303 2378 416 2445 καὶ
487 2376 564 2445 τὸ
625 2382 826 2446 νικᾶν
891 2377 1140 2459 ἄδοξον
1203 2377 1315 2445 καὶ
1379 2374 1708 2464 ἡττᾶσθαι
1772 2380 1939 2467 μέγα
2003 2377 2283 2458 ὄνειδος.
2392 2381 2457 2457 ἐς
2484 2398 2537 2439 2⁰

166 2487 362 2553 τοῦτο
417 2486 529 2553 καὶ
581 2483 617 2553 ὁ
665 2483 958 2573 χρησμὸς
1003 2484 1390 2571 πεπλήρωτο
1433 2483 1753 2573 Ἀργείοις
1799 2488 2014 2571 λέγων
2062 2483 2239 2553 *ἀλλ’
2292 2482 2457 2552 ὅταν

165 2589 204 2677 ἡ
253 2591 494 2678 θήλεια
540 2590 660 2659 τὸν
707 2591 958 2680 ἄρρενα
1004 2590 1332 2678 νικήσασα
1379 2590 1651 2679 ἐξελάσῃ
1699 2592 1811 2659 καὶ
1854 2596 2063 2673 κῦδος
2107 2596 2183 2661 ἐν
2213 2589 2454 2679 Ἀργεί-

169 2718 345 2766 οισιν
392 2697 661 2785 ἄρηται,
707 2697 958 2778 πολλὰς
998 2696 1314 2784 Ἀργείων
1361 2695 1836 2785 ἀμφιδρυφέας
1878 2697 2027 2767 τότε
2072 2698 2351 2785 θήσει’].

340 2806 868 2875 DOOLXXVIII.
969 2806 1347 2890 Τελέστης
1420 2804 1727 2891 κωμικός.
1837 2805 2084 2874 τούτου
2152 2804 2453 2893 δράματά

171 2967 305 3022 Par.
335 2966 611 3022 Kasterus
642 2969 831 3036 Δημία
866 2966 1010 3035 ναῖς.
1041 2968 1100 3020 et
1125 2966 1279 3019 Eud.
1387 2958 1464 3025 ὥς
1501 2994 1565 3001 —-—
1602 2958 1711 3018 Ἀθ.
1753 2982 1854 3023 om.
1890 2965 2041 3020 Eud.
2081 2961 2156 3028 ὥς
2186 2963 2251 3019 δέ
2281 2984 2456 3034 φησιν

162 3044 270 3102 Ἀθ.
311 3047 452 3101 coni.
491 3047 706 3113 Rohde,
744 3048 870 3116 καί,
907 3042 982 3108 ὥς
1019 3064 1192 3115 φησιν
1225 3040 1355 3111 Ἆθ.,
1389 3039 1535 3112 Ἐγχ.
1573 3044 1745 3098 Daub
1898 3050 1968 3099 20
2004 3045 2279 3113 χοιρίδιον
2315 3044 2451 3099 vett.

166 3128 290 3187 edd.
318 3127 471 3183 Eud.
509 3130 779 3197 χειρίδων
807 3131 1012 3181 Anvn
1049 3144 1242 3183 verum
1271 3124 1427 3180 dedit
1452 3125 1765 3179 Athenaeus
1875 3119 2349 3193 Παρακαταθήκη
2388 3142 2456 3179 ex

163 3207 366 3263 Athen.
407 3207 537 3263 XIV
573 3226 627 3278 p.
659 3213 762 3262 640
791 3208 1064 3261 Kusterus
1101 3200 1426 3275 Παραθήκη
1462 3206 1608 3275 vulq.
1638 3205 1790 3260 Eud.
1854 3203 2113 3261 Ceterum
2152 3204 2217 3261 cf.
2251 3205 2453 3261 Abhen.

168 3290 248 3342 III
286 3308 339 3358 p.
372 3295 474 3343 123
513 3291 571 3343 οὐ
612 3294 730 3354 125,
765 3288 842 3343 IV
880 3306 932 3358 p.
965 3291 1088 3354 228,
1125 3286 1176 3339 X
1212 3304 1266 3354 p.
1296 3290 1397 3340 431
1555 3291 1589 3339 4
1626 3289 1731 3341 καί
1761 3303 1874 3355 seq.
1914 3304 2061 3354 susp.

305 3368 671 3423 DCCLXXIV
708 3367 1019 3437 Descripsit
1047 3366 1525 3437 Pseudo-Hesych.
1560 3384 1608 3421 c.
1642 3373 1726 3432 62,
1763 3367 1861 3436 qui
1898 3383 2005 3421 om.
2046 3365 2145 3420 καὶ
2174 3372 2355 3437 Δαμν.
2388 3398 2454 3406 —-

165 3444 304 3530 Εὖρ.
449 3456 482 3503 3
522 3447 734 3519 ἔγραψε
773 3452 965 3503 καταλ.
1005 3447 1239 3517 Hesych.

306 3528 648 3584 DCCLXXV
683 3528 832 3583 Male
868 3528 1018 3582 hune
1055 3526 1401 3595 Sophronem
1437 3525 1509 3579 ab
1547 3524 1904 3580 antecedenti
1940 3525 2199 3580 distinxit
2237 3526 2453 3593 suidas,

164 3625 331 3679 quem
368 3608 574 3664 fefellit
609 3609 808 3662 titulus
845 3608 917 3661 ab
955 3606 1156 3660 Athen.
1197 3605 1276 3658 III
1313 3624 1366 3674 p.
1399 3612 1500 3659 110
1540 3607 1793 3660 εει-νείκη
1915 3612 1944 3661 ’1
1985 3606 2176 3675 δρᾶμα
2213 3604 2313 3659 καὶ
2347 3624 2452 3658 κω-

163 3690 350 3761 μῳδία
388 3688 659 3742 Kusterus
695 3688 962 3757 κωμῳδία
998 3691 1092 3739 ΒΕ
1131 3687 1420 3758 κωμῳδίαι
1455 3687 1599 3756 vuly.

307 3764 674 3821 DCCLXXVI
710 3768 794 3822 De
831 3783 899 3821 eo
935 3765 1006 3821 cf.
1037 3765 1177 3822 Gen.
1207 3767 1249 3833 I,
1279 3771 1374 3829 263
1411 3764 1533 3834 XII,
1563 3771 1623 3831 53
1653 3764 1829 3831 XVII,
1856 3771 1890 3819 8
2026 3770 2058 3818 9
2102 3759 2307 3832 Τύριος
2343 3779 2451 3817 sec.

165 3847 427 3903 Philostr.
458 3847 570 3901 vit.
601 3847 670 3916 ΙΙ,
707 3854 732 3901 1
764 3849 837 3915 (p.
868 3851 972 3899 243
1003 3846 1108 3915 K.),
1148 3846 1330 3913 quode
1367 3847 1436 3902 cf.
1465 3847 1663 3915 Hertz,
1699 3845 1899 3900 Annal.
1929 3844 2066 3913 phil.
2100 3848 2317 3912 1881·p.
2348 3849 2451 3898 287

170 3932 237 3981 10
273 3925 400 3993 περὶ
439 3956 502 3965 -
537 3921 936 3994 Ἀριστοτέλους
973 3943 1078 3981 om.
1117 3932 1163 3979 V
1314 3932 1378 3980 11
1429 3926 1891 3981 commentarium
1928 3926 1987 3979 in
2023 3923 2290 3992 Gorgiam
2327 3923 2451 3977 Pla-

167 4006 316 4062 tonis
351 4006 686 4059 memoravifi
721 4005 861 4061 Gell.
894 4005 970 4059 VI
982 4047 997 4075 ,
1038 4011 1104 4059 14

305 4086 700 4141 DCCLXXVII
756 4086 982 4141 Initium
1013 4078 1188 4140 'vitae
1245 4086 1482 4143 fortasse
1536 4085 1817 4157 Hesychio
1875 4086 2124 4141 debetur.
2214 4082 2453 4151 Reliqua

167 4167 353 4225 omisit
389 4166 589 4222 Suidas
626 4167 837 4221 addens
873 4167 1345 4223 narratiuncuIam
1383 4186 1450 4223 ex
1486 4168 1719 4221 Pausan.
1760 4164 1827 4234 11,
1858 4171 1925 4220 20

305 4246 726 4304 DOCLXXVIII
786 4248 1021 4302 Tractat
1066 4248 1324 4303 Meineke
1370 4249 1395 4302 1
1433 4266 1485 4316 p.
1526 4253 1648 4315 527,
1696 4245 1794 4313 qui
1838 4244 2195 4299 manifestum
2244 4244 2451 4301 Suidae

168 4346 407 4387 errorem
446 4326 689 4398 aperuit3
729 4328 799 4381 ef.
837 4327 1048 4381 Athen.
1078 4328 1208 4383 XIV
1246 4347 1298 4397 p.
1329 4334 1432 4383 616
1471 4329 1529 4381 et
1566 4334 1686 4383 617.
1759 4324 2256 4395 Dithyramborum
2302 4326 2451 4381 enim

273 4431 549 4469 Haeremus
562 4456 573 4477 ,
601 4426 669 4465 ed.
696 4424 856 4465 Flaeh.
1961 4420 2026 4469 14
