3025 4892
579 215 667 281 34
1504 211 1938 272 HESYCHIUS.

661 433 670 440 .
759 376 1116 446 CXXVIII.
1221 373 1641 446 Ἀσπάσιο
1662 405 1696 457 ς
1776 376 2016 464 Τύριος
2090 378 2439 464 σοφιστής,
2525 375 2853 464 ἱστορικός.

577 484 824 571 ἔγραψε
867 485 1019 572 περὶ
1050 481 1364 572 Ἠπείρου
1406 486 1519 553 καὶ
1560 488 1696 552 τῶν
1735 485 1809 552 ἐν
1846 481 2015 573 αὐτῇ
2052 487 2358 573 ἱστορίαν
2393 483 2752 571 σύμμικτον
2784 486 2857 551 ἐν

576 597 862 679 βιβλίοις
906 591 994 678 κ’,
1041 593 1191 680 περὶ
1236 593 1469 678 τέχνης
1514 593 1869 679 ῥητορικῆς
1912 592 2023 659 καὶ
2070 589 2255 660 ἄλλα.

661 738 668 746 ·
755 700 1043 768 CXXIX.
1111 696 1728 785 Ἀστράμψυχος,
1776 695 1851 778 ὃς
1895 703 2159 784 βιβλίον
2208 697 2511 783 ἰατρικὸν
2550 703 2643 778 εἰς
2686 697 2867 766 ὄνων

519 827 546 868 5
573 811 944 894 θεραπείαν
986 811 1300 892 πεποίηκε
1344 806 1456 873 καὶ
1503 803 2046 893 ὀνειροκριτικόν.

755 914 1006 982 CXXX.
1086 909 1512 999 Ἀστυάγης
1558 912 2024 1000 γραμματικός.
2116 913 2355 999 τέχνην
2392 910 2863 1001 γραμματικήν,

577 1021 727 1110 περὶ
775 1021 1170 1105 διαλέκτων,
1223 1019 1375 1105 περὶ
1435 1021 1727 1107 μέτρων,
1781 1018 2073 1100 κανόνας
2119 1017 2562 1106 ὀνοματικοὺς
2612 1020 2717 1088 καὶ
2768 1023 2864 1097 εἰς

579 1133 1012 1214 Καλλίμαχον
1056 1124 1177 1195 τὸν
1219 1124 1505 1213 ποιητὴν
1550 1123 1927 1214 ὑπόμνημα.

756 1233 1047 1304 CXXXI.
1113 1232 1598 1320 Ἀστυδάμας
1645 1230 1681 1301 ὁ
1726 1231 2123 1321 πρεσβύτης,
2164 1231 2312 1314 υίὸς
2348 1238 2708 1320 Μορσίμου
2740 1236 2862 1300 τοῦ

503 1363 554 1402 ιο
588 1341 1017 1426 Φιλοκλέους,
1052 1344 1385 1429 τραγικῶν
1413 1337 1835 1427 ἀμφοτέρων,
1867 1336 2228 1426 Ἀθηναῖος
2254 1339 2582 1427 τραγικός.
2629 1345 2864 1428 ἔγραψε

580 1450 957 1539 τραγῳδίας
1002 1447 1130 1535 σμ’,
1179 1451 1442 1534 ἐνίκησε
1489 1449 1593 1515 ιε’.
1665 1443 2166 1535 ἀκροασάμενος
2204 1447 2278 1515 δὲ
2314 1439 2401 1534 ἦν
2434 1444 2867 1537 Ἰσοκράτους,

581 1553 692 1621 καὶ
739 1553 986 1642 ἐτράπη
1033 1555 1139 1624 ἐπὶ
1175 1558 1577 1646 τραγῳδίαν.

757 1663 1083 1730 CXXXII.
1133 1659 1617 1747 Ἀστυδάμας
1653 1657 1691 1728 ὁ
1728 1660 1900 1746 νέος,
1938 1660 2236 1742 υίὸς’τοῦ
2264 1663 2615 1751 προτέρου,
2649 1687 2867 1749 τραγι-
2976 1675 2978 1680 ’

575 1766 693 1848 κὸς
727 1769 838 1836 καὶ
877 1766 1094 1848 αὐτός.
1151 1766 1452 1856 δράματα
1490 1765 1699 1836 αὐτοῦ
1728 1764 2056 1856 Ἡρακλῆς
2102 1768 2475 1856 σατυρικός,
2509 1767 2865 1854 Ἐπίγονοι,
2928 1837 2934 1845 ,
2976 1755 2978 1764 ¹

501 1896 552 1940 ιο
578 1883 751 1955 Αἰάς
797 1874 1229 1963 μαινόμενος,
1287 1873 1858 1962 Βελλεροφόντης,
1924 1874 2152 1962 Τυρώ,
2203 1872 2568 1964 Ἀλκμήνη,
2619 1877 2868 1960 Φοῖνιξ,

579 1980 1013 2069 Παλαμήδης.
1107 2071 1114 2078 ι

759 2087 1119 2158 CXXXIII.
1197 2085 1501 2177 Αὐγέας
1542 2087 1902 2177 Ἀθηναῖος
1945 2087 2251 2177 κωμικός.
2334 2092 2470 2158 τῶν
2517 2087 2867 2177 δραμάτων

579 2190 792 2262 αὐτοῦ
819 2191 1194 2282 ”Αγροικος,
1242 2194 1603 2282 Πορφύρα,
1651 2195 1781 2276 Δὶς
1814 2195 2413 2284 κατηγορούμενος.
2476 2200 2613 2264 ἔστι
2650 2194 2723 2263 δὲ
2758 2198 2870 2280 τῆς
2978 2253 2980 2270 ἦ

578 2302 783 2388 μέσης
818 2305 1185 2392 κωμῳδίας.
2978 2361 2980 2398 3

503 2429 556 2470 ²0
765 2409 1124 2476 CXXXIV.
1199 2406 1663 2495 Αὔγουστος
1708 2415 2062 2496 Καῖσαρ,
2124 2405 2161 2476 ὁ
2224 2409 2335 2476 καὶ
2382 2409 2723 2495 Σεβαστὸς
2762 2406 2867 2474 καὶ
2978 2403 2980 2410 ’

571 2512 996 2602 Ὀκταβιανὸς
1063 2515 1460 2602 ἐπικληθεὶς.
1564 2521 1864 2604 [ἔγραψε]
1929 2515 2079 2602 περὶ
2132 2520 2255 2584 τοῦ
2312 2519 2497 2583 ἰδίου
2549 2520 2707 2602 βίου
2760 2513 2868 2582 καὶ
2980 2575 2982 2606 2

576 2625 714 2689 τῶν
786 2621 1107 2722 πράξεων.
1172 2626 1399 2709 βιβλία
1480 2620 1575 2709 ιγ’
1645 2623 1757 2690 καὶ
1829 2625 2210 2714 τραγῳδίαν
2274 2623 2570 2702 Αἴαντός
2637 2647 2709 2690 τε
2761 2619 2868 2687 καὶ

574 2722 933 2813 Ἀχιλλέως.

582 2924 986 2993 μαθηματικοῦ
1014 2941 1143 2996 pars
1172 2923 1298 2978 libr.
1336 2923 1436 2978 καὶ
1474 2942 1581 2979 om.
1611 2928 1829 2978 vat
1857 2925 2009 2982 Eud.
2049 2925 2147 2980 καὶ
2184 2921 2447 2995 μαθητής
2483 2927 2549 2980 ut·
2583 2925 2801 2980 videtur
2826 2927 2867 2974 Δ

581 2999 846 3074 μαθητής
873 3005 1166 3075 proposuit
1185 3003 1476 3072 Gaisfor013
1508 3004 1769 3073 equidem
1797 3024 1864 3060 ex
1878 3005 2125 3060 Violario
2146 3002 2267 3068 υἷός
2291 3005 2389 3061 καὶ
2409 3001 2672 3077 μαθητής
2689 3002 2866 3072 recepi

723 3082 1003 3139 CXXVIII
1049 3084 1200 3140 Eud.
1247 3101 1300 3152 p.
1346 3089 1464 3141 113.
1538 3084 1619 3138 Cf.
1658 3085 1863 3140 Mfiller
1907 3087 1945 3143 l.
1993 3103 2039 3139 c.
2207 3091 2234 3138 1
2286 3082 2554 3154 σοφιστὴς
2602 3079 2865 3153 ἱστορικός

579 3165 731 3220 Eud.
879 3169 912 3217 2
950 3163 1079 3233 περὶ
1119 3159 1308 3232 Τύρου
1346 3163 1488 3218 coni.
1521 3165 1753 3233 Mt'cller,
1790 3165 1889 3234 qui
1926 3164 2097 3219 etiam
2135 3166 2265 3234 post
2303 3161 2365 3219 ἐν
2403 3161 2547 3234 αὐτῇ
2588 3165 2864 3234 interpun-

582 3244 827 3314 gendum
865 3259 986 3298 eese
1021 3243 1167 3299 vidit

724 3321 948 3378 CXXIX
986 3341 1092 3379 om.
1134 3323 1410 3380 Westerm.
1476 3323 1559 3381 Cf.
1588 3322 1802 3380 Fabric.
1842 3325 1979 3380 bibl.
2008 3325 2086 3380 IV
2123 3344 2175 3395 p.
2210 3331 2338 3396 152,
2375 3323 2426 3380 V
2462 3344 2516 3395 p.
2548 3333 2667 3382 285.
2720 3326 2861 3380 Alte-

581 3420 704 3458 rum
741 3401 947 3457 librum
986 3406 1176 3458 extare
1213 3403 1434 3457 monuit
1467 3403 1744 3459 Kasterus

725 3482 921 3538 CXXX
956 3484 1109 3540 Eud.
1147 3502 1202 3554 p.
1244 3490 1345 3538 109
1494 3490 1527 3538 6
1565 3483 1767 3556 τέχνην
1804 3505 1886 3555 γρ.
1928 3482 2142 3556 ἔγραψε
2180 3485 2333 3540 Eud.
2490 3491 2517 3538 7
2558 3485 2688 3555 περὶ
2723 3504 2867 3556 μετρ.

579 3557 831 3627 κανόνας
865 3569 914 3618 Δ

727 3646 951 3702 CXXXI
987 3647 1138 3703 Eud.
1177 3664 1231 3716 p.
1268 3651 1385 3700 116.
1444 3645 1527 3701 cf.
1568 3645 1791 3702 Clinton
1826 3665 1880 3716 p.
1910 3652 1977 3701 99
2006 3645 2100 3703 ΚΥ.
2140 3646 2419 3716 Welcker,
2458 3645 2675 3702 Griech.
2707 3648 2864 3712 Trag.

583 3745 636 3797 p.
679 3733 814 3783 1052
847 3745 959 3798 seq.
1120 3731 1151 3779 9
1187 3720 1551 3796 Ἀστυδάμας,
1582 3719 1693 3780 Ἀθ.
1731 3748 1886 3798 τραγ.
1926 3729 2079 3784 Eud.
2241 3734 2305 3782 11
2344 3723 2770 3798 ἀκροασάμενος
2804 3754 2866 3766 —-

581 3810 902 3880 τραγῳδίαν
937 3809 1010 3864 ad
1047 3807 1288 3862 alterum
1327 3808 1551 3876 posstam
1589 3807 1812 3863 rettulit
1846 3809 2183 3878 ,Bernhardy

727 3887 981 3942 CXXXII
1017 3887 1170 3943 Eud.
1210 3906 1265 3957 p.
1307 3893 1426 3941 117.
1485 3884 1851 3942 cf.Welcker
1886 3907 1939 3958 p.
1974 3895 2110 3944 1060
2258 3895 2325 3943 13
2362 3885 2393 3943 ὁ
2430 3886 2577 3956 νέος,
2613 3881 2867 3958 τραγικὰς

581 3968 682 4022 καὶ
717 3965 893 4031 αύτός
929 3970 1081 4024 Eud.
1231 3974 1298 4022 14
1329 3962 1629 4037 ἹΙρακλῆς,
1670 3966 1987 4040 Σατυρικός
2023 3974 2141 4024 ΔΙᾱ.
2181 3969 2332 4025 Eud.

727 4048 1004 4103 CXXXIII
1042 4048 1194 4103 Eud.
1232 4066 1286 4117 p.
1319 4053 1437 4102 117.
1505 4047 1589 4102 Cf.
1627 4047 1886 4104 Meineke
1924 4049 1949 4103 Ι
1985 4068 2038 4119 p.
2078 4056 2185 4104 416
2297 4056 2361 4106 18
2401 4046 2683 4120 Πυρφόρα
2718 4046 2861 4103 Eud.

580 4125 1070 4198 καταγορούμενος
1105 4134 1152 4182 V

721 4207 999 4263 CXXXIV
1036 4217 1152 4263 'om.
1187 4210 1460 4265 Westerm.
1506 4209 1659 4263 Eud.
1698 4228 1752 4279 p.
1782 4217 1901 4265 117.
1969 4209 2232 4266 'Praetavi
2266 4210 2405 4264 Mus,
2434 4211 2611 4266 Rhen.
2640 4206 2863 4265 XXXVI

582 4307 634 4357 p.
665 4295 788 4343 317.
839 4287 1051 4344 Eadem
1083 4290 1271 4359 glossa
1296 4308 1348 4346 v.
1377 4293 1600 4357 Καῖσαρ
1636 4289 1875 4344 iteratur
1982 4295 2053 4344 20
2080 4285 2213 4359 Λῦγ.
2242 4293 2405 4347 Kato.
2440 4285 2682 4364 Ὀκταμ,
2718 4288 2750 4346 ὁ
2777 4287 2867 4344 καὶ

575 4369 712 4440 Σεβ.
743 4363 830 4422 ἐπ.
861 4369 1012 4424 Eud.
1155 4377 1222 4424 22
1252 4370 1573 4442 τραγῳδίαν
1612 4399 1677 4409 -—-
1718 4369 2032 4439 σνντέθηκε
2072 4371 2171 4424 καὶ
2206 4369 2336 4440 περὶ
2372 4390 2418 4425 τ.
2456 4367 2530 4425 ἰδ.
2562 4373 2612 4445 β.
2650 4373 2752 4428 καὶ
2778 4388 2860 4437 πρ.
