3025 4892
537 215 630 281 18
1475 192 1902 275 H'Eschms.

721 379 1052 446 LXVIIP.
1107 378 1436 459 ’Ἁνυτος
1475 379 1955 469 Ἀνθεμίωνος,
2000 379 2358 466 Ἀθηναῖος
2403 381 2647 469 ῥήτωρ.

720 487 1054 554 LXVIIIb.
1142 484 1505 573 Ἀπελλῆς
1570 486 2043 574 Κολοφώνιος,
2116 489 2305 555 θέσει
2383 487 2458 556 δὲ
2516 487 2862 574 Ἐφέσιος,

546 591 920 679 ζωγράφος,
985 595 1292 681 μαθητὴς
1345 599 1715 681 Παμφίλου
1771 599 1891 662 τοῦ
1945 592 2455 680 Ἀμφιπολίτου,
2510 595 2862 683 πρότερον

544 699 620 766 δὲ
658 685 950 787 Ἐφόρου
997 705 1118 788 τοῦ
1161 691 1503 787 Ἐφεσίου,
1556 699 1703 780 υίὸς
1749 701 2064 786 Πυθέου,
2112 699 2405 788 ἀδελφὸς
2454 701 2862 788 Κτησιόχου

490 827 516 866 5
541 807 652 874 καὶ
701 804 911 874 αὐτοῦ
961 805 1334 894 ζωγράφου.

717 916 944 981 LXIX.
1013 911 1293 982 Ἀπίων
1349 911 1384 981 ὀ
1441 919 1956 999 Πλειστονίκου,
2012 913 2048 982 ὁ
2100 918 2482 1002 ἐπικληθεὶς
2528 915 2857 1002 Μόχθος,

540 1019 929 1106 Αἰγύπτιος,
975 1021 1139 1090 κατὰ
1189 1022 1263 1089 δὲ
1301 1019 1697 1089 Ἑλικώνιον
1745 1020 1964 1108 Κρής,
2011 1022 2484 1109 γραμματικός,
2533 1022 2859 1110 μαθητὴς

535 1126 989 1197 Ἀπολλωνίου
1033 1132 1156 1196 τοῦ
1196 1126 1550 1216 Ἀρχιβίου.
1630 1121 1899 1214 ἠκηκόει
1948 1128 2024 1195 δὲ
2068 1130 2179 1196 καὶ
2227 1127 2676 1217 Εὐφράνορος
2728 1157 2855 1216 γη-

543 1240 740 1323 ραιοῦ
787 1237 896 1302 καὶ
941 1233 1110 1323 ὑπὲρ
1158 1234 1395 1303 ἑκατὸν
1435 1239 1545 1320 ἔτη
1584 1235 1959 1321 γεγονότος,
2007 1235 2326 1323 Διδύμου
2366 1236 2440 1304 δὲ
2478 1241 2597 1305 τοῦ
2634 1239 2851 1324 μεγά-

463 1361 515 1399 1⁰
543 1350 669 1409 λου
705 1343 1011 1430 θρεπτός.
1067 1345 1414 1410 ἐπαίδευσε
1464 1341 1539 1410 δὲ
1582 1343 1687 1410 ἐπὶ
1734 1348 2047 1429 Τιβερίου
2085 1348 2429 1430 Καίσαρος
2464 1343 2575 1410 καὶ
2615 1351 2858 1412 Κλαυ-

541 1453 698 1517 διόυ
758 1451 831 1517 ἐν
886 1447 1120 1538 Ῥώμῃ.
1230 1441 1318 1536 ἦν
1376 1449 1449 1516 δὲ
1512 1448 1826 1535 διάδοχος
1882 1451 2148 1528 Θέωνος
2201 1453 2321 1517 τοῦ
2377 1456 2855 1537 γραμματικοῦ

537 1557 649 1624 καὶ
689 1556 1058 1644 σύγχρονος
1103 1562 1487 1624 Διονυσίου
1525 1559 1647 1624 τοῦ
1672 1553 2259 1642 Ἁλικαρνασσέως.
2334 1561 2625 1644 ἔγραψεν
2662 1561 2853 1626 ἱστο-

544 1669 697 1751 ρίαν
743 1660 888 1730 κατ’
942 1668 1146 1744 ἔθνος
1189 1656 1302 1730 καὶ
1347 1661 1519 1730 ἄλλα
1566 1660 1734 1730 τινά.

717 1771 916 1837 LXX.
993 1769 1543 1855 Ἀπολινάριος
1598 1766 1970 1848 Λαοδικεὺς
2025 1772 2142 1856 τῆς
2198 1775 2481 1856 Συρίας,
2546 1770 2856 1857 γεγονὼς

457 1894 510 1934 15
539 1879 612 1945 ἐν
669 1874 944 1964 ἡμέραις
991 1882 1474 1945 Κωνσταντίου
1531 1877 1642 1943 καὶ
1685 1873 2063 1944 Ἰουλιανοῦ
2122 1882 2241 1946 τοῦ
2292 1877 2682 1964 παραβάτου
2728 1879 2854 1946 καὶ

537 1985 662 2063 ἕως
705 1987 822 2085 τῆς
866 1981 1074 2071 ἀρχῆς
1111 1988 1486 2051 Θεοδοσίου
1533 1986 1655 2051 τοῦ
1702 1982 2020 2070 μεγάλου,
2069 1977 2443 2073 σύγχρονος
2480 1991 2854 2052 Βασιλείου

536 2091 646 2158 καὶ
694 2079 1078 2218 Γρηγορίου
1125 2094 1260 2158 τῶν
1307 2092 1378 2157 ἐκ
1417 2094 1902 2169 Καππαδοκίας
1937 2093 2490 2196 θαυμαζομένων.
2572 2093 2845 2177 ἐγένετο

533 2196 614 2264 δὲ
689 2224 1025 2301 γνωριμος
1101 2191 1498 2284 ἀμφοτέρων
1572 2186 1684 2264 καὶ
1746 2189 2082 2281 Λιβανίου
2146 2201 2267 2266 τοῦ
2332 2202 2662 2284 σοφιστοῦ
2724 2201 2845 2266 καὶ

510 2302 761 2372 αλλων
814 2331 1036 2375 τινων.
1131 2296 1326 2383 οὗτος
1383 2301 1508 2371 οὐ
1503 2303 1736 2389 μόνον
1791 2303 2243 2391 γραμματικὸς
2296 2305 2408 2373 καὶ
2466 2303 2547 2372 τὰ
2595 2307 2661 2385 ἐς
2709 2302 2843 2392 τὴν

457 2430 509 2468 20
535 2415 808 2511 ποίησιν
865 2411 1112 2514 δεξιός,
1167 2407 1334 2478 ἀλλὰ
1391 2413 1613 2500 πολλω
1672 2417 1876 2478 πλείω
1931 2412 2042 2479 καὶ
2101 2414 2166 2492 ἐς
2229 2417 2643 2499 φιλοσοφίαν
2698 2412 2847 2498 ἐξή-

537 2536 735 2603 σκητο
783 2519 893 2585 καὶ
937 2545 1156 2606 ρητωρ
1204 2509 1289 2602 ἦν
1336 2477 1743 2604 ἀμφιδέξιος.
1832 2507 2027 2599 οὗτος
2074 2524 2319 2607 ἔγραψε
2364 2519 2838 2606 καταλογάδην

533 2623 698 2692 κατὰ
757 2630 1162 2713 Πορφυρίου
1217 2629 1337 2692 τοῦ
1396 2628 1769 2709 δυσσεβοῦς
1823 2623 2069 2711 τόμους
2124 2627 2215 2712 λ’,
2270 2628 2381 2694 καὶ
2440 2624 2530 2693 δι’
2582 2653 2836 2718 ηρωων

677 2847 945 2902 LXVIII*
983 2865 1092 2902 om.
1125 2847 1397 2902 Westerm.
1449 2846 1530 2903 cf.
1570 2847 1878 2900 Buttmann
1914 2846 1974 2900 in
2012 2847 2153 2902 Plass.
2183 2849 2328 2904 Men.
2368 2856 2465 2916 263
2504 2850 2677 2906 schol.
2709 2849 2844 2904 Pla-

536 2929 650 2982 ton.
692 2926 769 2980 VI
805 2945 860 2996 p.
891 2934 994 2982 226
1033 2927 1249 2982 Herm.:
1297 2919 1460 2988 οὗτος
1506 2921 1537 2980 ὁ
1566 2923 1789 2989 ’Ἇνυτος
1829 2921 2199 2996 Ἀνθεμίωνος
2234 2922 2307 2996 ἦν
2342 2927 2492 2998 υἱός,
2534 2924 2835 2998 Ἀθηναῖος

536 3005 726 3075 γένος,
769 3001 1116 3078 Ἀλκιβιάδου
1167 3002 1424 3074 ἐραστής,
1470 3003 1733 3068 πλούσιος
1780 3003 1843 3062 ἐκ
1882 3009 2323 3078 βυρσοδεψικῆς,
2371 3003 2518 3064 ὅθεν
2555 3009 2653 3064 καὶ
2690 3029 2835 3064 σκω-

535 3083 814 3156 πτόμενος
838 3083 954 3141 ὑπο
974 3083 1314 3154 Σωκράτους
1341 3083 1438 3139 διὰ
1467 3086 1633 3140 τοῦτο
1666 3085 1817 3157 [fort.
1850 3086 2031 3157 suppl.
2065 3083 2245 3158 ἐμίσει
2274 3083 2451 3143 αὐτὸν
2482 3089 2605 3160 καὶ]
2638 3087 2833 3145 ἔπεισε

536 3168 723 3240 μισθῷ
771 3167 1039 3236 Μέλητον
1085 3161 1353 3238 άσεβείας
1400 3163 1629 3235 γραφὴν
1678 3167 1883 3220 δοῦναι
1928 3187 2073 3221 κατα
2122 3164 2481 3237 Σωκράτους.
2556 3167 2839 3240 μέμνηται

535 3247 748 3308 Λυσίας
793 3242 856 3301 ἐν
903 3243 1242 3316 Σωκράτους
1288 3241 1565 3320 άπολογία
1611 3245 1709 3300 καὶ
1746 3248 2026 3325 Ξενοφων
2062 3243 2274 3317 ὁμοίως
2328 3247 2427 3301 καὶ
2468 3244 2841 3316 Ἀριστόξενος

541 3323 604 3381 ἐν
650 3327 725 3400 τῷ
764 3322 1105 3394 Σωκράτους
1154 3327 1254 3399 βίῳ
1291 3331 1373 3394 ††
1413 3323 1751 3396 Θεόπομπος
1798 3319 1863 3382 δε
1902 3324 2303 3396 Στρατιώτισιν
2345 3323 2604 3401 Ἐμβάδα
2651 3325 2835 3386 αυτὸν

538 3405 660 3462 εἶπε
701 3428 856 3475 παρα
896 3407 994 3476 τῆς
1033 3402 1311 3478 ἐμβάδας,
1361 3403 1486 3461 ἐπεὶ
1534 3407 1630 3460 καὶ
1657 3402 1951 3477 Ἄρχιππος
1991 3403 2238 3477 Ἰχθύσιν
2287 3407 2367 3470 εἰς
2405 3407 2612 3464 σκυτέα
2651 3404 2833 3465 αυτὸν

538 3485 764 3544 σκώπτει.
839 3487 997 3553 Quod
1035 3485 1266 3541 aliunde
1304 3486 1527 3541 fluxiSSe
1567 3488 1731 3544 docet
1770 3489 2068 3555 Mettauer,
2106 3489 2175 3542 de
2213 3489 2383 3544 schol.
2416 3489 2499 3543 Pl.
2531 3509 2584 3560 p.
2616 3495 2684 3544 59
2720 3507 2835 3559 seq.

677 3565 948 3625 LXVIIIb
987 3585 1093 3622 om.
1126 3568 1399 3624 Westerm.
1467 3569 1629 3624 Certe
1668 3585 1735 3622 ex
1769 3568 1914 3623 libro
1960 3569 2089 3639 περὶ
2126 3565 2443 3638 ὁμωνύμων
2482 3571 2834 3639 deprompsit

533 3649 860 3718 Hesychius,
899 3650 980 3704 Of.
1012 3668 1062 3705 v.
1085 3645 1405 3718 Πάμφιλος,
1433 3647 1804 3718 Πρωτογένης
1912 3655 1947 3702 4
1978 3647 2220 3702 Πυθέου
2240 3653 2393 3701 ΔΒΕ
2424 3651 2656 3704 Πυθίου
2685 3653 2837 3720 vuly.

677 3729 858 3784 LXIX
901 3731 1054 3784 Eud.
1104 3748 1158 3799 p.
1201 3734 1318 3800 107.
1395 3728 1475 3783 Cf.
1525 3746 1575 3783 v,
1622 3724 1894 3797 Ἀντέρως.
1970 3729 2203 3782 Tractat
2246 3726 2451 3782 Mfiller
2495 3729 2572 3782 111
2616 3747 2671 3798 p.
2710 3736 2836 3788 506.

535 3811 806 3865 Consulas
837 3811 1008 3864 etaiam
1035 3809 1226 3875 LehrS,
1264 3807 1488 3873 Quaest.
1511 3825 1597 3876 ep.
1619 3829 1672 3880 p.
1697 3816 1724 3863 1
1748 3827 1861 3878 seq.
1938 3817 1967 3864 6
1990 3829 2019 3863 ο
2053 3810 2455 3877 Πλειστονίκης
2484 3810 2645 3878 (vel-
2626 3812 2834 3879 -είκης)

535 3907 688 3946 more
715 3890 968 3944 Romano
1007 3889 1212 3957 Apioni
1248 3889 1307 3942 in
1354 3905 1665 3958 cognomen
1703 3890 1903 3944 abiisse
1950 3887 2170 3942 monuit
2204 3890 2430 3957 praeter
2474 3887 2617 3942 alios
2655 3888 2837 3944 Lehrs

535 3972 570 4026 l.
610 3989 656 4026 c.
694 3989 750 4040 p.
780 3977 848 4025 23
885 3971 1002 4025 not.
1034 3976 1065 4023 2
1115 3969 1206 4039 (ef.
1256 3969 1426 4025 Clem.
1477 3971 1563 4024 Al.
1614 3969 1820 4045 Strom.
1863 3969 1888 4021 I
1934 3987 1989 4037 p.
2028 3973 2163 4034 2353
2212 3965 2355 4022 Gen.
2393 3965 2461 4037 V,
2512 3969 2600 4036 14)

536 4058 602 4106 10
639 4051 895 4120 θρεπτοῦ
933 4050 1072 4106 coni.
1111 4049 1314 4105 Rohde.
1393 4049 1650 4106 Ceterum
1687 4070 1739 4106 v.
1781 4049 2052 4112 S'chmidt3
2100 4049 2227 4105 Did.
2265 4066 2319 4117 p.
2362 4055 2411 4116 7,
2460 4048 2834 4118 Wachsmuth‚

535 4133 723 4201 Symb.
754 4150 809 4201 p.
844 4138 947 4186 140
1095 4137 1155 4185 11
1199 4129 1262 4185 δὲ
1303 4149 1410 4188 om.
1442 4136 1488 4185 A

679 4211 831 4266 LXX
877 4210 1424 4279 Hier-ow-Sophron.
1462 4230 1508 4265 o.
1552 4217 1669 4266 114.
1746 4209 1827 4264 Of.
1876 4224 2019 4277 quae
2066 4207 2183 4262 dixi
2219 4207 2360 4261 Mus,
2404 4207 2579 4261 Rhen.
2620 4209 2835 4263 XXXV

531 4309 586 4359 p.
616 4296 739 4359 200,
777 4289 1009 4343 XXXVI
1048 4309 1101 4358 p.
1133 4294 1236 4342 628
1380 4296 1446 4344 14
1483 4292 1827 4351 Λαοδικείας
1865 4288 2131 4355 Sophron.
2252 4293 2319 4340 15
2356 4290 2751 4342 Κωνσταντίον
2785 4296 2831 4343 Δ

533 4376 708 4421 vatio.
739 4375 989 4421 Petu-soni
1025 4370 1456 4423 Κωνσταντίνου
1493 4372 1637 4438 vuly.
