3025 4892
1037 259 1608 319 PROLEGOMENA.
2273 261 2479 318 XXXV

179 424 414 511 μόνιος
461 465 544 474 -
596 423 901 511 καθάπερ
961 425 1480 511 Λακεδαιμόνιοι
1531 425 1590 489 Α
1640 425 1812 509 Ald.‚
1868 421 2305 510 Ἀμμώνιος
2344 420 2477 508 ’Λμ.

179 531 576 618 φιλόσοφος,
625 528 662 598 ὁ
708 529 1123 617 καλούμενος
1163 527 1597 615 Ἀλέξανδρος
1646 567 1719 577 -
1759 525 2139 614 Ἀμμωνίου
2182 527 2475 610 Ἀλεξάν-

176 645 346 726 δρου
384 639 722 726 γνώριμος
737 653 770 724 ,”
803 639 1036 724 quibus
1087 639 1163 704 de
1212 639 1438 705 verbis·
1474 638 1827 703 infeliciter
1872 639 2227 722 disputavit
2270 637 2477 723 Puleh

175 773 234 832 p.
259 750 386 832 -74‚
429 743 1044 832 Ἀνδροκλείδης
1099 745 1335 828 Ληδοῦ
1385 781 1460 792 -
1514 745 1751 810 Λυδοῦ
1813 745 2012 830 (quod
2067 746 2136 810 in
2180 743 2477 810 Violario

175 855 474 940 agnoseit
511 852 772 939 Puleh),
814 848 1404 937 Ἀπολλόδωρος
1448 875 1631 937 τραγ.
1677 848 2103 929 τεκτοκτόνος
2135 888 2210 899 -
2250 875 2475 917 τεκνο-

174 959 443 1044 κτόνος,
472 956 800 1044 ’Ἁρατος
835 956 1208 1046 φαρμάκων
1239 959 1442 1048 ἰατρῷ
1476 957 1855 1042 ἐπιτηδείαν
1889 996 1965 1007 -
1999 982 2203 1045 φαρμ.
2232 965 2474 1043 θηρια-

173 1071 312 1134 κῶν
352 1068 732 1152 ἐπιτηδείαν
763 1105 846 1114 -
879 1071 944 1132 ess
983 1067 1144 1132 ἑπικ.
1187 1062 1669 1151 Κλεομβρότου
1699 1101 1777 1112 -
1812 1065 1975 1132 ἐπικ.
2002 1063 2122 1132 τὸν
2164 1068 2477 1160 Κλεομβ.,

170 1171 728 1259 Ἀριστογένης
790 1172 941 1259 περὶ
1009 1175 1156 1240 δυν.
1222 1170 1381 1257 δύο,
1445 1170 1597 1256 περὶ
1662 1174 1805 1238 δακ.
1870 1170 1962 1256 δ’,
2028 1169 2178 1256 περὶ
2244 1188 2473 1256 σπερμ.

177 1278 301 1348 δύο
353 1319 439 1330 -—
486 1278 636 1365 περὶ
677 1282 824 1346 δυν.
864 1279 957 1358 ἕν,
1004 1279 1156 1365 περὶ
1203 1281 1346 1345 δακ.
1385 1278 1484 1362 ἕν,
1526 1277 1680 1365 ’περὶ
1728 1295 1957 1366 σπερμ.
1994 1279 2091 1362 ἕν,
2132 1273 2475 1365 Ἀριστο-

173 1390 360 1473 κλῆς
415 1387 726 1466 συνέταξε
773 1384 878 1470 (δὲ
926 1409 1050 1454 om.
1095 1388 1296 1452 effiam
1340 1385 1644 1472 ABVE)
1694 1423 1778 1434 ——
1828 1386 2141 1466 συνέταξε
2188 1382 2265 1450 δὲ
2310 1385 2475 1469 ΑΙᾶ.,

171 1492 624 1580 Ἀρχιγένης
660 1491 870 1578 πγ’--
906 1491 1030 1576 ξγ’,
1064 1487 1482 1572 Ἀσπάσισς
1518 1492 1892 1579 σύγχρονος
1928 1531 2015 1542 --
2052 1494 2471 1578 συγχρονῶν,

177 1597 486 1686 Αὐγέας
550 1597 888 1686 Πυρφόρα
954 1637 1029 1647 -
1102 1597 1470 1686 Πορφύρα,
1524 1594 1999 1685 Ἀφρικανός
2062 1599 2335 1684 Σέκτωρ
2390 1636 2475 1648 -

179 1708 461 1789 Σέκτος,
527 1708 758 1783 Βώλος
823 1710 1274 1792 Δημοκρίτιος
1321 1706 1521 1791 (quod
1568 1708 1711 1772 sola.
1745 1705 2043 1792 praebet)
2101 1743 2179 1754 —
2245 1702 2477 1791 Δημό-

175 1839 422 1899 κριτος,
453 1815 898 1899 Δείναρχος
933 1805 1030 1890 εἷς
1063 1813 1198 1879 τῶν
1225 1849 1313 1860 --
1340 1815 1480 1878 τῶν
1525 1805 1640 1896 εἷς,
1674 1816 1964 1891 Δίκτυς
1990 1811 2096 1878 ἐπὶ
2127 1815 2477 1879 Κλαυδίου

177 1959 260 1968 -
291 1919 399 1987 ἐπὶ
437 1922 812 2004 Κλταδιόυ,
862 1921 1213 2004 Διοκλῆς
1249 1919 1545 2004 Θυέστης
1576 1958 1665 1968 --
1702 1919 1995 2004 Θυέστης
2040 1917 2131 2005 β’,
2180 1916 2477 1986 Διονύ-

177 2046 348 2104 σιος
410 2031 594 2110 Κορ.
649 2026 723 2091 ἐν
791 2029 963 2110 βιβλ.
1021 2028 1240 2111 τρισίν
1288 2063 1372 2073 —-
1420 2025 1494 2091 ἐν
1550 2030 1723 2111 βιβλ.
1770 2023 1863 2110 α’,
1921 2029 2477 2112 Διοσκορίδης

179 2129 408 2218 ἰατρὸς
460 2130 814 2217 βοτανικὸς
873 2170 950 2180 -
1010 2135 1219 2216 βοταν
1277 2156 1428 2217 om„
1485 2132 1880 2212 Δέξιππος
1929 2171 2007 2181 -
2071 2131 2475 2218 Διώξιππος,

178 2243 612 2326 Εἰρηναῖος
655 2241 1120 2324 γραμματικοῦ
1167 2277 1250 2286 -
1295 2237 1778 2324 γραμματικός,
1825 2236 2233 2318 Ἑκαταῖος
2281 2237 2475 2325 Ἀβδ.

177 2344 511 2432 Κρητικός
559 2385 642 2394 —-
688 2343 1000 2431 κριτικός,
1037 2341 1278 2412 Ἑκατ.
1315 2342 1464 2430 ‘Hya
1507 2342 1897 2431 Ἀγεσιλάου
1939 2385 2016 2394 —-
2051 2341 2473 2431 Ἀγησιλάου,

172 2449 746 2558 Ἐμπεδότιμος
807 2452 993 2532 ἔδοξε
1054 2491 1130 2502 --
1191 2453 1378 2532 ἔδοξε
1441 2451 1584 2536 καὶ,
1646 2449 2152 2538 Ἐπιμενίδης
2211 2453 2471 2536 ἐπικῶς,

175 2579 362 2646 μυστ.
409 2559 520 2626 καὶ
575 2557 1034 2645 αἰνιγματώδη
1089 2560 1199 2626 καὶ
1256 2556 1632 2646 καθαρτικὰ
1684 2559 1795 2626 καὶ
1842 2556 2011 2626 αλλα
2074 2597 2152 2618 -.-
2206 2560 2467 2642 ἐπικῶς,

178 2687 370 2752 μυστ.
423 2665 534 2732 καὶ
589 2663 856 2753 καθαρα
918 2665 994 2733 δὲ
1047 2666 1158 2732 καὶ
1213 2664 1382 2733 αλλα
1437 2663 1927 2752 αἰνιγματώδη,
1981 2662 2479 2753 Ἑρμαγόρας

173 2770 364 2859 Ἀμφ.
419 2767 460 2858 ἢ
516 2772 665 2858 περὶ
730 2769 1190 2859 ἀτυχημάτων.
1232 2813 1307 2821 -
1369 2771 1437 2839 α’
1483 2772 1634 2861 περὶ
1680 2769 1801 2858 άτ.,
1838 2769 2045 2859 ’.Ερμ
2110 2779 2288 2858 Τημ.
2336 2778 2474 2839 Κα-

180 2886 376 2982 ρίων)
429 2882 674 2966 ἔγραψε
721 2887 860 2964 μελ.
916 2905 1056 2966 ρητ.
1105 2919 1186 2928 -
1245 2884 1546 2966 Καρίων.
1602 2880 1958 2965 ρἠτορικας
2001 2882 2261 2966 vitiose,
2310 2877 2476 2965 “Ε-ρ
2544 2907 2550 2912 ·

181 2992 406 3073 μείας
467 3025 541 3035 -
591 2982 894 3072 Ἑρμίας,
950 2984 1374 3073 Εὔμολπος
1432 2984 1899 3073 χειροσκοπικά
1956 2988 2031 3053 ἐν
2092 2987 2247 3052 δυσὶ
2301 2991 2474 3072 βιβλ.

184 3132 266 3142 -
315 3091 806 3179 χειροσκοπικά.
877 3091 1034 3175 πεζα
1083 3094 1160 3162 δὲ
1195 3099 1460 3180 βιβλίον
1498 3095 1593 3178 ἕν,
1642 3088 2096 3172 Εῦστάθιος
2134 3093 2208 3160 ἐν
2242 3091 2475 3179 τόμοις

183 3209 393 3268 εἴκοσι
442 3240 525 3249 -·
567 3201 639 3267 ἐν
694 3199 924 3286 τόμοις
977 3200 1080 3286 θ’,
1130 3200 1525 3287 Ζηνόβιος
1580 3201 1924 3288 ἑλληνιστί
1968 3239 2043 3250 -
2096 3199 2477 3286 ἑλληνικῶς,

184 3305 638 3394 Ζηνόδοτος
691 3312 986 3394 Φιλητοῦ
1039 3346 1115 3357 —-
1173 3311 1457 3394 Φιλητᾶ,
1497 3305 1887 3390 ’Έφιππος
1946 3303 2343 3393 εὑρημάτων
2394 3343 2471 3356 --

184 3412 600 3501 εὑρεμάτων,
630 3412 979 3502 ’Ἑφορος
1026 3414 1341 3503 Γαλήνον
1392 3455 1467 3464 -
1519 3419 1856 3502 Γαληνοῦ,
1905 3412 2024 3481 Ζώ
2037 3433 2113 3479 σι
2130 3439 2270 3499 μος
2314 3409 2477 3480 ὑπο·

183 3519 510 3606 γράφεται
580 3522 692 3588 ΒΕ
768 3523 931 3590 Eud.
1007 3522 1438 3609 ἐπιγράφεται
1508 3523 1659 3589 Ald.
1724 3525 1928 3609 vulg„
2010 3517 2478 3607 Θεόπομπος

185 3623 513 3712 ἀκουστὴς
558 3624 694 3714 ἅμα
734 3625 1016 3718 Ἐφόρῳ.
1101 3633 1391 3716 ἔγραψεν
1435 3667 1527 3678 -
1573 3625 1921 3713 άκουστής.
1985 3625 2121 3713 ἅμα
2162 3623 2305 3712 Ἐφ.
2342 3631 2476 3713 ἔγρ.

185 3737 338 3800 libri
413 3734 582 3801 Suid.
657 3736 832 3822 Ald.,
924 3735 1142 3801 Θέων
1195 3731 1533 3802 Ῥαδικίου
1602 3773 1677 3784 --
1742 3729 2104 3818 Ἐκδικίου,
2178 3730 2479 3818 Θησεύς

178 3837 524 3926 Ἰσθμικοῦ
579 3841 635 3908 Ε
703 3842 867 3908 Eud.
921 3837 1314 3928 Ἰσθμιακοῦ
1366 3845 1567 3928 vulg„
1627 3839 1906 3926 Ἰοφῶν
1966 3841 2475 3930 τραγῳδοποιοῦ

189 3947 310 4034 (sie
377 3951 438 4014 A
502 3973 559 4014 v.
617 3944 884 4035 Ἰσοκρ.)
938 3985 1012 3995 —-
1064 3949 1631 4036 τραγωδιοποιοῦ,
1684 3942 2029 4023 Ἱππείας
2077 3985 2154 3994 --
2194 3941 2476 4030 Ἱππίας,

171 4049 439 4133 Ἵππυς
502 4080 578 4132 ος
641 4058 888 4139 ἔγραψε
950 4092 1028 4102 -
1085 4053 1198 4120 καὶ
1263 4057 1396 4142 ἔγρ.
1463 4059 1529 4120 et
1592 4056 1933 4119 Σικελῶν
1959 4091 2043 4102 --
2101 4050 2475 4137 Σικελικάς,

183 4155 736 4246 Ἀρχαιολογικῶν
787 4197 858 4208 --
909 4157 1342 4248 Ἀργολικων,
1402 4159 1725 4246 Κάδμος
1768 4159 1880 4255 καὶ
1927 4166 2091 4225 Λυκ.
2136 4157 2247 4224 καὶ
2295 4156 2476 4224 Κάδ-

191 4291 320 4349 μον
379 4304 468 4314 -
533 4272 695 4333 Λυκ.
759 4267 870 4334 καὶ
937 4271 1107 4334 Καδ.
1164 4273 1229 4334 et
1294 4269 1591 4353 ἱστορίας
1654 4266 1728 4332 ἐν
1791 4269 1964 4351 βιβλ.
2012 4262 2102 4336 ις’
2162 4301 2239 4312 --
2303 4266 2475 4331 ίστο-
2571 4286 2579 4298 ¹

191 4374 337 4454 ρίας
380 4369 508 4456 ις’,
558 4372 1028 4460 Καρνεάδης
1071 4371 1458 4461 Φιλοκόμου
1493 4412 1577 4422 -
1625 4369 2057 4459 Φιλοκώμου,
2101 4375 2477 4450 Κεκίλιος

1978 4498 2049 4550 0*
