3025 4892
541 148 628 212 96
1469 150 1905 217 HESYOHIUS.

541 307 877 398 μετῴκησε
936 308 1011 375 δὲ
1066 310 1141 377 ἐν
1187 310 1675 398 Συρακούσαις.
1770 300 1966 391 οὗτος
2020 315 2269 399 ἔγραψε
2321 309 2401 377 τὰ
2460 308 2830 395 καλούμενα

545 413 919 483 Βουκολικά
970 420 1091 502 ἔπη
1154 420 1391 505 δωρίδι
1440 418 1780 507 διαλέκτῳ.
1868 415 2048 497 τινὲς
2104 416 2178 485 δὲ
2234 415 2691 505 ἀναφέρουσιν
2743 420 2830 495 εἰς

541 519 750 590 αὐτὸν
795 522 908 590 καὶ
953 526 1186 592 ταῦτα·
1245 528 1636 612 Προιτίδας,
1683 526 1974 609 ἐλπίδας,
2021 521 2298 612 ὕμνους,
2342 520 2656 612 ἡρωίνας,
2705 526 2829 591 ἐπι-

539 626 772 713 κήδεια
811 629 997 716 μέλη,
1037 630 1349 717 ἐλεγείας,
1391 630 1695 717 ἰάμβους,
1738 630 2215 718 ἐπιγράμματα.
2302 631 2551 715 [ἰστέον
2592 632 2695 716 δέ,
2736 628 2829 698 ὅτι

489 750 516 801 5
540 747 718 820 τρεῖς
772 735 1090 822 γεγόνασι
1134 741 1554 823 βουκολικῶν
1602 739 1782 805 ἐπῶν
1825 742 2125 824 ποιηταί,
2182 736 2539 824 Θεόκριτος
2586 733 2829 821 οὑτοσί,

542 840 830 929 Μόσχος
857 844 1266 931 Σικελιώτης
1301 847 1411 913 καὶ
1450 850 1635 913 Βίων
1674 841 1710 913 ὃ
1743 852 2154 935 Σμυρναῖος,
2192 849 2265 913 ἔκ
2300 870 2483 925 τινος
2520 848 2831 933 χωριδίου

542 951 963 1038 καλουμένου
1016 952 1382 1040 Φλωσσης.]

722 1057 1118 1128 CCCLVIII.
1200 1058 1666 1147 Θεόπομπος
1710 1061 2082 1129 Θεοδέκτου
2126 1056 2168 1147 ἢ
2214 1058 2608 1149 Θεοδώρου,
2648 1058 2828 1145 Ἀθη-

541 1177 734 1244 ναῖος
785 1165 1102 1252 κωμικός,
1162 1168 1424 1249 ἐδίδαξε
1485 1165 1789 1255 δράματα
1844 1167 1973 1236 κδ’.
2075 1172 2213 1237 ἔστι
2272 1167 2346 1235 δὲ
2404 1169 2520 1254 τῆς
2565 1164 2830 1254 ἀρχαίας

463 1298 515 1337 ιο
542 1273 895 1361 κωμῳδίας
945 1268 1110 1339 κατά
1154 1268 1659 1360 Ἀριστοφάνην.
1759 1272 2090 1362 [δράματα
2149 1272 2225 1341 δὲ
2280 1272 2489 1342 αὐτοῦ
2546 1278 2672 1341 εἰσι
2726 1273 2829 1341 καὶ

541 1374 711 1451 ἄλλα
747 1378 1007 1463 πολλά]
1377 1434 1386 1438 -

719 1486 1041 1554 CCCLIX.
1087 1487 1551 1573 Θεόπομπος
1583 1495 1749 1567 Χῖος
1789 1487 2032 1577 ῥήτωρ,
2071 1485 2219 1567 υίὸς
2251 1479 2825 1576 Δαμασιστράτου,

541 1593 834 1679 γεγονὼς
877 1607 1017 1673 τοῖς
1061 1593 1335 1681 χρόνοις
1371 1591 1537 1663 κατά
1582 1592 1707 1682 τὴν
1758 1593 2090 1683 ἀναρχίαν
2131 1593 2537 1683 Ἀθηναίων,
2588 1596 2690 1663 ἐπὶ
2725 1598 2831 1679 τῆς

545 1698 657 1785 qy'
707 1698 1152 1787 ὀλυμπιάδος,
1203 1698 1313 1769 ὅτε
1358 1702 1470 1769 καὶ
1496 1699 1827 1791 ’Ἑφορος,
1870 1700 2289 1792 Ἰσοκράτους
2335 1698 2663 1789 ἀκουστὴς
2706 1698 2830 1787 ἅμα

467 1802 824 1897 15,Ἐφόρφ.
917 1812 1206 1897 ἔγραψεν
1266 1806 1585 1896 ἐπιτομὴν
1640 1812 1777 1876 τῶν
1815 1804 2189 1893 *Ηροδότου
2247 1811 2563 1893 ἱστοριῶν
2621 1810 2690 1876 ἐν
2744 1812 2829 1893 βι-

543 1918 758 1997 βλίοις
821 1912 915 2000 β’,
987 1913 1349 1983 Φιλιππικά
1415 1918 1487 1983 ἐν
1556 1920 1843 2002 βιβλίοις
1910 1913 2037 2003 οβ’,
2090 1912 2484 2001 Ἑλληνικὰς
2550 1918 2830 1999 ἱστορίας

545 2020 846 2109 (ἕπονται
903 2021 978 2089 δὲ
1032 2034 1177 2102 ταῖς
1223 2025 1655 2091 Θουκυδίδου
1703 2023 1815 2091 καὶ
1859 2025 2329 2110 Ξενοφῶντος,
2391 2027 2511 2091 καί
2552 2026 2720 2090 εἰσιν
2764 2022 2828 2087 ἐν

543 2132 829 2213 βιβλίοις
879 2127 998 2212 ια’,
1053 2132 1323 2215 ἔχουσαι
1371 2126 1450 2196 τά
1511 2124 1641 2197 ἀπὸ
1688 2133 1809 2198 τοῦ
1857 2134 2503 2217 Πελοποννησιακοῦ
2549 2130 2829 2215 πολέμου

549 2234 661 2302 καὶ
711 2234 880 2321 <τά>
928 2226 1174 2323 λοιπά).
1269 2241 1517 2324 ἔγραψε
1562 2237 1675 2305 καὶ
1724 2238 1911 2325 ἕτερα
1950 2247 2239 2308 πλεῖστα.

461 2366 516 2405 20
723 2344 1016 2411 CCCLX.
1108 2350 1165 2410 Θ
1177 2370 1207 2409 ε
1219 2342 1258 2411 ό
1269 2374 1316 2428 φ
1329 2371 1352 2410 ι
1364 2351 1402 2410 λ
1416 2370 1453 2411 ο
1466 2370 1498 2423 ς
1586 2344 1891 2431 κωμικός.
1998 2350 2135 2415 τῶν
2207 2343 2569 2433 δραμάτων
2632 2338 2825 2411 αὐτοῦ
2936 2424 2941 2431 .

543 2442 726 2508 ἐστιν
767 2438 1046 2529 Ἰατρός,
1099 2438 1552 2527 Ἐπιδαύριος,
1611 2443 2197 2533 Παγκρατιαστής,
2261 2448 2593 2527 Βοιωτία,
2640 2450 2828 2529 Προι-

507 2565 510 2567 ’
546 2544 752 2625 τίδες,
799 2538 1284 2625 Νεοπτόλεμος.

546 2701 715 2770 Σιμμ.
748 2715 855 2753 om.
885 2700 1037 2755 Eud.
1078 2700 1348 2769 Σιμιχίδα
1386 2700 1478 2754 vel
1516 2700 1823 2769 Σιμιχίδου
1861 2701 2163 2774 legendum
2201 2718 2320 2757 esse
2358 2701 2523 2755 docet
2562 2696 2828 2754 Theocrit.
2888 2714 2893 2721 ·

545 2778 675 2845 VII,
714 2786 779 2833 21
820 2776 1213 2849 Συρακούσιον
1252 2798 1382 2849 pars
1421 2778 1547 2834 libr.
1587 2774 1731 2834 κατὰ
1772 2779 1837 2835 δέ
1876 2800 2036 2843 τινας
2072 2782 2233 2854 Κῷος
2268 2780 2422 2837 Eud.
2574 2785 2601 2832 1
2641 2797 2823 2850 μετῳκ.

549 2891 611 2899 -
653 2861 867 2927 Συρακ.
907 2876 1014 2913 om.
1054 2858 1207 2913 Eud.
1348 2866 1383 2913 4
1421 2858 1605 2915 ἰστέον
1646 2890 1712 2898 -—
1752 2859 1881 2915 exst..
1922 2860 1993 2915 ab
2031 2860 2309 2931 Hesychio
2346 2860 2534 2919 aliena
2572 2875 2693 2913 esse
2729 2856 2831 2911 dixi

546 2940 686 2993 Mus.
734 2940 912 2996 Rhen.
951 2939 1160 2993 XXXV
1206 2958 1261 3009 p.
1306 2946 1435 3009 2123
1482 2940 1719 2995 fortasse
1768 2957 1835 2995 ex
1880 2941 2102 3010 Proleg.
2148 2941 2221 2995 ad
2268 2938 2551 2995 Theocrib.
2602 2939 2830 2996 carmina

556 3020 854 3089 desumpta
944 3015 953 3023 '

690 3100 1005 3156 CCCLVIII
1041 3100 1190 3155 Eud.
1226 3118 1280 3169 p.
1310 3104 1432 3154 376.
1503 3096 1584 3155 Cf.
1624 3098 1880 3154 Meineke
1916 3100 1943 3152 Ι
1970 3118 2027 3169 Ρ.
2045 3105 2150 3155 236
2170 3116 2284 3169 seq.
2394 3105 2425 3153 9
2464 3093 2501 3168 ἢ
2544 3094 2826 3165 Θεοδώρου

547 3197 656 3235 om.
686 3179 836 3235 Eud.
961 3186 992 3234 9
1027 3180 1384 3250 Bernhardy:
1422 3178 1597 3234 immo
1634 3174 1694 3233 κ’
1816 3184 1884 3233 10
1922 3174 2185 3249 δράματα
2215 3210 2281 3219 --
2309 3175 2487 3234 πολλά
2526 3197 2636 3236 om.
2665 3179 2824 3243 Eud-3

547 3259 899 3330 ineplzissima
937 3276 1058 3315 esse
1093 3260 1338 3327 constat,
1377 3274 1506 3311 cum
1536 3259 1805 3315 lectorem
1834 3259 1932 3326 qui
1964 3259 2236 3315 comicum
2268 3262 2327 3315 ef,
2352 3257 2683 3315 historicum
2709 3275 2828 3315 con-

544 3338 784 3407 fuderat,
823 3339 1104 3395 addidisse
1146 3337 1358 3409 ἔγραψε
1399 3338 1496 3392 καὶ
1531 3334 1672 3393 ἄλλα
1699 3336 1895 3409 πολλά,
1932 3341 2085 3394 recte
2120 3339 2470 3409 perspexerit
2496 3338 2823 3407 Bernhardy.

545 3420 682 3474 Po'si‘.
725 3421 866 3476 haec
910 3420 1180 3475 nonnulla
1227 3418 1424 3475 Suidas
1470 3417 1703 3475 iteravit
1750 3438 1817 3475 ex
1862 3420 2063 3491 glossis
2109 3422 2301 3488 Παρία
2351 3422 2514 3483 λίθος
2566 3423 2625 3476 et
2661 3414 2824 3485 Φθόη,

552 3517 696 3568 quae
734 3500 971 3556 Aeliano
1010 3501 1286 3555 debenssur

690 3579 949 3635 CCCLIX
997 3581 1148 3636 Eud.
1187 3597 1242 3650 p.
1282 3584 1401 3634 372.
1478 3578 1559 3635 Cf.
1597 3598 1649 3635 v.
1678 3574 1925 3650 Ἔφορος
2066 3587 2129 3634 12
2170 3576 2577 3651 Δαμοστράτου
2615 3579 2824 3635 Photius

545 3660 678 3715 bibl.
717 3679 772 3732 p.
813 3668 915 3716 120
1064 3668 1130 3715 13
1167 3656 1314 3715 κατὰ
1353 3654 1486 3721 τούς
1525 3656 1763 3730 χρόνους
1798 3660 1898 3728 τῆς
1934 3654 2025 3715 οἷν.
2062 3660 2215 3716 Eud.
2266 3664 2323 3716 et
2357 3677 2485 3731 pars
2520 3661 2646 3716 libr.
2686 3657 2819 3715 Suid.

551 3748 616 3795 14
654 3737 737 3810 Qv'
776 3742 928 3797 Eud.
997 3742 1075 3797 Of.
1117 3741 1367 3807 clinton,
1406 3738 1534 3793 fast.
1572 3757 1629 3810 p.
1668 3748 1771 3797 385
1800 3742 1893 3795 ΚΥ.
2026 3748 2092 3796 16
2130 3742 2181 3812 β.
2222 3736 2279 3810 β’
2309 3746 2364 3793 1
2398 3736 2485 3811 νή
2525 3742 2691 3797 Diod.
2726 3739 2821 3794 Sic.

546 3822 700 3889 XVI,
739 3828 771 3876 3
808 3838 927 3876 rem
965 3821 1256 3891 expedivit
1290 3818 1494 3873 Miiller
1530 3819 1555 3871 I
1591 3838 1646 3889 p.
1684 3821 1864 3875 LXIX
1995 3818 2191 3877 Φιλικά
2231 3825 2339 3873 Eu
2374 3820 2528 3876 Eud.
2666 3827 2724 3875 17
2758 3812 2821 3875 ὥς

545 3900 644 3955 καὶ
680 3898 746 3955 αἴ
777 3919 880 3971 pro
918 3906 1017 3957 καὶ
1053 3902 1316 3967 Ψίοήετε,
1352 3900 1422 3953 de
1460 3898 1671 3969 Theop.
1700 3921 1754 3972 p.
1785 3910 1854 3957 20
1969 3908 2035 3957 18
2065 3898 2146 3975 ιβ’
2187 3902 2355 3957 Diod.
2386 3900 2496 3956 Sic.
2528 3900 2675 3972 XIV,
2702 3904 2763 3953 84

550 3987 613 4036 19
651 3976 722 4035 τὰ
760 3976 930 4036 λοιπά
959 3987 1053 4035 BE
1091 3978 1160 4037 τὰ
1193 3999 1300 4037 om.
1331 3980 1428 4035 rel.

687 4061 919 4117 CCCLX
955 4063 1106 4119 Eud.
1135 4082 1190 4133 p.
1217 4068 1340 4118 376.
1378 4060 1649 4118 'tractant
1675 4064 1931 4118 Meineke
1951 4062 1977 4115 I
2003 4081 2059 4133 p.
2084 4068 2189 4117 434
2208 4078 2341 4130 seq„
2380 4059 2561 4131 Daub,
2590 4061 2659 4116 de
2691 4054 2820 4114 Suid.

546 4161 601 4213 p.
632 4148 738 4197 484
847 4149 913 4197 21
947 4137 1313 4210 Ἐπιδαύριος
1341 4157 1478 4196 corr.
1511 4144 1765 4198 Meineke
1792 4144 1919 4198 coll.
1950 4142 2153 4198 Athen.
2184 4142 2234 4195 X
2263 4161 2318 4212 p.
2348 4146 2471 4207 417,
2506 4136 2820 4206 Ἐπίδαυρος

547 4221 682 4277 libri
711 4223 870 4278 Suid.
890 4222 1069 4291 Eud.;
1100 4224 1250 4279 idem
1274 4220 1743 4294 Παγκρατιαστής
1771 4241 1896 4279 cnm
1914 4223 2156 4277 Kustero
2184 4220 2472 4277 revocavit
2492 4220 2616 4275 coll.
2638 4218 2818 4273 Athen.

544 4301 626 4353 III
654 4321 707 4371 p.
739 4302 825 4367 95,
860 4303 912 4355 X
948 4320 1002 4372 p.
1033 4309 1156 4372 417,
1193 4303 1407 4360 Pollae.
1445 4302 1550 4370 IX,
1584 4308 1674 4371 15,
1713 4300 2081 4373 Παγκράτεια
2118 4300 2251 4356 libri
2286 4301 2447 4356 Suid.
2487 4300 2643 4355 Eud:
