3025 4892
1200 223 1624 281 HESYCHIUS.
2472 225 2554 288 15

229 387 640 470 ἐδίδασκεν,
695 384 920 473 ἐπειδὴ
975 388 1302 474 μέμνηται
1357 384 1571 454 αὐτοῦ
1616 387 1691 454 ἐν
1735 390 1827 477 τῷ
1873 385 2025 473 περὶ
2069 389 2190 453 τοῦ
2238 383 2551 473 ε’μποδών
2658 463 2673 474 .

230 491 696 578 τεχνολόγων.

424 600 592 666 LIII.
668 595 1200 696 Ἀνδρόμαχος
1263 605 1681 686 Νεαπολίτης
1744 601 1815 668 ἐκ
1879 604 2137 686 Συρίας
2199 597 2545 685 σοφιστής,

227 702 398 784 υιός
437 709 636 773 Ζωνᾶ
681 701 724 792 ἢ
763 711 1092 791 Σαβίνου,
1138 704 1502 785 παιδεύσας
1536 704 1701 774 κατὰ
1740 704 2202 792 Νικομήδειαν
2240 705 2345 772 ἐπὶ
2388 713 2548 773 Διο-

229 815 616 897 κλητιανοῦ
663 812 1006 897 βασιλέως.
2576 833 2601 870 ‘⁸

429 920 600 987 LIV.
687 915 1160 1008 Ἀνδροτίων
1222 917 1613 1008 Ανδρωνος
1678 915 2065 1007 Ἀθηναῖος,
2140 919 2365 1006 ῥήτωρ
2440 919 2551 986 καὶ

237 1024 684 1112 δημαγωγός,
729 1025 1034 1112 μαθητὴς
1072 1022 1512 1114 Ἰσοκράτους.

430 1134 566 1200 LV.
635 1130 1005 1220 Ἀντέρως
1059 1129 1096 1200 ὁ
1143 1132 1254 1199 καὶ
1301 1129 1772 1216 Ἀπολλώνιος,
1832 1133 2303 1219 Ἀλεξανδρεὺς
2347 1158 2553 1221 γραμ·

236 1237 552 1324 ματικός,
611 1237 978 1318 παιδεύσας
1031 1240 1106 1306 ἐν
1143 1235 1360 1327 Ῥώμῃ
1412 1237 1517 1306 ἐπὶ
1564 1241 1917 1306 Κλαυδίου
1965 1242 2087 1308 τοῦ
2133 1235 2295 1325 μετὰ
2340 1237 2553 1306 Γάϊον

241 1344 808 1430 βασιλεύσαντος,
864 1342 971 1432 ἐφ’
1014 1336 1223 1434 οὗπερ
1267 1344 1378 1412 καὶ
1415 1341 1850 1432 “Ηρακλείδης
1895 1341 1932 1412 ὁ
1982 1344 2314 1425 Ποντικὸς
2364 1348 2549 1432 γέγο-
2582 1366 2633 1404 ¹⁰

243 1475 399 1518 νεν·
447 1448 776 1539 ἀκουστὴς
822 1452 899 1521 δὲ
943 1444 1032 1539 ἦν
1069 1451 1392 1532 Ἀπίωνος
1424 1456 1549 1519 τοῦ
1590 1451 1904 1538 Μόχθου.
1975 1453 2297 1540 φέρονται
2338 1451 2549 1521 αὐτοῦ

243 1564 484 1644 βιβλία
529 1560 678 1649 περὶ
724 1563 1178 1648 γραμματικῆς
1216 1558 1363 1629 δύο.

435 1669 600 1735 LVI.
666 1663 1104 1754 Ἀντιγενίδ
1114 1694 1206 1753 ης
1251 1665 1573 1755 Σατύρου
1608 1670 1900 1752 Θηβαῖος
1944 1665 2289 1754 μουσικός,
2337 1664 2553 1757 αὐλῳ-

251 1771 380 1852 δὸς
421 1774 806 1853 Φιλοξένου.
862 1766 1058 1860 οὗτος
1093 1771 1473 1860 ὑποδήμασι
1516 1777 1878 1858 Μλησίοις
1908 1777 2170 1861 πρῶτος
2206 1771 2553 1861 ἐχρήσατο,

252 1881 374 1947 καὶ
419 1880 762 1969 κροκωτὸν
810 1882 883 1947 ἐν
929 1884 1020 1971 τῷ
1069 1881 1404 1967 Κωμαστῇ
1451 1878 1913 1967 περιεβάλλετο
1952 1877 2237 1966 ἱμάτιον.
2307 1886 2553 1967 ἔγραψε
2583 1897 2633 1937 15

251 1987 444 2072 με’λη.
2014 2048 2027 2060 .

436 2095 638 2162 LVII.
722 2091 1276 2179 [Ἀντικλείδης
1303 2145 1318 2161 .
1347 2147 1362 2161 .
1393 2147 1406 2161 .
1437 2084 1636 2172 οὗτος
1702 2098 1947 2182 ἔγραψε
2010 2094 2161 2181 περὶ
2217 2096 2555 2177 Νόστων.]

434 2202 671 2268 LVIII.
739 2196 1192 2288 Ἀντίμαχος
1238 2198 1707 2287 Κολοφώνιος,
1748 2198 1899 2279 υίὸς
1932 2197 2295 2288 ’Ῥπᾶρχου,
2347 2227 2554 2288 γραμ-

257 2305 540 2395 ματικὸς
582 2308 693 2375 καὶ
738 2308 1030 2396 ποιητής.
1102 2306 1278 2386 τινὲς
1326 2306 1402 2374 δὲ
1445 2307 1556 2374 καὶ
1604 2307 1868 2392 οἰκέτην
1914 2303 2123 2375 αὐτὸν
2166 2303 2555 2393 ἀνέγραψαν

255 2413 704 2494 Πανυάσιδος
747 2418 870 2482 τοῦ
915 2418 1194 2500 ποιητοί
1207 2465 1226 2499 ,
1281 2413 1461 2482 πάνυ
1513 2412 1957 2500 ψευσάμενοι·
2017 2404 2106 2500 ἦν
2154 2411 2284 2499 γὰρ
2340 2410 2553 2482 αὐτοῦ
2580 2431 2635 2471 20

253 2518 591 2607 ἀκουστὴς
633 2521 743 2588 καὶ
791 2519 1323 2608 Στησιμβρότου.
1412 2521 1648 2607 γέγονε
1695 2519 1770 2588 δὲ
1814 2518 1943 2607 πρὸ
1991 2519 2377 2598 Πλάτωνος.
2432 2579 2442 2591 .

405 2777 432 2822 1
473 2766 736 2840 ἐμποδῶν
774 2775 820 2824 A
946 2777 978 2824 2
1016 2771 1362 2839 τεχνολογῶν
1397 2769 1542 2840 vuly.
1584 2769 1735 2825 Eud.
1775 2765 2121 2840 τεχνολόγων
2158 2786 2296 2824 corr.
2336 2769 2552 2832 Portum,

258 2849 526 2904 laudatus
563 2850 811 2921 Rohdio,
847 2851 988 2906 Mne.
1026 2850 1203 2904 Rhen.
1242 2847 1478 2902 XXXIII
1516 2867 1571 2919 p.
1614 2856 1715 2904 1’12
1752 2852 1867 2904 ηοτ.

403 2929 527 2983 LIII
565 2931 716 2984 Eud.
753 2950 808 3001 p.
851 2936 966 2984 190.
1033 2929 1115 2983 Cf.
1153 2927 1367 3000 Eunap.
1407 2929 1523 2983 Vit.
1562 2928 1729 2999 Soph.
1770 2929 1793 2981 I
1831 2947 1884 2998 p.
1926 2936 1987 2982 11
2030 2929 2207 2984 Boias.
2250 2961 2311 2968 —
2365 2924 2425 2982 οῖ
2459 2921 2552 2983 ἐπ’

250 3006 516 3079 Ἀθήνησι
552 3010 894 3079 προεστῶτες
930 3004 1162 3072 Παῦλός
1207 3029 1266 3064 τε
1316 3008 1414 3063 καὶ
1455 3003 1822 3079 Ἀνδρόμαχος
1868 3005 1933 3063 ἐκ
1969 3010 2202 3078 Συρίας.
2278 3007 2357 3061 Cf.
2397 3025 2555 3076 prae-

253 3092 417 3144 terea
453 3107 505 3144 v.
537 3091 814 3160 Σιρικίος,
854 3105 1022 3158 quem
1051 3087 1430 3144 Andromachi
1460 3087 1795 3158 discipulum
1824 3088 1997 3143 fuisse
2025 3087 2339 3156 Hesychius
2368 3088 2559 3141 narrat

260 3177 296 3222 4
338 3165 638 3224 ἐπαίδευσε
677 3170 825 3226 Eud.

409 3249 532 3303 LIV
570 3248 721 3305 Eud.
760 3268 814 3320 p.
857 3257 958 3306 100
1129 3295 1138 3303 .

403 3328 502 3383 LV
538 3328 691 3385 Eud.
729 3346 783 3398 p.
826 3336 952 3399 106,
990 3347 1134 3399 quae
1172 3348 1278 3386 om.
1293 3323 1419 3400 ἐφ’
1461 3321 1639 3399 οὗπερ
1680 3359 1745 3368 -
1785 3323 2007 3398 μόχθου
2153 3334 2185 3383 9
2229 3349 2370 3398 μετα
2409 3334 2556 3383 ΔΒΕ

260 3408 413 3462 Eud.
453 3407 635 3474 Gaisf.
673 3409 1006 3481 Bernhardy
1043 3407 1187 3465 κατὰ
1223 3410 1704 3481 vu19.Ce†-erum
1740 3408 1809 3462 cf.
1848 3427 1900 3463 v.
1928 3403 2155 3473 Ἡρακλ.
2194 3404 2474 3471 Ποντικός

269 3494 338 3542 10
377 3482 486 3556 αφ’
526 3479 704 3556 οὗπερ
742 3493 892 3543 ABE
931 3490 1053 3546 edd.
1091 3492 1222 3544 ante
1257 3491 1442 3557 Kust„
1482 3491 1633 3560 quod
1669 3489 1873 3558 probat
1907 3489 2078 3542 Daub
2298 3523 2303 3528 -

403 3566 524 3620 LVI
564 3567 848 3624 Plutarch.
886 3586 1021 3624 mus.
1058 3575 1126 3624 21
1171 3569 1306 3625 Gezz.
1345 3569 1468 3640 XV,
1507 3576 1599 3635 1’1;
1636 3569 1866 3636 Jacobs,
1904 3568 2132 3622 Anthol.
2169 3567 2194 3620 I
2230 3585 2286 3636 p.
2327 3574 2393 3622 57

266 3641 832 3716 13,ἈντιγενείδεςΕ
998 3655 1063 3704 15
1099 3648 1497 3721 περιεβάλλετο
1536 3665 1674 3704 corr·
1716 3649 1991 3714 Meineke,
2030 3647 2254 3713 Quaest.
2292 3663 2438 3701 seen.
2480 3647 2557 3700 III

259 3747 316 3798 p.
355 3732 424 3780 26
461 3722 827 3797 περιεβάλετο
854 3731 900 3780 Δ
938 3732 1302 3797 proposuerat.
1328 3729 1775 3786 Hemsterhusius
1809 3724 2183 3799 προεβάλλετο
2212 3727 2366 3795 plwr.
2398 3728 2556 3782 codd.

403 3806 553 3861 LVII
591 3824 700 3861 om.
733 3806 1007 3861 Westerm.
1081 3806 1161 3862 Cf.
1201 3809 1421 3878 Mt'iller‚
1461 3808 1661 3879 Script.
1700 3808 1787 3862 Al.
1818 3809 2005 3878 Magn.
2034 3824 2088 3875 p.
2122 3811 2221 3859 147
2337 3811 2399 3860 1’1
2428 3807 2558 3874 περὶ

264 3884 478 3943 νόστων
519 3887 636 3942 scil.
666 3886 974 3942 Alexandri
1009 3887 1230 3958 Magni,
1266 3889 1417 3957 quod
1455 3888 1779 3958 opusculum
1816 3886 2013 3941 laudat
2041 3885 2241 3940 Strabo
2269 3884 2321 3938 V
2357 3903 2410 3955 p.
2452 3891 2553 3939 221

261 3968 462 4022 Athen.
493 3966 572 4022 IV
598 3983 654 4035 p.
687 3972 809 4037 151,
838 3966 915 4020 ΧΙ
943 3985 998 4037 p.
1028 3973 1132 4022 466
1163 3968 1236 4022 al.
1308 3969 1416 4024 Hic
1452 3967 1723 4022 nonnulla
1752 3967 1952 4021 Suidas
1990 3965 2117 4020 add.
2156 3982 2223 4021 ex
2261 3964 2431 4019 schol.
2461 3964 2555 4019 Ar.

262 4046 407 4103 Nub.
447 4053 578 4113 144,
627 4062 770 4115 quae
817 4046 1079 4116 leguntur
1123 4046 1296 4103 etiam
1341 4067 1394 4104 v.
1432 4042 1737 4117 ἀνάθημα,
1784 4045 1933 4101 unde
1976 4049 2157 4102 totam
2205 4043 2379 4099 vitam
2418 4061 2555 4113 pen-

265 4129 396 4182 dere
430 4125 686 4181 iudicant
723 4124 927 4180 Mfiller
963 4144 1018 4196 p.
1060 4133 1161 4181 149
1199 4130 1258 4184 et
1295 4125 1633 4183 Gutschmid

402 4205 581 4260 LVIII
619 4203 770 4259 Eud.
807 4222 862 4274 p.
897 4211 1025 4273 103,
1061 4224 1206 4276 quae
1246 4225 1352 4264 om.
1389 4226 1539 4269 τινες
1579 4237 1645 4246 -
1683 4201 2103 4279 Στησιμβρότου
2186 4211 2281 4259 ·19
2331 4204 2556 4261 Wachs-

265 4287 438 4352 muth,
479 4283 668 4356 Symb.
707 4302 760 4353 p.
802 4290 904 4338 140
1067 4291 1132 4339 21
1175 4287 1273 4342 sed
1309 4287 1603 4344 Platonem
1641 4287 1899 4342 iuvenem
1936 4285 2331 4340 Antimachum
2368 4302 2558 4342 senem

268 4365 468 4421 vidisse
505 4367 700 4419 narrat
735 4364 1016 4420 Plutarch.
1057 4366 1295 4434 Lysand.
1340 4373 1404 4421 18
