3025 4892
1128 217 1557 274 HESYCHIUS.
1608 260 1618 270 .
2394 217 2481 284 65

171 379 218 447 ε’
275 385 438 462 ἔτος
483 377 670 466 ἄγων
715 377 1134 466 ἐτελεύτησεν
1167 379 1388 474 ὑδέρῳ
1425 377 1817 467 περιπεσών.
1887 378 2365 468 συγγράμματα
2405 379 2480 447 δὲ

165 490 536 557 κατέλιπεν
585 486 799 556 ἱκανά.

365 596 708 664 OCXLIX.
777 591 1186 682 Ἐπιγένης
1247 593 1553 682 κωμικός.
1656 597 1795 664 τῶν
1854 593 2212 683 δραμάτων
2272 591 2481 662 αὐτοῦ

169 703 364 770 ἐστιν
392 699 692 789 Ἡρωίνη
723 702 833 770 καὶ
863 701 1270 790 Μνημάτιον
1295 701 1408 768 καὶ
1435 707 1771 790 Βακχείαι,
1809 699 1899 782 ὥς
1925 700 2279 789 Αθήναιος
2304 702 2481 786 λέγει

170 808 244 875 ἐν
291 822 448 888 τοῖς
496 816 1121 896 Δειπνοσοφισταῖς.
2510 831 2536 871 ⁶

351 915 548 992 CCL.
617 912 690 982 Ἐ
703 921 800 984 πί
812 942 1092 1003 κουρο
1115 943 1148 996 ς
1201 917 1581 998 Νεοκλέους
1628 913 2016 1004 Ἀθηναῖος,
2078 915 2486 1004 Γαργήττιος

169 1026 310 1090 τῶν
350 1021 616 1110 δήμων,
652 1019 900 1110 μητρὸς
927 1021 1436 1109 Χαιρεστράτης.
1501 1019 1786 1109 ἀδελφοὶ
1814 1023 1889 1091 δὲ
1919 1021 2130 1090 αὐτοῦ
2160 1026 2485 1109 Νεοκλῆς,

173 1129 641 1216 Χαιρέδημος,
698 1125 1204 1215 Ἀριστόβουλος
1268 1123 1308 1215 ἢ
1368 1126 1863 1218 Ἀριστόδημος.
1954 1134 2364 1217 φιλοσοφίας
2410 1127 2485 1196 δὲ

174 1234 433 1323 ἤρξατο
499 1233 630 1304 άπὸ
699 1236 1025 1304 ἐνιαυτῶν
1084 1234 1196 1322 ιβ’,
1263 1236 1374 1302 καὶ
1431 1239 1684 1304 οἰκείαν
1748 1240 2008 1324 αἵρεσιν
2062 1235 2486 1323 εἰσηγήσατο,

172 1347 457 1428 πρῶτον
521 1342 644 1430 μὲν
709 1344 783 1410 ἐν
840 1342 1050 1433 Σάμῳ
1117 1345 1470 1429 διατρίψας
1537 1341 1665 1412 σὺν
1727 1357 1867 1424 τοῖς
1924 1347 2245 1430 γονεῦσιν
2257 1381 2305 1429 ,ο
2346 1339 2485 1410 εἶτα
2515 1364 2567 1404 ιο

181 1449 653 1538 σχολαρχήσας
715 1452 790 1518 ἐν
849 1448 1205 1538 Μιτυλήνῃ
1271 1451 1600 1518 ἐνιαυτῶν
1664 1445 1760 1518 ω”ν
1822 1504 1837 1519 .
1864 1505 1878 1518 .
1908 1503 1924 1520 .
1985 1441 2159 1537 [ἦν],
2220 1447 2359 1518 εἶτα
2414 1451 2488 1518 ἐν

179 1557 564 1649 Λαμψάκῳ,
609 1557 720 1624 καὶ
768 1554 980 1636 οὕτως
1026 1558 1100 1624 ἐν
1136 1555 1452 1644 Ἀθήναις
1499 1558 1573 1624 ἐν
1621 1560 1772 1650 ἰδίῳ
1819 1557 2028 1648 κήπῳ,
2076 1544 2368 1636 άκοῦσας
2414 1555 2489 1624 δὲ

179 1663 684 1750 Ναυσιφάνους
735 1667 858 1731 τοῦ
916 1667 1410 1750 Δημοκριτείου
1463 1664 1577 1730 καὶ
1623 1669 1991 1750 Παμφίλου
2044 1666 2170 1732 τοῦ
2214 1662 2489 1732 Πλάτω-

182 1796 305 1850 νος
369 1773 700 1857 μαθητοῦ.
791 1771 1026 1857 γέγονε
1083 1769 1156 1837 δὲ
1204 1770 1308 1837 ἐπὶ
1364 1773 1480 1856 τῆς
1536 1769 1647 1858 pff
1705 1766 2151 1859 ὀλυμπιάδος,
2206 1768 2367 1858 μετὰ
2432 1769 2488 1852 ζ’

183 1876 548 1958 ἐνιαυτοὺς
605 1881 722 1964 τῆς
777 1875 1143 1956 Πλάτωνος
1196 1880 1533 1962 τελευτῆς,
1586 1877 1699 1944 καὶ
1752 1879 2138 1965 παρέτεινεν
2192 1877 2297 1945 ἐπὶ
2350 1879 2487 1945 τῶν
2519 1899 2569 1940 15

184 1985 535 2074 διαδόχων
580 1987 691 2053 καὶ
733 1982 1126 2070 Ἀντιγόνου
1169 1987 1290 2052 τοῦ
1328 1986 1593 2051 Γονατᾶ
1643 1986 2117 2072 (κληθέντος).
2198 1982 2311 2052 καὶ
2359 1983 2490 2050 διέ-

185 2118 422 2177 μεινεν
471 2090 512 2179 ἡ
565 2089 775 2160 αὐτοῦ
831 2089 1036 2179 σχολὴ
1099 2093 1220 2170 ἕως
1267 2095 1611 2177 Καίσαρος
1664 2095 1786 2159 τοῦ
1839 2091 2111 2178 πρώτου
2166 2095 2278 2178 ἔτη
2336 2088 2490 2174 σκζ,

190 2199 264 2265 ἐν
315 2193 423 2278 οἷς
469 2200 773 2286 διάδοχοι
819 2197 1022 2285 αὐτῆς
1069 2198 1380 2283 ἐγένοντο
1429 2195 1537 2265 ιδ’.
1628 2198 2108 2286 συγγράμματα
2156 2197 2231 2266 δὲ
2277 2194 2490 2265 αὐτοῦ

186 2313 484 2373 πλεῖστα.

293 2427 302 2434 ’
372 2413 587 2481 CCLI.
664 2408 904 2480 Ἐπικ
929 2411 1202 2499 ράτης
1254 2417 1558 2498 κωμικός.
1670 2414 1802 2478 τῶν
1860 2409 2217 2500 δραμάτων
2279 2406 2491 2477 αὐτοῦ
2518 2435 2571 2475 20

169 2515 518 2608 Ἐμπορος
558 2520 668 2587 καὶ
710 2517 1053 2599 Ἀντιλαΐς.
1391 2531 1398 2536 “

334 2760 604 2815 CCXLIX
640 2760 792 2817 Eud.
829 2779 884 2830 p.
914 2765 1035 2814 290.
1093 2758 1175 2815 cf.
1203 2758 1463 2813 Meineke
1499 2758 1525 2811 I
1560 2777 1614 2828 p.
1643 2764 1763 2814 354.
1829 2758 1913 2814 De
1942 2759 2059 2814 vita
2095 2758 2164 2816 ef.
2195 2757 2383 2826 Daub,
2421 2756 2491 2812 de

193 2838 348 2893 Suid.
371 2858 428 2908 p.
450 2845 554 2894 483
646 2846 680 2892 4
709 2835 742 2908 ἡ
773 2837 938 2909 ῥἀΐνη
968 2839 1118 2892 Eud.
1149 2835 1354 2907 ἡραΐνη
1382 2845 1437 2890 1
1455 2844 1572 2894 Ald.
1595 2844 1714 2893 Bau.
1807 2840 2057 2909 Βακχεία
2086 2841 2217 2894 libri
2246 2842 2304 2893 et
2322 2839 2492 2906 Eud„

194 2921 344 2988 quod
375 2936 516 2973 corr.
545 2919 801 2975 Meineke
831 2921 960 2975 coll.
988 2920 1190 2973 Athen.
1220 2917 1296 2971 XI
1329 2938 1383 2989 p.
1415 2925 1519 2974 498
1559 2916 1779 2988 Βάκχαι
1814 2919 2010 2972 Athen.
2048 2919 2137 2972 IX·
2162 2935 2217 2987 p.
2257 2924 2340 2971 38.
2410 2917 2491 2971 Cf.

192 2999 402 3056 Athen.
443 2999 518 3052 XI
553 3017 609 3068 p.
639 3006 761 3068 469,
799 3004 922 3068 474,
959 3006 1061 3053 502
1101 2999 1179 3052 XI
1213 3018 1266 3069 p.
1306 3006 1428 3067 472,
1467 3004 1589 3074 480,
1627 3004 1731 3053 486
1778 2998 1829 3052 11
1864 3017 1919 3069 p.
1961 3005 2027 3054 75
2067 2999 2144 3052 X1
2180 3014 2234 3067 p.
2276 3003 2380 3052 498
2420 2993 2494 3060 ὡς

188 3074 374 3150 Ἆθην.
417 3097 528 3149 seq.
569 3097 676 3136 om.
715 3080 868 3134 Eud.
917 3097 1018 3150 pro
1063 3078 1153 3133 his
1201 3080 1412 3135 addens
1461 3078 1577 3134 ἔστι
1624 3079 1688 3134 δὲ
1733 3081 1843 3134 τῶν
1888 3075 2302 3149 ἀρχαιοτάτων,
2351 3095 2494 3148 quae

194 3161 394 3230 inepta
432 3176 552 3215 esse
590 3160 878 3229 videntur,
925 3159 1024 3214 e'ed
1062 3151 1366 3216 Eudociam
1411 3159 1728 3214 confudisse
1767 3159 2077 3230 Epigenem
2124 3159 2398 3213 comicum
2436 3160 2497 3212 et

193 3241 506 3311 tragicum,
556 3243 786 3309 poetam
837 3240 1308 3309 antiquissimam,
1361 3240 1519 3296 ouius
1568 3241 1781 3296 mentio
1824 3241 1926 3296 fiat
1969 3242 2119 3310 apud
2166 3241 2396 3296 Suidam
2441 3259 2493 3296 v.

199 3322 442 3388 Θέσπις,
479 3321 622 3376 vidit
660 3321 910 3376 Meineke
1177 3342 1180 3344 ’
2568 3379 2575 3387 ,

351 3409 483 3464 CCL
523 3409 603 3463 Cf.
643 3410 831 3480 Steph.
870 3409 1000 3480 Byz.
1031 3427 1089 3469 Ὺ.
1129 3404 1462 3480 Γαργηττός.
1528 3407 1692 3479 Diog.
1732 3410 1807 3479 X,
1849 3417 1876 3464 1
1908 3427 2022 3480 seq.
2170 3417 2203 3465 6
2244 3407 2495 3479 Γαργήτ-

202 3509 354 3551 τειος
392 3494 439 3540 A
583 3497 612 3544 ‘7
650 3489 750 3544 τὸν
787 3492 969 3560 δῆμον
1005 3493 1148 3560 vuly.
1189 3491 1302 3544 τῶν
1339 3491 1388 3543 δ.
1428 3494 1578 3541 ABV
1687 3487 2073 3560 Χαριστράτης
2108 3492 2171 3542 V·
2298 3496 2330 3544 8
2365 3487 2496 3558 Ἀρι-

203 3567 506 3661 στόβουλος
537 3564 572 3640 ἢ
609 3567 794 3639 Ἀριστ.
833 3588 902 3625 ex
927 3588 1037 3625 uno
1065 3570 1238 3625 Paria.
1269 3570 1396 3624 add.
1428 3570 1729 3637 Kmterus,
1767 3587 1874 3626 om.
1904 3572 2047 3640 ναῖς.
2077 3564 2112 3639 ἢ
2146 3565 2243 3640 Ἄρ.
2273 3570 2499 3640 ignorat

199 3650 484 3718 Diogenes
512 3651 578 3719 X,
609 3659 640 3704 3
671 3650 778 3707 del.
807 3651 976 3706 Daub
1089 3659 1156 3706 10
1193 3648 1298 3706 σὺν
1335 3657 1453 3714 τοῖς
1481 3653 1746 3720 γονεῦσιν
1776 3668 1879 3706 om.
1902 3657 1947 3703 V
2060 3657 2122 3704 11
2159 3642 2237 3704 ὦν
2265 3643 2336 3719 ἦν
2366 3651 2498 3704 libri

201 3734 258 3786 et
284 3736 480 3786 ΕΔΜ.
523 3727 788 3785 ἐνιαυτὸν
824 3724 895 3800 ἦν
922 3737 1038 3787 Bas.
1082 3727 1162 3786 ὧν
1200 3749 1268 3786 ex
1300 3732 1576 3786 emendat.
1609 3731 1889 3798 Gaisford.
1920 3747 2027 3786 rec.
2062 3730 2361 3794 Westmm„
2401 3730 2497 3796 qui

199 3815 332 3880 post
377 3813 520 3867 hano
566 3829 760 3866 vocem
806 3827 1097 3866 numerum
1147 3812 1416 3866 excidisse
1461 3811 1711 3881 putavit,
1768 3810 1864 3880 qui
1914 3810 2059 3864 latet
2111 3808 2169 3864 in
2225 3809 2495 3862 librorum

204 3894 480 3962 scriptura
514 3883 611 3960 ἦν,
649 3891 747 3944 ubi
785 3894 886 3944 aut
921 3907 987 3945 ex
1023 3891 1187 3960 Diog.
1225 3891 1300 3959 X,
1344 3899 1410 3945 15
1446 3890 1535 3964 λβ’
1584 3895 1683 3947 aut
1719 3909 1846 3946 eum
1884 3891 2166 3958 Gaisford.
2206 3884 2293 3958 κη’
2338 3904 2495 3957 repo-

205 3973 451 4026 nendum
489 3971 587 4038 sit,
629 3966 893 4024 ἐνιαυτὸν
932 3969 1033 4024 ἕνα
1068 3988 1194 4025 cum
1222 3972 1388 4026 Porto
1415 3972 1633 4026 mavult
1658 3971 1932 4024 Kusterus
2041 3975 2107 4022 12
2146 3961 2322 4029 οὕτως
2348 3984 2495 4036 susp.

204 4053 432 4107 Daubio
543 4059 610 4105 14
637 4047 736 4118 ρθ’
767 4054 812 4106 A
841 4046 943 4104 oa'
971 4052 1063 4105 rel.
1095 4053 1247 4106 codd.
1305 4051 1386 4106 of.
1417 4051 1630 4119 Rohde,
1661 4050 1801 4107 Mus,
1830 4049 2009 4103 Rhen.
2039 4047 2273 4102 XXXIII
2307 4065 2359 4116 p.
2396 4053 2494 4100 189

209 4141 270 4186 15
311 4131 417 4193 ἕως
455 4131 566 4184 τῶν
603 4132 774 4185 Daub
915 4138 980 4185 16
1017 4127 1086 4185 τὰ
1124 4126 1338 4198 γόνατα
1377 4130 1690 4200 κληθέντος
1724 4134 1769 4181 A
1929 4135 1993 4183 17
2036 4124 2149 4193 σλζ’
2189 4128 2334 4195 vuly.
2374 4123 2493 4192 σκζ’

209 4215 475 4264 Anvnu
512 4209 804 4265 revocavit
837 4209 1168 4278 Gaisfordus
1281 4216 1345 4264 19
1383 4208 1558 4265 πολλὰ
1592 4212 1737 4279 vuly.
1778 4212 2011 4262 πλεῖστα
2049 4213 2094 4260 A

349 4289 510 4345 CCLI
545 4291 698 4350 Eud.
735 4310 790 4360 p.
830 4296 950 4345 240.
1028 4291 1109 4345 Cf.
1148 4288 1407 4346 Meineke
1443 4293 1468 4345 I
1511 4311 1563 4361 p.
1606 4297 1725 4344 414.
1800 4290 1884 4344 De
1930 4290 2049 4343 vita
2092 4307 2145 4345 v.
2193 4289 2381 4358 nauh,
2428 4288 2499 4347 de

209 4372 362 4427 said.
399 4391 454 4442 p.
495 4378 600 4427 484
744 4379 810 4426 21
849 4371 930 4427 Cf.
968 4373 1165 4427 Athen.
1206 4371 1333 4427 XIV
1368 4388 1421 4439 p.
1463 4377 1567 4425 665
1605 4373 1665 4426 et
1698 4368 1827 4424 XIII
1863 4385 1917 4437 p.
1959 4376 2061 4424 605

310 4473 593 4514 Ennomus
608 4500 621 4525 ,
650 4471 718 4511 ed.
746 4471 907 4512 Flach.
2039 4466 2071 4516 5

1610 4633 1645 4670 δ
