<?xml version="1.0" encoding="UTF-8"?>
<!DOCTYPE html PUBLIC "-//W3C//DTD XHTML 1.0 Transitional//EN"
    "http://www.w3.org/TR/xhtml1/DTD/xhtml1-transitional.dtd">
<html xmlns="http://www.w3.org/1999/xhtml" xml:lang="en" lang="en">
 <head>
  <title>
</title>
<meta http-equiv="Content-Type" content="text/html;charset=utf-8" />
  <meta name='ocr-system' content='tesseract 3.04.00' />
  <meta name='ocr-capabilities' content='ocr_page ocr_carea ocr_par ocr_line ocrx_word'/>
</head>
<body>
  <div class='ocr_page' id='page_1' title='image "./hesychiimilesii04flacgoog_0082.png"; bbox 0 0 3025 4892; ppageno 0'>
   <div class='ocr_carea' id='block_1_1' title="bbox 515 219 1875 283">
    <p class='ocr_par' dir='ltr' id='par_1_1' title="bbox 515 219 1875 283">
     <span class='ocr_line' id='line_1_1' title="bbox 515 219 1875 283; baseline -0.007 0"><span class='ocrx_word' id='word_1_1' title='bbox 515 223 558 283; x_wconf 88' lang='lat'>4</span> <span class='ocrx_word' id='word_1_2' title='bbox 1255 272 1271 280; x_wconf 80' lang='grc'><strong><em>,</em></strong></span> <span class='ocrx_word' id='word_1_3' title='bbox 1448 219 1875 276; x_wconf 81' lang='lat' dir='ltr'>HESYCHIUS.</span> 
     </span>
    </p>
   </div>
   <div class='ocr_carea' id='block_1_2' title="bbox 438 376 2827 3030">
    <p class='ocr_par' dir='ltr' id='par_1_2' title="bbox 438 376 2827 3030">
     <span class='ocr_line' id='line_1_2' title="bbox 517 376 2827 468; baseline -0 -22"><span class='ocrx_word' id='word_1_4' title='bbox 517 379 880 468; x_wconf 82' lang='grc' dir='ltr'><strong><em>θαγορικὸς</em></strong></span> <span class='ocrx_word' id='word_1_5' title='bbox 927 376 1023 448; x_wconf 70' lang='grc' dir='ltr'><strong><em>ὢν</em></strong></span> <span class='ocrx_word' id='word_1_6' title='bbox 1060 381 1169 448; x_wconf 87' lang='grc' dir='ltr'><strong><em>καὶ</em></strong></span> <span class='ocrx_word' id='word_1_7' title='bbox 1209 380 1525 467; x_wconf 79' lang='grc' dir='ltr'><strong><em>ἐμψύχων</em></strong></span> <span class='ocrx_word' id='word_1_8' title='bbox 1562 378 2000 468; x_wconf 77' lang='grc' dir='ltr'><strong><em>ἀπεχόμενος,</em></strong></span> <span class='ocrx_word' id='word_1_9' title='bbox 2038 377 2358 466; x_wconf 84' lang='grc' dir='ltr'><strong><em>Ὀλύμπια</em></strong></span> <span class='ocrx_word' id='word_1_10' title='bbox 2392 377 2697 464; x_wconf 81' lang='grc' dir='ltr'><strong><em>νικήσας,</em></strong></span> <span class='ocrx_word' id='word_1_11' title='bbox 2744 380 2827 445; x_wconf 85' lang='grc' dir='ltr'><strong><em>ἐκ</em></strong></span> 
     </span>
     <span class='ocr_line' id='line_1_3' title="bbox 515 481 2821 574; baseline -0.003 -16"><span class='ocrx_word' id='word_1_12' title='bbox 515 491 893 572; x_wconf 77' lang='grc' dir='ltr'><strong><em>λιβανωτοῦ</em></strong></span> <span class='ocrx_word' id='word_1_13' title='bbox 939 488 1049 555; x_wconf 88' lang='grc' dir='ltr'><strong><em>καὶ</em></strong></span> <span class='ocrx_word' id='word_1_14' title='bbox 1097 487 1398 573; x_wconf 70' lang='grc' dir='ltr'><strong><em>σμύρνης</em></strong></span> <span class='ocrx_word' id='word_1_15' title='bbox 1441 487 1552 555; x_wconf 83' lang='grc' dir='ltr'><strong><em>καὶ</em></strong></span> <span class='ocrx_word' id='word_1_16' title='bbox 1599 489 1733 556; x_wconf 77' lang='grc' dir='ltr'><strong><em>τῶν</em></strong></span> <span class='ocrx_word' id='word_1_17' title='bbox 1786 489 2169 554; x_wconf 78' lang='grc' dir='ltr'><strong><em>πολυτελῶν</em></strong></span> <span class='ocrx_word' id='word_1_18' title='bbox 2222 481 2597 574; x_wconf 75' lang='grc' dir='ltr'><strong><em>ἀρωμάτων</em></strong></span> <span class='ocrx_word' id='word_1_19' title='bbox 2632 487 2821 570; x_wconf 81' lang='grc' dir='ltr'><strong><em>βοῦν</em></strong></span> 
     </span>
     <span class='ocr_line' id='line_1_4' title="bbox 517 589 2819 682; baseline -0.002 -22"><span class='ocrx_word' id='word_1_20' title='bbox 517 591 904 672; x_wconf 80' lang='grc' dir='ltr'><strong><em>ἀναπλάσας</em></strong></span> <span class='ocrx_word' id='word_1_21' title='bbox 949 594 1237 680; x_wconf 80' lang='grc' dir='ltr'><strong><em>διένειμε</em></strong></span> <span class='ocrx_word' id='word_1_22' title='bbox 1281 608 1422 674; x_wconf 78' lang='grc' dir='ltr'><strong><em>τοῖς</em></strong></span> <span class='ocrx_word' id='word_1_23' title='bbox 1459 599 1555 674; x_wconf 83' lang='grc' dir='ltr'><strong><em>εἰς</em></strong></span> <span class='ocrx_word' id='word_1_24' title='bbox 1597 593 1722 680; x_wconf 86' lang='grc' dir='ltr'><strong><em>τὴν</em></strong></span> <span class='ocrx_word' id='word_1_25' title='bbox 1768 595 2147 682; x_wconf 82' lang='grc' dir='ltr'><strong><em>πανήγυριν</em></strong></span> <span class='ocrx_word' id='word_1_26' title='bbox 2186 589 2621 679; x_wconf 64' lang='grc' dir='ltr'><strong><em>ἀπαντήωσι.</em></strong></span> <span class='ocrx_word' id='word_1_27' title='bbox 2698 591 2819 658; x_wconf 82' lang='grc' dir='ltr'><strong><em>καὶ</em></strong></span> 
     </span>
     <span class='ocr_line' id='line_1_5' title="bbox 517 697 2821 792; baseline -0.001 -25"><span class='ocrx_word' id='word_1_28' title='bbox 517 697 562 767; x_wconf 93' lang='lat'><strong><em>5·</em></strong></span> <span class='ocrx_word' id='word_1_29' title='bbox 602 699 952 780; x_wconf 79' lang='grc' dir='ltr'><strong><em>ΧῖοςἼων</em></strong></span> <span class='ocrx_word' id='word_1_30' title='bbox 989 705 1373 792; x_wconf 77' lang='grc' dir='ltr'><strong><em>τραγῳδίαν</em></strong></span> <span class='ocrx_word' id='word_1_31' title='bbox 1419 699 1706 788; x_wconf 29' lang='grc' dir='ltr'><strong><em>νικήσας·</em></strong></span> <span class='ocrx_word' id='word_1_32' title='bbox 1738 698 2107 786; x_wconf 78' lang='grc' dir='ltr'><strong><em>Ἀθήνησιν</em></strong></span> <span class='ocrx_word' id='word_1_33' title='bbox 2145 701 2395 791; x_wconf 79' lang='grc' dir='ltr'><strong><em>ἑκάστῳ</em></strong></span> <span class='ocrx_word' id='word_1_34' title='bbox 2433 702 2572 768; x_wconf 74' lang='grc' dir='ltr'><strong><em>τῶν</em></strong></span> <span class='ocrx_word' id='word_1_35' title='bbox 2613 697 2821 784; x_wconf 75' lang='grc' dir='ltr'><strong><em>Ἀθη-</em></strong></span> 
     </span>
     <span class='ocr_line' id='line_1_6' title="bbox 463 803 2824 896; baseline -0.002 -21"><span class='ocrx_word' id='word_1_36' title='bbox 463 825 488 865; x_wconf 84' lang='grc'>5</span> <span class='ocrx_word' id='word_1_37' title='bbox 515 813 728 876; x_wconf 83' lang='grc' dir='ltr'><strong><em>ναίων</em></strong></span> <span class='ocrx_word' id='word_1_38' title='bbox 787 812 992 876; x_wconf 83' lang='grc' dir='ltr'><strong><em>ἔδωκε</em></strong></span> <span class='ocrx_word' id='word_1_39' title='bbox 1044 815 1215 876; x_wconf 84' lang='grc' dir='ltr'><strong><em>Χῖον</em></strong></span> <span class='ocrx_word' id='word_1_40' title='bbox 1267 806 1607 896; x_wconf 88' lang='grc' dir='ltr'><strong><em>κεράμιον.</em></strong></span> <span class='ocrx_word' id='word_1_41' title='bbox 1705 806 1817 875; x_wconf 86' lang='grc' dir='ltr'><strong><em>καὶ</em></strong></span> <span class='ocrx_word' id='word_1_42' title='bbox 1879 803 1915 874; x_wconf 95' lang='lat'>5</span> <span class='ocrx_word' id='word_1_43' title='bbox 1967 804 2479 892; x_wconf 79' lang='grc' dir='ltr'><strong><em>Ἀκραγαντῖνος</em></strong></span> <span class='ocrx_word' id='word_1_44' title='bbox 2538 811 2824 884; x_wconf 81' lang='grc' dir='ltr'><strong><em>Τελλίας</em></strong></span> 
     </span>
     <span class='ocr_line' id='line_1_7' title="bbox 515 913 2823 1002; baseline -0.002 -20"><span class='ocrx_word' id='word_1_45' title='bbox 515 915 869 1002; x_wconf 83' lang='grc' dir='ltr'><strong><em>φιλόξενος</em></strong></span> <span class='ocrx_word' id='word_1_46' title='bbox 929 942 1026 984; x_wconf 88' lang='grc' dir='ltr'><strong><em>ων</em></strong></span> <span class='ocrx_word' id='word_1_47' title='bbox 1083 913 1499 983; x_wconf 87' lang='grc' dir='ltr'><strong><em>καταλύσασί</em></strong></span> <span class='ocrx_word' id='word_1_48' title='bbox 1555 938 1712 981; x_wconf 85' lang='grc' dir='ltr'><strong><em>ποτε</em></strong></span> <span class='ocrx_word' id='word_1_49' title='bbox 1771 919 2229 995; x_wconf 82' lang='grc' dir='ltr'><strong><em>πεντακοσίοις</em></strong></span> <span class='ocrx_word' id='word_1_50' title='bbox 2290 917 2602 994; x_wconf 75' lang='grc' dir='ltr'><strong><em>ἱππεῦσιν</em></strong></span> <span class='ocrx_word' id='word_1_51' title='bbox 2668 939 2823 1001; x_wconf 86' lang='grc' dir='ltr'><strong><em>ωρα</em></strong></span> 
     </span>
     <span class='ocr_line' id='line_1_8' title="bbox 516 1015 2819 1112; baseline -0.002 -23"><span class='ocrx_word' id='word_1_52' title='bbox 516 1025 838 1109; x_wconf 79' lang='grc' dir='ltr'><strong><em>χειμῶνος</em></strong></span> <span class='ocrx_word' id='word_1_53' title='bbox 885 1015 1132 1090; x_wconf 76' lang='grc' dir='ltr'><strong><em>ἔδωκεν</em></strong></span> <span class='ocrx_word' id='word_1_54' title='bbox 1181 1022 1431 1112; x_wconf 82' lang='grc' dir='ltr'><strong><em>ἑκάστῳ</em></strong></span> <span class='ocrx_word' id='word_1_55' title='bbox 1479 1047 1728 1107; x_wconf 86' lang='grc' dir='ltr'><strong><em>χιτωνα</em></strong></span> <span class='ocrx_word' id='word_1_56' title='bbox 1773 1021 1884 1088; x_wconf 85' lang='grc' dir='ltr'><strong><em>καὶ</em></strong></span> <span class='ocrx_word' id='word_1_57' title='bbox 1932 1018 2215 1106; x_wconf 77' lang='grc' dir='ltr'><strong><em>ἱμάτιον.</em></strong></span> <span class='ocrx_word' id='word_1_58' title='bbox 2306 1017 2407 1088; x_wconf 81' lang='grc' dir='ltr'><strong><em>ὅτι</em></strong></span> <span class='ocrx_word' id='word_1_59' title='bbox 2454 1018 2729 1106; x_wconf 81' lang='grc' dir='ltr'><strong><em>Χάρμος</em></strong></span> <span class='ocrx_word' id='word_1_60' title='bbox 2776 1015 2819 1085; x_wconf 88' lang='lat'>5</span> 
     </span>
     <span class='ocr_line' id='line_1_9' title="bbox 518 1127 2821 1217; baseline -0.001 -22"><span class='ocrx_word' id='word_1_61' title='bbox 518 1127 990 1217; x_wconf 86' lang='grc' dir='ltr'><strong><em>Συρακούσιος</em></strong></span> <span class='ocrx_word' id='word_1_62' title='bbox 1045 1132 1139 1207; x_wconf 84' lang='grc' dir='ltr'><strong><em>εἰς</em></strong></span> <span class='ocrx_word' id='word_1_63' title='bbox 1195 1129 1472 1194; x_wconf 79' lang='grc' dir='ltr'><strong><em>ἕκαστον</em></strong></span> <span class='ocrx_word' id='word_1_64' title='bbox 1518 1131 1654 1195; x_wconf 76' lang='grc' dir='ltr'><strong><em>τῶν</em></strong></span> <span class='ocrx_word' id='word_1_65' title='bbox 1710 1129 1784 1194; x_wconf 84' lang='grc' dir='ltr'><strong><em>ἐν</em></strong></span> <span class='ocrx_word' id='word_1_66' title='bbox 1830 1140 1970 1206; x_wconf 78' lang='grc' dir='ltr'><strong><em>τοῖς</em></strong></span> <span class='ocrx_word' id='word_1_67' title='bbox 2026 1130 2321 1205; x_wconf 78' lang='grc' dir='ltr'><strong><em>δείπνοις</em></strong></span> <span class='ocrx_word' id='word_1_68' title='bbox 2376 1127 2821 1213; x_wconf 80' lang='grc' dir='ltr'><strong><em>παρατιθεμέ·</em></strong></span> 
     </span>
     <span class='ocr_line' id='line_1_10' title="bbox 517 1229 2821 1323; baseline -0.002 -20"><span class='ocrx_word' id='word_1_69' title='bbox 517 1262 659 1303; x_wconf 85' lang='grc' dir='ltr'><strong><em>νων</em></strong></span> <span class='ocrx_word' id='word_1_70' title='bbox 715 1238 1002 1322; x_wconf 82' lang='grc' dir='ltr'><strong><em>στιχίδια</em></strong></span> <span class='ocrx_word' id='word_1_71' title='bbox 1057 1235 1166 1302; x_wconf 88' lang='grc' dir='ltr'><strong><em>καὶ</em></strong></span> <span class='ocrx_word' id='word_1_72' title='bbox 1227 1239 1586 1323; x_wconf 90' lang='grc' dir='ltr'><strong><em>παροιμίας</em></strong></span> <span class='ocrx_word' id='word_1_73' title='bbox 1642 1239 1839 1319; x_wconf 82' lang='grc' dir='ltr'><strong><em>ἔλεγε.</em></strong></span> <span class='ocrx_word' id='word_1_74' title='bbox 1931 1235 2272 1321; x_wconf 84' lang='grc' dir='ltr'><strong><em>Κλέαρχος</em></strong></span> <span class='ocrx_word' id='word_1_75' title='bbox 2326 1231 2401 1300; x_wconf 77' lang='grc' dir='ltr'><strong><em>δὲ</em></strong></span> <span class='ocrx_word' id='word_1_76' title='bbox 2457 1229 2493 1299; x_wconf 97' lang='lat'>5</span> <span class='ocrx_word' id='word_1_77' title='bbox 2550 1231 2821 1310; x_wconf 83' lang='grc' dir='ltr'><strong><em>Σολεὺς</em></strong></span> 
     </span>
     <span class='ocr_line' id='line_1_11' title="bbox 441 1337 2819 1429; baseline -0.002 -19"><span class='ocrx_word' id='word_1_78' title='bbox 441 1360 490 1397; x_wconf 85' lang='grc'><strong><em>10</em></strong></span> <span class='ocrx_word' id='word_1_79' title='bbox 521 1346 992 1428; x_wconf 86' lang='grc' dir='ltr'><strong><em>δειπνολογίαν</em></strong></span> <span class='ocrx_word' id='word_1_80' title='bbox 1037 1350 1228 1409; x_wconf 82' lang='grc' dir='ltr'><strong><em>καλεῖ</em></strong></span> <span class='ocrx_word' id='word_1_81' title='bbox 1266 1339 1342 1410; x_wconf 87' lang='grc' dir='ltr'><strong><em>τὸ</em></strong></span> <span class='ocrx_word' id='word_1_82' title='bbox 1391 1347 1675 1429; x_wconf 90' lang='grc' dir='ltr'><strong><em>ποίημα,</em></strong></span> <span class='ocrx_word' id='word_1_83' title='bbox 1722 1339 1915 1409; x_wconf 88' lang='grc' dir='ltr'><strong><em>άλλοι</em></strong></span> <span class='ocrx_word' id='word_1_84' title='bbox 1963 1337 2365 1425; x_wconf 83' lang='grc' dir='ltr'><strong><em>ὀψολογίαν,</em></strong></span> <span class='ocrx_word' id='word_1_85' title='bbox 2420 1337 2819 1427; x_wconf 84' lang='grc' dir='ltr'><strong><em>Χρύσιππος</em></strong></span> 
     </span>
     <span class='ocr_line' id='line_1_12' title="bbox 516 1444 2821 1538; baseline -0.002 -22"><span class='ocrx_word' id='word_1_86' title='bbox 516 1453 1043 1538; x_wconf 89' lang='grc' dir='ltr'><strong><em>γαστρονομίαν,</em></strong></span> <span class='ocrx_word' id='word_1_87' title='bbox 1091 1447 1282 1516; x_wconf 76' lang='grc' dir='ltr'><strong><em>ἄλλοι</em></strong></span> <span class='ocrx_word' id='word_1_88' title='bbox 1327 1445 1772 1535; x_wconf 78' lang='grc' dir='ltr'><strong><em>ἡδυπάθειαν.</em></strong></span> <span class='ocrx_word' id='word_1_89' title='bbox 1846 1444 1948 1515; x_wconf 81' lang='grc' dir='ltr'><strong><em>ὅτι</em></strong></span> <span class='ocrx_word' id='word_1_90' title='bbox 1996 1450 2069 1514; x_wconf 84' lang='grc' dir='ltr'><strong><em>ἐν</em></strong></span> <span class='ocrx_word' id='word_1_91' title='bbox 2115 1451 2205 1538; x_wconf 76' lang='grc' dir='ltr'><strong><em>τῷ</em></strong></span> <span class='ocrx_word' id='word_1_92' title='bbox 2246 1450 2593 1536; x_wconf 86' lang='grc' dir='ltr'><strong><em>συμποσίῳ</em></strong></span> <span class='ocrx_word' id='word_1_93' title='bbox 2632 1444 2821 1514; x_wconf 87' lang='grc' dir='ltr'><strong><em>Πλά-</em></strong></span> 
     </span>
     <span class='ocr_line' id='line_1_13' title="bbox 515 1545 1865 1640; baseline -0.001 -18"><span class='ocrx_word' id='word_1_94' title='bbox 515 1582 727 1635; x_wconf 83' lang='grc' dir='ltr'><strong><em>τωνος</em></strong></span> <span class='ocrx_word' id='word_1_95' title='bbox 773 1551 1156 1622; x_wconf 74' lang='grc' dir='ltr'><strong><em>εἰκοσιοκτὼ</em></strong></span> <span class='ocrx_word' id='word_1_96' title='bbox 1202 1545 1378 1640; x_wconf 83' lang='grc' dir='ltr'><strong><em>ἦσαν</em></strong></span> <span class='ocrx_word' id='word_1_97' title='bbox 1426 1553 1865 1640; x_wconf 67' lang='grc' dir='ltr'><strong><em>δαιτυμόνες]</em></strong></span> 
     </span>
     <span class='ocr_line' id='line_1_14' title="bbox 694 1652 2820 1748; baseline -0.002 -18"><span class='ocrx_word' id='word_1_98' title='bbox 694 1665 802 1730; x_wconf 88' lang='grc' dir='ltr'><strong><em>ΙΧ.</em></strong></span> <span class='ocrx_word' id='word_1_99' title='bbox 844 1658 1394 1747; x_wconf 80' lang='grc' dir='ltr'><strong><em>Ἀθηνόδωρος</em></strong></span> <span class='ocrx_word' id='word_1_100' title='bbox 1442 1653 1668 1744; x_wconf 81' lang='grc' dir='ltr'><strong><em>[οὗτος</em></strong></span> <span class='ocrx_word' id='word_1_101' title='bbox 1702 1652 1791 1746; x_wconf 79' lang='grc' dir='ltr'><strong><em>ἦν</em></strong></span> <span class='ocrx_word' id='word_1_102' title='bbox 1828 1659 2230 1748; x_wconf 77' lang='grc' dir='ltr'><strong><em>στρατιώτης</em></strong></span> <span class='ocrx_word' id='word_1_103' title='bbox 2252 1657 2627 1746; x_wconf 79' lang='grc' dir='ltr'><strong><em>Ἀθηναῖος.</em></strong></span> <span class='ocrx_word' id='word_1_104' title='bbox 2672 1663 2820 1727; x_wconf 81' lang='grc' dir='ltr'><strong><em>ἔστι</em></strong></span> 
     </span>
     <span class='ocr_line' id='line_1_15' title="bbox 519 1763 2822 1856; baseline -0.002 -20"><span class='ocrx_word' id='word_1_105' title='bbox 519 1770 592 1837; x_wconf 90' lang='grc' dir='ltr'><strong><em>δε</em></strong></span> <span class='ocrx_word' id='word_1_106' title='bbox 627 1771 759 1836; x_wconf 88' lang='grc' dir='ltr'><strong><em>καὶ</em></strong></span> <span class='ocrx_word' id='word_1_107' title='bbox 778 1771 1053 1856; x_wconf 83' lang='grc' dir='ltr'><strong><em>ἔτερος,]</em></strong></span> <span class='ocrx_word' id='word_1_108' title='bbox 1097 1766 1402 1855; x_wconf 79' lang='grc' dir='ltr'><strong><em>μαθητὴς</em></strong></span> <span class='ocrx_word' id='word_1_109' title='bbox 1439 1773 1815 1835; x_wconf 89' lang='grc' dir='ltr'><strong><em>Διονυσίου</em></strong></span> <span class='ocrx_word' id='word_1_110' title='bbox 1854 1771 1975 1835; x_wconf 83' lang='grc' dir='ltr'><strong><em>τοῦ</em></strong></span> <span class='ocrx_word' id='word_1_111' title='bbox 2006 1763 2493 1853; x_wconf 74' lang='grc' dir='ltr'><strong><em>Ἀρεοπαγίτου.</em></strong></span> <span class='ocrx_word' id='word_1_112' title='bbox 2566 1771 2822 1854; x_wconf 80' lang='grc' dir='ltr'><strong><em>ἔγραψε</em></strong></span> 
     </span>
     <span class='ocr_line' id='line_1_16' title="bbox 440 1870 2821 2002; baseline -0.002 -59"><span class='ocrx_word' id='word_1_113' title='bbox 440 1892 489 1930; x_wconf 89' lang='lat'><strong><em>1⁵</em></strong></span> <span class='ocrx_word' id='word_1_114' title='bbox 518 1876 593 1943; x_wconf 76' lang='grc' dir='ltr'><strong><em>δὲ</em></strong></span> <span class='ocrx_word' id='word_1_115' title='bbox 639 1875 950 1964; x_wconf 81' lang='grc' dir='ltr'><strong><em>διάφορα.</em></strong></span> <span class='ocrx_word' id='word_1_116' title='bbox 1043 1875 1182 1958; x_wconf 84' lang='grc' dir='ltr'><strong><em>[καὶ</em></strong></span> <span class='ocrx_word' id='word_1_117' title='bbox 1230 1877 1450 1963; x_wconf 79' lang='grc' dir='ltr'><strong><em>ἕτερος</em></strong></span> <span class='ocrx_word' id='word_1_118' title='bbox 1500 1872 1853 1962; x_wconf 77' lang='grc' dir='ltr'><strong><em>σοφιστής,</em></strong></span> <span class='ocrx_word' id='word_1_119' title='bbox 1914 1870 2205 2002; x_wconf 81' lang='grc' dir='ltr'><strong><em>ἀδελφὸς</em></strong></span> <span class='ocrx_word' id='word_1_120' title='bbox 2250 1878 2631 1962; x_wconf 85' lang='grc' dir='ltr'><strong><em>Γρηγορίον</em></strong></span> <span class='ocrx_word' id='word_1_121' title='bbox 2687 1877 2821 1940; x_wconf 87' lang='grc' dir='ltr'><strong><em>τοῦ</em></strong></span> 
     </span>
     <span class='ocr_line' id='line_1_17' title="bbox 517 1986 1089 2070; baseline 0 -21"><span class='ocrx_word' id='word_1_122' title='bbox 517 1986 1062 2070; x_wconf 81' lang='grc' dir='ltr'><strong><em>θαυματουργοῦ.</em></strong></span> <span class='ocrx_word' id='word_1_123' title='bbox 1065 1988 1089 2066; x_wconf 96' lang='grc'>]</span> 
     </span>
     <span class='ocr_line' id='line_1_18' title="bbox 695 2086 2819 2177; baseline -0.001 -20"><span class='ocrx_word' id='word_1_124' title='bbox 695 2092 770 2159; x_wconf 83' lang='grc' dir='ltr'><strong><em>Χ.</em></strong></span> <span class='ocrx_word' id='word_1_125' title='bbox 835 2099 900 2156; x_wconf 91' lang='grc' dir='ltr'><em>Α</em></span> <span class='ocrx_word' id='word_1_126' title='bbox 912 2090 1222 2177; x_wconf 77' lang='grc' dir='ltr'><strong><em>ι’θεριος</em></strong></span> <span class='ocrx_word' id='word_1_127' title='bbox 1269 2091 1446 2156; x_wconf 78' lang='grc' dir='ltr'><strong><em>ε’πῶν</em></strong></span> <span class='ocrx_word' id='word_1_128' title='bbox 1489 2086 1783 2174; x_wconf 83' lang='grc' dir='ltr'><strong><em>ποιητής.</em></strong></span> <span class='ocrx_word' id='word_1_129' title='bbox 1858 2092 2105 2176; x_wconf 82' lang='grc' dir='ltr'><strong><em>ἔγραψε</em></strong></span> <span class='ocrx_word' id='word_1_130' title='bbox 2152 2086 2480 2174; x_wconf 84' lang='grc' dir='ltr'><strong><em>διάφορα,</em></strong></span> <span class='ocrx_word' id='word_1_131' title='bbox 2524 2089 2631 2155; x_wconf 72' lang='grc' dir='ltr'><strong><em>καὶ</em></strong></span> <span class='ocrx_word' id='word_1_132' title='bbox 2674 2089 2819 2156; x_wconf 79' lang='grc' dir='ltr'><strong><em>ἐπι-</em></strong></span> 
     </span>
     <span class='ocr_line' id='line_1_19' title="bbox 517 2190 2577 2283; baseline -0.001 -20"><span class='ocrx_word' id='word_1_133' title='bbox 517 2197 858 2283; x_wconf 82' lang='grc' dir='ltr'><strong><em>θαλάμιον</em></strong></span> <span class='ocrx_word' id='word_1_134' title='bbox 907 2195 996 2263; x_wconf 86' lang='grc' dir='ltr'><strong><em>δι’</em></strong></span> <span class='ocrx_word' id='word_1_135' title='bbox 1049 2198 1224 2264; x_wconf 73' lang='grc' dir='ltr'><strong><em>ἐπῶν</em></strong></span> <span class='ocrx_word' id='word_1_136' title='bbox 1273 2199 1365 2274; x_wconf 83' lang='grc' dir='ltr'><strong><em>εἰς</em></strong></span> <span class='ocrx_word' id='word_1_137' title='bbox 1385 2199 1817 2280; x_wconf 81' lang='grc' dir='ltr'><strong><em>-Σιμπλίκιον</em></strong></span> <span class='ocrx_word' id='word_1_138' title='bbox 1863 2191 1983 2262; x_wconf 90' lang='grc' dir='ltr'><strong><em>τὸν</em></strong></span> <span class='ocrx_word' id='word_1_139' title='bbox 2030 2197 2211 2262; x_wconf 76' lang='grc' dir='ltr'><strong><em>ἴδιον</em></strong></span> <span class='ocrx_word' id='word_1_140' title='bbox 2258 2190 2577 2280; x_wconf 73' lang='grc' dir='ltr'><strong><em>ἀδελφόν.</em></strong></span> 
     </span>
     <span class='ocr_line' id='line_1_20' title="bbox 693 2297 2821 2388; baseline 0 -18"><span class='ocrx_word' id='word_1_141' title='bbox 693 2305 806 2371; x_wconf 88' lang='grc' dir='ltr'><strong><em>ΧΙ.</em></strong></span> <span class='ocrx_word' id='word_1_142' title='bbox 871 2300 1210 2373; x_wconf 84' lang='grc' dir='ltr'><strong><em>Αἰλιανό</em></strong></span> <span class='ocrx_word' id='word_1_143' title='bbox 1225 2329 1284 2386; x_wconf 91' lang='grc' dir='ltr'><strong><em>ς,</em></strong></span> <span class='ocrx_word' id='word_1_144' title='bbox 1331 2298 1460 2368; x_wconf 75' lang='grc' dir='ltr'><strong><em>ἀπὸ</em></strong></span> <span class='ocrx_word' id='word_1_145' title='bbox 1505 2303 1929 2385; x_wconf 82' lang='grc' dir='ltr'><strong><em>Πραινεστοῦ</em></strong></span> <span class='ocrx_word' id='word_1_146' title='bbox 1965 2303 2082 2386; x_wconf 83' lang='grc' dir='ltr'><strong><em>τῆς</em></strong></span> <span class='ocrx_word' id='word_1_147' title='bbox 2113 2297 2421 2385; x_wconf 89' lang='grc' dir='ltr'><strong><em>Ἰταλίας,</em></strong></span> <span class='ocrx_word' id='word_1_148' title='bbox 2470 2298 2821 2388; x_wconf 77' lang='grc' dir='ltr'><strong><em>ἀρχιερεὺς</em></strong></span> 
     </span>
     <span class='ocr_line' id='line_1_21' title="bbox 438 2402 2818 2498; baseline -0 -23"><span class='ocrx_word' id='word_1_149' title='bbox 438 2425 489 2464; x_wconf 81' lang='lat'><strong><em>20</em></strong></span> <span class='ocrx_word' id='word_1_150' title='bbox 516 2409 628 2475; x_wconf 80' lang='grc' dir='ltr'><strong><em>καὶ</em></strong></span> <span class='ocrx_word' id='word_1_151' title='bbox 676 2407 996 2496; x_wconf 81' lang='grc' dir='ltr'><strong><em>σοφιστὴς</em></strong></span> <span class='ocrx_word' id='word_1_152' title='bbox 1034 2406 1069 2477; x_wconf 90' lang='lat'>5</span> <span class='ocrx_word' id='word_1_153' title='bbox 1109 2412 1514 2498; x_wconf 80' lang='grc' dir='ltr'><strong><em>χρηματίσας</em></strong></span> <span class='ocrx_word' id='word_1_154' title='bbox 1544 2405 1919 2492; x_wconf 85' lang='grc' dir='ltr'><strong><em>Κλαύδιος,</em></strong></span> <span class='ocrx_word' id='word_1_155' title='bbox 1966 2402 2039 2486; x_wconf 81' lang='grc' dir='ltr'><strong><em>ὃς</em></strong></span> <span class='ocrx_word' id='word_1_156' title='bbox 2080 2405 2414 2492; x_wconf 80' lang='grc' dir='ltr'><strong><em>ἐπεκλήθη</em></strong></span> <span class='ocrx_word' id='word_1_157' title='bbox 2452 2413 2818 2492; x_wconf 86' lang='grc' dir='ltr'><strong><em>μελίγλωσ-</em></strong></span> 
     </span>
     <span class='ocr_line' id='line_1_22' title="bbox 516 2511 2818 2604; baseline -0.001 -20"><span class='ocrx_word' id='word_1_158' title='bbox 516 2535 634 2595; x_wconf 90' lang='grc' dir='ltr'><strong><em>σος</em></strong></span> <span class='ocrx_word' id='word_1_159' title='bbox 677 2512 718 2603; x_wconf 84' lang='grc' dir='ltr'><em>ἢ</em></span> <span class='ocrx_word' id='word_1_160' title='bbox 757 2523 1244 2604; x_wconf 79' lang='grc' dir='ltr'><strong><em>μελίφθογγος,</em></strong></span> <span class='ocrx_word' id='word_1_161' title='bbox 1291 2515 1401 2583; x_wconf 83' lang='grc' dir='ltr'><strong><em>καὶ</em></strong></span> <span class='ocrx_word' id='word_1_162' title='bbox 1439 2516 1914 2600; x_wconf 80' lang='grc' dir='ltr'><strong><em>ἐσοφίστευσεν</em></strong></span> <span class='ocrx_word' id='word_1_163' title='bbox 1964 2515 2037 2581; x_wconf 87' lang='grc' dir='ltr'><strong><em>ἐν</em></strong></span> <span class='ocrx_word' id='word_1_164' title='bbox 2064 2511 2281 2602; x_wconf 76' lang='grc' dir='ltr'><strong><em>Ῥώμῃ</em></strong></span> <span class='ocrx_word' id='word_1_165' title='bbox 2320 2511 2487 2604; x_wconf 83' lang='grc' dir='ltr'><strong><em>αὐτῇ</em></strong></span> <span class='ocrx_word' id='word_1_166' title='bbox 2526 2515 2629 2582; x_wconf 81' lang='grc' dir='ltr'><strong><em>ἐπὶ</em></strong></span> <span class='ocrx_word' id='word_1_167' title='bbox 2673 2518 2818 2582; x_wconf 75' lang='grc' dir='ltr'><strong><em>τῶν</em></strong></span> 
     </span>
     <span class='ocr_line' id='line_1_23' title="bbox 515 2619 1408 2711; baseline -0.002 -21"><span class='ocrx_word' id='word_1_168' title='bbox 515 2621 676 2710; x_wconf 80' lang='grc' dir='ltr'><strong><em>μετὰ</em></strong></span> <span class='ocrx_word' id='word_1_169' title='bbox 721 2619 1077 2711; x_wconf 80' lang='grc' dir='ltr'><strong><em>Ἀδριανὸν</em></strong></span> <span class='ocrx_word' id='word_1_170' title='bbox 1124 2620 1408 2709; x_wconf 83' lang='grc' dir='ltr'><strong><em>χρόνων.</em></strong></span> 
     </span>
     <span class='ocr_line' id='line_1_24' title="bbox 695 2719 2818 2816; baseline -0.001 -20"><span class='ocrx_word' id='word_1_171' title='bbox 695 2733 843 2796; x_wconf 90' lang='lat' dir='ltr'>XII.</span> <span class='ocrx_word' id='word_1_172' title='bbox 915 2734 1256 2808; x_wconf 84' lang='grc' dir='ltr'><strong><em>Αἰνείας.</em></strong></span> <span class='ocrx_word' id='word_1_173' title='bbox 1346 2719 1541 2808; x_wconf 84' lang='grc' dir='ltr'><strong><em>οὗτος</em></strong></span> <span class='ocrx_word' id='word_1_174' title='bbox 1605 2733 1849 2813; x_wconf 81' lang='grc' dir='ltr'><strong><em>ἔγραψε</em></strong></span> <span class='ocrx_word' id='word_1_175' title='bbox 1909 2729 2060 2816; x_wconf 86' lang='grc' dir='ltr'><strong><em>περὶ</em></strong></span> <span class='ocrx_word' id='word_1_176' title='bbox 2118 2733 2426 2816; x_wconf 75' lang='grc' dir='ltr'><strong><em>πυρσῶν,</em></strong></span> <span class='ocrx_word' id='word_1_177' title='bbox 2494 2725 2584 2806; x_wconf 71' lang='grc' dir='ltr'><strong><em>ὥς</em></strong></span> <span class='ocrx_word' id='word_1_178' title='bbox 2644 2747 2818 2813; x_wconf 87' lang='grc' dir='ltr'><strong><em>φησι</em></strong></span> 
     </span>
     <span class='ocr_line' id='line_1_25' title="bbox 519 2831 2278 2922; baseline 0 -20"><span class='ocrx_word' id='word_1_179' title='bbox 519 2834 890 2922; x_wconf 85' lang='grc' dir='ltr'><strong><em>Πολύβιος,</em></strong></span> <span class='ocrx_word' id='word_1_180' title='bbox 936 2835 1046 2902; x_wconf 88' lang='grc' dir='ltr'><strong><em>καὶ</em></strong></span> <span class='ocrx_word' id='word_1_181' title='bbox 1092 2835 1242 2920; x_wconf 85' lang='grc' dir='ltr'><strong><em>περὶ</em></strong></span> <span class='ocrx_word' id='word_1_182' title='bbox 1290 2836 1852 2922; x_wconf 80' lang='grc' dir='ltr'><strong><em>στρατηγημάτων</em></strong></span> <span class='ocrx_word' id='word_1_183' title='bbox 1898 2831 2278 2921; x_wconf 84' lang='grc' dir='ltr'><strong><em>ὑπόμνημα.</em></strong></span> 
     </span>
     <span class='ocr_line' id='line_1_26' title="bbox 439 2939 2817 3030; baseline 0 -22"><span class='ocrx_word' id='word_1_184' title='bbox 439 2954 490 2994; x_wconf 81' lang='lat'><strong><em>25</em></strong></span> <span class='ocrx_word' id='word_1_185' title='bbox 696 2943 874 3009; x_wconf 91' lang='lat' dir='ltr'>XIII.</span> <span class='ocrx_word' id='word_1_186' title='bbox 938 2950 1270 3020; x_wconf 87' lang='grc' dir='ltr'><strong><em>Αἰ’νικος</em></strong></span> <span class='ocrx_word' id='word_1_187' title='bbox 1309 2939 1666 3027; x_wconf 78' lang='grc' dir='ltr'><strong><em>Ἀθηναῖος</em></strong></span> <span class='ocrx_word' id='word_1_188' title='bbox 1702 2939 2021 3027; x_wconf 88' lang='grc' dir='ltr'><strong><em>κωμικός,</em></strong></span> <span class='ocrx_word' id='word_1_189' title='bbox 2064 2946 2201 3009; x_wconf 82' lang='grc' dir='ltr'><strong><em>ἔστι</em></strong></span> <span class='ocrx_word' id='word_1_190' title='bbox 2250 2941 2324 3025; x_wconf 76' lang='grc' dir='ltr'><strong><em>δὲ</em></strong></span> <span class='ocrx_word' id='word_1_191' title='bbox 2369 2945 2487 3028; x_wconf 81' lang='grc' dir='ltr'><strong><em>τῆς</em></strong></span> <span class='ocrx_word' id='word_1_192' title='bbox 2532 2940 2817 3030; x_wconf 71' lang='grc' dir='ltr'><strong><em>ἀρχαίας</em></strong></span> 
     </span>
    </p>
   </div>
   <div class='ocr_carea' id='block_1_3' title="bbox 519 3081 944 3088">
    <p class='ocr_par' dir='ltr' id='par_1_3' title="bbox 519 3081 944 3088">
     <span class='ocr_line' id='line_1_27' title="bbox 519 3081 944 3088; baseline 0 1804"><span class='ocrx_word' id='word_1_193' title='bbox 519 3081 944 3088; x_wconf 95' lang='lat' dir='ltr'><strong><em> </em></strong></span> 
     </span>
    </p>
   </div>
   <div class='ocr_carea' id='block_1_4' title="bbox 516 3145 2817 4346">
    <p class='ocr_par' dir='ltr' id='par_1_4' title="bbox 517 3145 2817 3706">
     <span class='ocr_line' id='line_1_28' title="bbox 662 3145 2816 3224; baseline -0.002 -13"><span class='ocrx_word' id='word_1_194' title='bbox 662 3157 738 3211; x_wconf 90' lang='lat' dir='ltr'><strong><em>IX</em></strong></span> <span class='ocrx_word' id='word_1_195' title='bbox 784 3157 958 3212; x_wconf 83' lang='lat' dir='ltr'>vitam</span> <span class='ocrx_word' id='word_1_196' title='bbox 1005 3172 1111 3210; x_wconf 92' lang='lat' dir='ltr'><strong><em>om.</em></strong></span> <span class='ocrx_word' id='word_1_197' title='bbox 1165 3156 1438 3210; x_wconf 77' lang='lat' dir='ltr'>Westem.</span> <span class='ocrx_word' id='word_1_198' title='bbox 1501 3155 1653 3208; x_wconf 80' lang='lat' dir='ltr'><strong><em>Eud.</em></strong></span> <span class='ocrx_word' id='word_1_199' title='bbox 1693 3173 1745 3222; x_wconf 89' lang='lat' dir='ltr'><strong><em>p.</em></strong></span> <span class='ocrx_word' id='word_1_200' title='bbox 1786 3161 1872 3224; x_wconf 84' lang='lat'><strong><em>87,</em></strong></span> <span class='ocrx_word' id='word_1_201' title='bbox 1920 3172 2061 3224; x_wconf 85' lang='lat' dir='ltr'>quae</span> <span class='ocrx_word' id='word_1_202' title='bbox 2108 3155 2187 3209; x_wconf 90' lang='lat' dir='ltr'>sic</span> <span class='ocrx_word' id='word_1_203' title='bbox 2223 3153 2454 3210; x_wconf 75' lang='lat' dir='ltr'><strong>desinit:</strong></span> <span class='ocrx_word' id='word_1_204' title='bbox 2501 3145 2567 3209; x_wconf 79' lang='grc' dir='ltr'><strong><em>εὖ</em></strong></span> <span class='ocrx_word' id='word_1_205' title='bbox 2615 3149 2816 3222; x_wconf 75' lang='grc' dir='ltr'><strong><em>γιγνώ-</em></strong></span> 
     </span>
     <span class='ocr_line' id='line_1_29' title="bbox 519 3230 2817 3307; baseline -0.003 -15"><span class='ocrx_word' id='word_1_206' title='bbox 519 3256 668 3292; x_wconf 79' lang='grc' dir='ltr'><strong><em>σκων</em></strong></span> <span class='ocrx_word' id='word_1_207' title='bbox 714 3233 847 3299; x_wconf 75' lang='grc' dir='ltr'><strong><em>τοὺς</em></strong></span> <span class='ocrx_word' id='word_1_208' title='bbox 893 3233 1224 3307; x_wconf 76' lang='grc' dir='ltr'><strong><em>ῥἠτορικοὺς</em></strong></span> <span class='ocrx_word' id='word_1_209' title='bbox 1271 3238 1366 3305; x_wconf 87' lang='lat' dir='ltr'><strong><em>(an</em></strong></span> <span class='ocrx_word' id='word_1_210' title='bbox 1400 3230 1745 3305; x_wconf 70' lang='grc' dir='ltr'><strong><em>κριτικοὺςῖ)</em></strong></span> <span class='ocrx_word' id='word_1_211' title='bbox 1790 3235 1903 3288; x_wconf 80' lang='grc' dir='ltr'><strong><em>τῶν</em></strong></span> <span class='ocrx_word' id='word_1_212' title='bbox 1947 3231 2130 3304; x_wconf 86' lang='grc' dir='ltr'><strong><em>λόγων</em></strong></span> <span class='ocrx_word' id='word_1_213' title='bbox 2165 3234 2263 3288; x_wconf 81' lang='grc' dir='ltr'><strong><em>καὶ</em></strong></span> <span class='ocrx_word' id='word_1_214' title='bbox 2309 3230 2647 3304; x_wconf 77' lang='grc' dir='ltr'><strong><em>πολυμαθὴς</em></strong></span> <span class='ocrx_word' id='word_1_215' title='bbox 2683 3233 2817 3302; x_wconf 82' lang='grc' dir='ltr'><strong><em>περὶ</em></strong></span> 
     </span>
     <span class='ocr_line' id='line_1_30' title="bbox 518 3313 2815 3387; baseline -0.002 -16"><span class='ocrx_word' id='word_1_216' title='bbox 518 3315 587 3371; x_wconf 77' lang='grc' dir='ltr'><strong><em>τὰ</em></strong></span> <span class='ocrx_word' id='word_1_217' title='bbox 628 3313 894 3387; x_wconf 79' lang='grc' dir='ltr'><strong><em>ῤἠτορικά</em></strong></span> <span class='ocrx_word' id='word_1_218' title='bbox 932 3317 1135 3386; x_wconf 78' lang='grc' dir='ltr'><strong><em>μέτρα,</em></strong></span> <span class='ocrx_word' id='word_1_219' title='bbox 1174 3317 1243 3372; x_wconf 86' lang='lat' dir='ltr'>de</span> <span class='ocrx_word' id='word_1_220' title='bbox 1279 3316 1480 3384; x_wconf 87' lang='lat' dir='ltr'>quibus</span> <span class='ocrx_word' id='word_1_221' title='bbox 1517 3333 1568 3368; x_wconf 87' lang='lat' dir='ltr'><strong><em>v.</em></strong></span> <span class='ocrx_word' id='word_1_222' title='bbox 1608 3315 1826 3370; x_wconf 76' lang='lat' dir='ltr'>UnterS.</span> <span class='ocrx_word' id='word_1_223' title='bbox 1865 3333 1918 3384; x_wconf 90' lang='lat' dir='ltr'><strong><em>p.</em></strong></span> <span class='ocrx_word' id='word_1_224' title='bbox 1956 3322 2051 3382; x_wconf 81' lang='lat'><strong><em>433</em></strong></span> <span class='ocrx_word' id='word_1_225' title='bbox 2089 3313 2325 3370; x_wconf 80' lang='lat' dir='ltr'>fortasse</span> <span class='ocrx_word' id='word_1_226' title='bbox 2364 3333 2431 3370; x_wconf 85' lang='lat' dir='ltr'>ex</span> <span class='ocrx_word' id='word_1_227' title='bbox 2460 3314 2649 3369; x_wconf 83' lang='lat' dir='ltr'>fratris</span> <span class='ocrx_word' id='word_1_228' title='bbox 2676 3313 2815 3368; x_wconf 84' lang='lat' dir='ltr'>Gre—</span> 
     </span>
     <span class='ocr_line' id='line_1_31' title="bbox 519 3392 2815 3466; baseline -0.002 -15"><span class='ocrx_word' id='word_1_229' title='bbox 519 3397 665 3466; x_wconf 84' lang='lat' dir='ltr'>gorii</span> <span class='ocrx_word' id='word_1_230' title='bbox 703 3392 756 3466; x_wconf 87' lang='lat'><strong><em>(5</em></strong></span> <span class='ocrx_word' id='word_1_231' title='bbox 786 3396 882 3451; x_wconf 77' lang='grc' dir='ltr'><strong><em>καὶ</em></strong></span> <span class='ocrx_word' id='word_1_232' title='bbox 911 3392 1229 3466; x_wconf 84' lang='grc' dir='ltr'><strong><em>Θεόδωρος)</em></strong></span> <span class='ocrx_word' id='word_1_233' title='bbox 1267 3395 1388 3449; x_wconf 83' lang='lat' dir='ltr'>vita</span> <span class='ocrx_word' id='word_1_234' title='bbox 1424 3393 1705 3462; x_wconf 84' lang='lat' dir='ltr'>descripta</span> <span class='ocrx_word' id='word_1_235' title='bbox 1738 3396 1905 3463; x_wconf 84' lang='lat' dir='ltr'>putat</span> <span class='ocrx_word' id='word_1_236' title='bbox 1931 3395 2101 3448; x_wconf 77' lang='lat' dir='ltr'><strong><em>Daub</em></strong></span> <span class='ocrx_word' id='word_1_237' title='bbox 2197 3401 2262 3448; x_wconf 88' lang='lat'><strong><em>13</em></strong></span> <span class='ocrx_word' id='word_1_238' title='bbox 2302 3393 2456 3458; x_wconf 82' lang='lat' dir='ltr'>Quae</span> <span class='ocrx_word' id='word_1_239' title='bbox 2485 3395 2706 3463; x_wconf 81' lang='lat' dir='ltr'>seclusi,</span> <span class='ocrx_word' id='word_1_240' title='bbox 2744 3410 2815 3447; x_wconf 81' lang='lat' dir='ltr'>ex</span> 
     </span>
     <span class='ocr_line' id='line_1_32' title="bbox 517 3471 2815 3547; baseline -0.002 -17"><span class='ocrx_word' id='word_1_241' title='bbox 517 3478 848 3547; x_wconf 83' lang='lat' dir='ltr'>Harpocrat.</span> <span class='ocrx_word' id='word_1_242' title='bbox 885 3495 938 3532; x_wconf 86' lang='lat' dir='ltr'><strong><em>v.</em></strong></span> <span class='ocrx_word' id='word_1_243' title='bbox 963 3471 1146 3544; x_wconf 64' lang='grc' dir='ltr'><strong><em>Ἄνθην.</em></strong></span> <span class='ocrx_word' id='word_1_244' title='bbox 1176 3473 1476 3543; x_wconf 73' lang='lat' dir='ltr'>adscripsit</span> <span class='ocrx_word' id='word_1_245' title='bbox 1505 3472 1729 3544; x_wconf 87' lang='lat' dir='ltr'>Suidas‚</span> <span class='ocrx_word' id='word_1_246' title='bbox 1774 3477 2023 3529; x_wconf 84' lang='lat' dir='ltr'>extrema</span> <span class='ocrx_word' id='word_1_247' title='bbox 2048 3475 2167 3544; x_wconf 89' lang='lat' dir='ltr'>ipse</span> <span class='ocrx_word' id='word_1_248' title='bbox 2194 3474 2355 3528; x_wconf 86' lang='lat' dir='ltr'>finxit</span> <span class='ocrx_word' id='word_1_249' title='bbox 2382 3491 2490 3529; x_wconf 91' lang='lat' dir='ltr'><strong><em>om.</em></strong></span> <span class='ocrx_word' id='word_1_250' title='bbox 2520 3473 2815 3543; x_wconf 75' lang='lat' dir='ltr'>sophistae</span> 
     </span>
     <span class='ocr_line' id='line_1_33' title="bbox 517 3553 2661 3626; baseline -0.002 -16"><span class='ocrx_word' id='word_1_251' title='bbox 517 3557 704 3626; x_wconf 79' lang='lat' dir='ltr'>patria</span> <span class='ocrx_word' id='word_1_252' title='bbox 741 3556 942 3624; x_wconf 77' lang='lat' dir='ltr'>Aenia3</span> <span class='ocrx_word' id='word_1_253' title='bbox 990 3556 1226 3610; x_wconf 89' lang='lat' dir='ltr'>eundem</span> <span class='ocrx_word' id='word_1_254' title='bbox 1273 3553 1584 3623; x_wconf 73' lang='lat' dir='ltr'>sophistam</span> <span class='ocrx_word' id='word_1_255' title='bbox 1632 3554 1926 3624; x_wconf 72' lang='lat' dir='ltr'>descripsit</span> <span class='ocrx_word' id='word_1_256' title='bbox 1961 3554 2283 3609; x_wconf 82' lang='lat' dir='ltr'>Philostrat.</span> <span class='ocrx_word' id='word_1_257' title='bbox 2322 3554 2436 3609; x_wconf 91' lang='lat' dir='ltr'><strong><em>Vit.</em></strong></span> <span class='ocrx_word' id='word_1_258' title='bbox 2474 3555 2550 3622; x_wconf 87' lang='lat' dir='ltr'><strong><em>II,</em></strong></span> <span class='ocrx_word' id='word_1_259' title='bbox 2593 3560 2661 3607; x_wconf 89' lang='grc'><strong><em>14</em></strong></span> 
     </span>
     <span class='ocr_line' id='line_1_34' title="bbox 521 3633 1107 3706; baseline -0.005 -16"><span class='ocrx_word' id='word_1_260' title='bbox 521 3643 586 3691; x_wconf 86' lang='grc'><strong><em>14</em></strong></span> <span class='ocrx_word' id='word_1_261' title='bbox 619 3633 1022 3706; x_wconf 84' lang='grc' dir='ltr'><strong><em>Ἀρεωπαγίτου</em></strong></span> <span class='ocrx_word' id='word_1_262' title='bbox 1063 3640 1107 3686; x_wconf 76' lang='lat' dir='ltr'>A</span> 
     </span>
    </p>

    <p class='ocr_par' dir='ltr' id='par_1_5' title="bbox 517 3711 2817 3867">
     <span class='ocr_line' id='line_1_35' title="bbox 659 3711 2817 3784; baseline -0.001 -15"><span class='ocrx_word' id='word_1_263' title='bbox 659 3717 711 3769; x_wconf 93' lang='lat' dir='ltr'><strong>X</strong></span> <span class='ocrx_word' id='word_1_264' title='bbox 751 3723 816 3771; x_wconf 88' lang='grc'><strong><em>18</em></strong></span> <span class='ocrx_word' id='word_1_265' title='bbox 856 3715 936 3771; x_wconf 86' lang='lat' dir='ltr'><strong><em>cf.</em></strong></span> <span class='ocrx_word' id='word_1_266' title='bbox 974 3735 1024 3770; x_wconf 90' lang='lat' dir='ltr'><strong><em>v.</em></strong></span> <span class='ocrx_word' id='word_1_267' title='bbox 1056 3715 1411 3784; x_wconf 78' lang='grc' dir='ltr'><strong><em>Σιμπλίκιος,</em></strong></span> <span class='ocrx_word' id='word_1_268' title='bbox 1449 3714 1549 3768; x_wconf 89' lang='lat' dir='ltr'><strong><em>ubi</em></strong></span> <span class='ocrx_word' id='word_1_269' title='bbox 1584 3717 1755 3771; x_wconf 85' lang='lat' dir='ltr'>verba</span> <span class='ocrx_word' id='word_1_270' title='bbox 1782 3718 2031 3772; x_wconf 83' lang='lat' dir='ltr'>extrema</span> <span class='ocrx_word' id='word_1_271' title='bbox 2059 3711 2089 3768; x_wconf 89' lang='lat'>5</span> <span class='ocrx_word' id='word_1_272' title='bbox 2128 3711 2439 3784; x_wconf 83' lang='grc' dir='ltr'><strong><em>φιλόσοφος</em></strong></span> <span class='ocrx_word' id='word_1_273' title='bbox 2474 3714 2679 3769; x_wconf 87' lang='lat' dir='ltr'>iniuria</span> <span class='ocrx_word' id='word_1_274' title='bbox 2725 3731 2817 3768; x_wconf 86' lang='lat' dir='ltr'>ex-</span> 
     </span>
     <span class='ocr_line' id='line_1_36' title="bbox 517 3791 2597 3867; baseline -0.001 -16"><span class='ocrx_word' id='word_1_275' title='bbox 517 3797 718 3867; x_wconf 86' lang='lat' dir='ltr'>punxit</span> <span class='ocrx_word' id='word_1_276' title='bbox 753 3796 1114 3867; x_wconf 75' lang='lat' dir='ltr'><strong><em>Bernhardy,</em></strong></span> <span class='ocrx_word' id='word_1_277' title='bbox 1150 3794 1410 3849; x_wconf 87' lang='lat' dir='ltr'>Panolbii</span> <span class='ocrx_word' id='word_1_278' title='bbox 1447 3797 1740 3864; x_wconf 88' lang='lat' dir='ltr'>aequalem</span> <span class='ocrx_word' id='word_1_279' title='bbox 1777 3797 1949 3850; x_wconf 84' lang='lat' dir='ltr'>fuisse</span> <span class='ocrx_word' id='word_1_280' title='bbox 1988 3797 2153 3851; x_wconf 85' lang='lat' dir='ltr'>docet</span> <span class='ocrx_word' id='word_1_281' title='bbox 2188 3815 2241 3850; x_wconf 87' lang='lat' dir='ltr'><strong><em>v.</em></strong></span> <span class='ocrx_word' id='word_1_282' title='bbox 2278 3791 2597 3866; x_wconf 79' lang='grc' dir='ltr'><strong><em>Πανόλβιος</em></strong></span> 
     </span>
    </p>

    <p class='ocr_par' dir='ltr' id='par_1_6' title="bbox 517 3872 2813 4027">
     <span class='ocr_line' id='line_1_37' title="bbox 660 3872 2813 3945; baseline -0 -14"><span class='ocrx_word' id='word_1_283' title='bbox 660 3879 738 3931; x_wconf 89' lang='grc' dir='ltr'><strong><em>ΧΙ</em></strong></span> <span class='ocrx_word' id='word_1_284' title='bbox 777 3876 859 3932; x_wconf 85' lang='lat' dir='ltr'><strong><em>Cf.</em></strong></span> <span class='ocrx_word' id='word_1_285' title='bbox 897 3876 1222 3932; x_wconf 78' lang='lat' dir='ltr'>Philostrat.</span> <span class='ocrx_word' id='word_1_286' title='bbox 1263 3876 1375 3931; x_wconf 80' lang='lat' dir='ltr'><strong><em>Vit.</em></strong></span> <span class='ocrx_word' id='word_1_287' title='bbox 1414 3876 1491 3944; x_wconf 87' lang='lat' dir='ltr'><strong><em>II,</em></strong></span> <span class='ocrx_word' id='word_1_288' title='bbox 1532 3883 1563 3930; x_wconf 88' lang='lat'><strong>3</strong></span> <span class='ocrx_word' id='word_1_289' title='bbox 1707 3883 1771 3931; x_wconf 88' lang='lat'><strong><em>19</em></strong></span> <span class='ocrx_word' id='word_1_290' title='bbox 1809 3872 1839 3931; x_wconf 88' lang='lat'>5</span> <span class='ocrx_word' id='word_1_291' title='bbox 1879 3872 1993 3931; x_wconf 79' lang='grc' dir='ltr'><strong><em>άπὸ</em></strong></span> <span class='ocrx_word' id='word_1_292' title='bbox 2032 3882 2075 3928; x_wconf 75' lang='grc' dir='ltr'><em>Ε</em></span> <span class='ocrx_word' id='word_1_293' title='bbox 2218 3881 2288 3928; x_wconf 82' lang='lat'><strong><em>20</em></strong></span> <span class='ocrx_word' id='word_1_294' title='bbox 2325 3876 2668 3945; x_wconf 81' lang='grc' dir='ltr'><strong><em>χρηματίσας</em></strong></span> <span class='ocrx_word' id='word_1_295' title='bbox 2702 3891 2813 3930; x_wconf 86' lang='lat' dir='ltr'><strong><em>om.</em></strong></span> 
     </span>
     <span class='ocr_line' id='line_1_38' title="bbox 517 3955 1313 4027; baseline -0.005 -15"><span class='ocrx_word' id='word_1_296' title='bbox 517 3955 548 4012; x_wconf 90' lang='lat'>5</span> <span class='ocrx_word' id='word_1_297' title='bbox 590 3963 634 4009; x_wconf 76' lang='lat' dir='ltr'>A</span> <span class='ocrx_word' id='word_1_298' title='bbox 743 3959 1007 4027; x_wconf 86' lang='grc' dir='ltr'><strong><em>Κλαυδίῳ</em></strong></span> <span class='ocrx_word' id='word_1_299' title='bbox 1045 3961 1313 4009; x_wconf 70' lang='lat' dir='ltr'>ABVEM</span> 
     </span>
    </p>

    <p class='ocr_par' dir='ltr' id='par_1_7' title="bbox 527 4033 2814 4188">
     <span class='ocr_line' id='line_1_39' title="bbox 661 4033 2814 4106; baseline -0.003 -15"><span class='ocrx_word' id='word_1_300' title='bbox 661 4039 764 4091; x_wconf 91' lang='lat' dir='ltr'><strong><em>XII</em></strong></span> <span class='ocrx_word' id='word_1_301' title='bbox 801 4036 1030 4092; x_wconf 82' lang='lat' dir='ltr'>Tractat</span> <span class='ocrx_word' id='word_1_302' title='bbox 1064 4037 1222 4106; x_wconf 87' lang='lat' dir='ltr'>Hug,</span> <span class='ocrx_word' id='word_1_303' title='bbox 1261 4036 1480 4092; x_wconf 84' lang='lat' dir='ltr'>Aeneas</span> <span class='ocrx_word' id='word_1_304' title='bbox 1518 4055 1569 4092; x_wconf 87' lang='lat' dir='ltr'><strong><em>v.</em></strong></span> <span class='ocrx_word' id='word_1_305' title='bbox 1610 4037 1972 4106; x_wconf 84' lang='lat' dir='ltr'>Stymphalos</span> <span class='ocrx_word' id='word_1_306' title='bbox 2017 4035 2243 4105; x_wconf 72' lang='lat' dir='ltr'>(Zfirich</span> <span class='ocrx_word' id='word_1_307' title='bbox 2284 4035 2442 4102; x_wconf 82' lang='grc'>1877)</span> <span class='ocrx_word' id='word_1_308' title='bbox 2600 4038 2669 4086; x_wconf 79' lang='grc'><strong><em>24</em></strong></span> <span class='ocrx_word' id='word_1_309' title='bbox 2707 4033 2814 4086; x_wconf 84' lang='grc' dir='ltr'><strong><em>Ρο-</em></strong></span> 
     </span>
     <span class='ocr_line' id='line_1_40' title="bbox 527 4117 1961 4188; baseline 0.001 -19"><span class='ocrx_word' id='word_1_310' title='bbox 527 4117 640 4186; x_wconf 80' lang='lat' dir='ltr'><strong>lyb.</strong></span> <span class='ocrx_word' id='word_1_311' title='bbox 680 4119 730 4171; x_wconf 94' lang='lat' dir='ltr'>X</span> <span class='ocrx_word' id='word_1_312' title='bbox 767 4135 812 4173; x_wconf 89' lang='lat' dir='ltr'><strong><em>c.</em></strong></span> <span class='ocrx_word' id='word_1_313' title='bbox 851 4125 886 4171; x_wconf 87' lang='lat'>4</span> <span class='ocrx_word' id='word_1_314' title='bbox 922 4117 1053 4188; x_wconf 78' lang='grc' dir='ltr'><strong><em>περὶ</em></strong></span> <span class='ocrx_word' id='word_1_315' title='bbox 1089 4118 1471 4188; x_wconf 78' lang='grc' dir='ltr'><strong><em>στρατηγικῶν</em></strong></span> <span class='ocrx_word' id='word_1_316' title='bbox 1508 4134 1647 4172; x_wconf 90' lang='lat' dir='ltr'>corr.</span> <span class='ocrx_word' id='word_1_317' title='bbox 1686 4117 1961 4171; x_wconf 78' lang='lat' dir='ltr'>Kusterus</span> 
     </span>
    </p>

    <p class='ocr_par' dir='ltr' id='par_1_8' title="bbox 516 4191 2811 4346">
     <span class='ocr_line' id='line_1_41' title="bbox 659 4191 2811 4267; baseline -0.003 -15"><span class='ocrx_word' id='word_1_318' title='bbox 659 4198 789 4252; x_wconf 87' lang='lat' dir='ltr'>XIII</span> <span class='ocrx_word' id='word_1_319' title='bbox 825 4198 978 4253; x_wconf 75' lang='lat' dir='ltr'><strong><em>Eud.</em></strong></span> <span class='ocrx_word' id='word_1_320' title='bbox 1018 4216 1072 4267; x_wconf 90' lang='lat' dir='ltr'><strong><em>p.</em></strong></span> <span class='ocrx_word' id='word_1_321' title='bbox 1115 4202 1241 4265; x_wconf 79' lang='lat'><em>1183</em></span> <span class='ocrx_word' id='word_1_322' title='bbox 1281 4197 1351 4252; x_wconf 88' lang='lat' dir='ltr'>de</span> <span class='ocrx_word' id='word_1_323' title='bbox 1389 4213 1457 4252; x_wconf 89' lang='lat' dir='ltr'>eo</span> <span class='ocrx_word' id='word_1_324' title='bbox 1494 4197 1563 4253; x_wconf 80' lang='lat' dir='ltr'><strong><em>cf.</em></strong></span> <span class='ocrx_word' id='word_1_325' title='bbox 1602 4195 1859 4251; x_wconf 87' lang='lat' dir='ltr'>Meineke</span> <span class='ocrx_word' id='word_1_326' title='bbox 1896 4196 1922 4248; x_wconf 96' lang='lat' dir='ltr'><strong><em>I</em></strong></span> <span class='ocrx_word' id='word_1_327' title='bbox 1957 4213 2011 4264; x_wconf 92' lang='lat' dir='ltr'><strong><em>p.</em></strong></span> <span class='ocrx_word' id='word_1_328' title='bbox 2052 4201 2155 4249; x_wconf 83' lang='lat'><strong><em>249</em></strong></span> <span class='ocrx_word' id='word_1_329' title='bbox 2194 4212 2306 4264; x_wconf 89' lang='lat' dir='ltr'>seq.</span> <span class='ocrx_word' id='word_1_330' title='bbox 2488 4193 2569 4247; x_wconf 83' lang='lat' dir='ltr'><strong><em>Cf.</em></strong></span> <span class='ocrx_word' id='word_1_331' title='bbox 2606 4191 2811 4248; x_wconf 89' lang='lat' dir='ltr'>Athen.</span> 
     </span>
     <span class='ocr_line' id='line_1_42' title="bbox 516 4271 2809 4346; baseline -0.001 -15"><span class='ocrx_word' id='word_1_332' title='bbox 516 4278 648 4331; x_wconf 86' lang='lat' dir='ltr'>XIII</span> <span class='ocrx_word' id='word_1_333' title='bbox 685 4296 736 4346; x_wconf 87' lang='lat' dir='ltr'><strong><em>p.</em></strong></span> <span class='ocrx_word' id='word_1_334' title='bbox 778 4284 880 4332; x_wconf 82' lang='lat'><strong><em>567</em></strong></span> <span class='ocrx_word' id='word_1_335' title='bbox 919 4281 976 4332; x_wconf 85' lang='lat' dir='ltr'>et</span> <span class='ocrx_word' id='word_1_336' title='bbox 1009 4282 1111 4332; x_wconf 86' lang='grc'><strong><em>568</em></strong></span> <span class='ocrx_word' id='word_1_337' title='bbox 1259 4285 1326 4331; x_wconf 80' lang='lat'><strong><em>25</em></strong></span> <span class='ocrx_word' id='word_1_338' title='bbox 1365 4274 1611 4339; x_wconf 84' lang='grc' dir='ltr'><strong><em>Εὔνικος</em></strong></span> <span class='ocrx_word' id='word_1_339' title='bbox 1646 4277 1923 4330; x_wconf 69' lang='grc' dir='ltr'><strong><em>Καειενιιε</em></strong></span> <span class='ocrx_word' id='word_1_340' title='bbox 1960 4275 2083 4331; x_wconf 86' lang='lat' dir='ltr'>coll.</span> <span class='ocrx_word' id='word_1_341' title='bbox 2126 4277 2335 4332; x_wconf 88' lang='lat' dir='ltr'>Polluc.</span> <span class='ocrx_word' id='word_1_342' title='bbox 2369 4275 2437 4341; x_wconf 90' lang='lat' dir='ltr'><strong><em>X,</em></strong></span> <span class='ocrx_word' id='word_1_343' title='bbox 2475 4291 2520 4327; x_wconf 88' lang='lat' dir='ltr'><strong><em>c.</em></strong></span> <span class='ocrx_word' id='word_1_344' title='bbox 2560 4279 2629 4327; x_wconf 79' lang='lat'><strong><em>24</em></strong></span> <span class='ocrx_word' id='word_1_345' title='bbox 2668 4271 2809 4328; x_wconf 76' lang='grc' dir='ltr'><strong><em>Εὖν.</em></strong></span> 
     </span>
    </p>
   </div>
   <div class='ocr_carea' id='block_1_5' title="bbox 519 4353 821 4427">
    <p class='ocr_par' dir='ltr' id='par_1_9' title="bbox 519 4353 821 4427">
     <span class='ocr_line' id='line_1_43' title="bbox 519 4353 821 4427; baseline 0.003 -19"><span class='ocrx_word' id='word_1_346' title='bbox 519 4353 582 4408; x_wconf 76' lang='grc' dir='ltr'><strong><em>ἐν</em></strong></span> <span class='ocrx_word' id='word_1_347' title='bbox 615 4354 821 4427; x_wconf 78' lang='grc' dir='ltr'><strong><em>Ἀντείᾳ</em></strong></span> 
     </span>
    </p>
   </div>
  </div>
 </body>
</html>
