3025 4892
477 232 483 245 .
541 158 627 221 92
1464 158 1894 219 HESYCHIUS.

717 320 1042 389 GOOXLI.
1126 315 1432 387 Θεανῶ
1507 319 1755 409 Λοκρὶς
1827 319 2082 408 λυρική.
2203 318 2461 411 ᾄσματα
2539 326 2835 411 Λοκρικὰ’

536 426 648 493 καὶ
690 426 875 513 μέλη.
1537 430 1541 435 ’
1993 456 2003 465 ·
2692 466 2695 469 ’

715 533 1080 603 OOOXLII.
1164 538 1663 620 Θεμίστιος
1722 531 2123 620 φιλόσοφος,
2190 534 2486 621 γεγονὼς
2540 536 2644 604 ἐπὶ
2696 541 2815 605 τῶν

537 640 805 728 χρόνων
837 638 1214 708 Ἰουλιανοῦ
1259 642 1380 708 τοί
1429 638 1839 729 παραβάτου,
1884 638 2004 728 ὑφ’
2050 632 2130 709 οὗ
2176 642 2289 709 καὶ
2333 640 2631 731 ὕπαρχος
2671 668 2812 734 προ-

486 768 510 807 5
540 746 799 835 εβλήθη
823 746 1622 827 Κωνσταντινουπόλεως.
1661 750 1953 836 γέγραφε
1981 751 2097 835 τῆς
2119 745 2612 837 Ἀριστοτέλους
2636 772 2811 838 φυσι-

534 859 654 942 κῆς
699 852 1083 944 ἀκροάσεως
1126 852 1562 942 παράφρασιν
1611 856 1684 921 ἐν
1731 858 2019 940 βιβλίοις
2063 853 2157 940 η’,
2215 854 2651 944 παράφρασιν
2690 862 2809 925 τῶν

535 960 956 1031 ἀναλυτικῶν
1004 964 1076 1029 έν
1124 964 1411 1047 βιβλίοις
1454 959 1549 1046 β’,
1596 970 1732 1028 τῶν
1782 957 2265 1029 ἀποδεικτικῶν
2305 964 2377 1031 ἐν
2414 967 2697 1049 βιβλίοις
2726 964 2807 1050 β’,

534 1073 656 1136 τοῦ
715 1071 864 1158 περὶ
923 1071 1142 1155 ψυχῆς
1197 1069 1273 1135 ἐν
1326 1071 1615 1153 βιβλίοις
1664 1066 1719 1149 ζ’
1767 1067 1871 1157 (ἐν
1918 1067 1994 1137 δὲ
2049 1068 2261 1159 τούτῳ
2307 1070 2418 1137 καὶ
2476 1074 2615 1137 ἴδια
2664 1094 2808 1157 παρ-

536 1174 845 1263 εισήγαγε
881 1175 1032 1264 περὶ
1064 1178 1186 1243 τοῦ
1216 1178 1470 1242 σκοποῦ
1500 1174 1611 1241 καὶ
1638 1176 1756 1261 τῆς
1793 1175 2212 1263 ἐπιγραφῆς),
2250 1179 2387 1244 τῶν
2413 1181 2805 1265 κατηγοριῶν

463 1302 514 1341 10
543 1284 617 1351 ἐν
661 1288 901 1374 βιβλίῳ
949 1281 1019 1350 α’
1065 1281 1178 1349 καὶ
1226 1282 1561 1361 διαλέξεις.

714 1391 1104 1459 GGGXLIII.
1197 1388 1879 1476 Θεμιστογένης
1943 1388 2416 1477 Συρακούσιος
2478 1393 2805 1479 ἱστορικός.

538 1496 777 1584 Κύρου
808 1494 1189 1584 Ἀνάβασιν,
1236 1494 1379 1583 ἥτις
1418 1498 1491 1563 ἐν
1528 1508 1669 1576 τοῖς
1703 1498 2145 1583 Ξενοφῶντος
2182 1498 2477 1586 φέρεται,
2513 1500 2623 1567 καὶ
2658 1498 2807 1567 ἄλλα

535 1603 687 1673 τινὰ
734 1604 884 1692 περὶ
930 1606 1047 1691 τῆς
1093 1604 1336 1672 ἑαυτοῦ
1381 1607 1720 1692 πατρίδος.

713 1712 1102 1782 OOOXLIV.
1177 1714 1709 1799 Θεμιστοκλῆς
1758 1706 2118 1797 Ἀθηναῖος
2175 1711 2601 1800 δημαγωγός,
2634 1720 2811 1781 ’Νεο-

457 1835 507 1875 15
533 1820 767 1899 κλέους
811 1818 982 1905 υἱός,
1030 1816 1288 1897 ἄσωτος
1322 1816 1445 1904 τὴν
1491 1816 1763 1907 πρῶτην
1808 1814 2076 1904 ἡλικίαν
2122 1816 2502 1906 γενόμενος,
2548 1818 2707 1908 μετὰ
2750 1820 2813 1887 δὲ

532 1930 738 1995 ταῦτα
787 1922 1151 2013 στρατηγὸς
1197 1927 1527 2014 αἱρεθείς,
1573 1924 1684 1991 καὶ
1729 1929 1955 2014 κτίσας
2000 1922 2121 1991 τὸν
2159 1930 2470 2015 Πειραιᾶ,
2516 1928 2627 1994 καὶ
2670 1954 2813 1995 ναυ-

532 2039 735 2125 μαχία
789 2032 1070 2120 νικήσας
1126 2029 1281 2113 τοὺς
1328 2032 1595 2122 Πέρσας
1637 2030 1802 2100 κατὰ
1849 2038 2236 2120 Σαλαμῖνα,
2291 2033 2401 2100 καὶ
2449 2035 2815 2121 φθονηθεὶς

533 2140 768 2228 φεύγει
813 2137 980 2230 πρὸς
1011 2138 1442 2227 Ἀρταξέρξην
1487 2136 1607 2207 τὸν
1655 2140 1790 2207 τῶν
1837 2142 2125 2226 Περσῶν
2165 2141 2466 2225 βασιλέα,
2510 2141 2623 2209 καὶ
2669 2141 2814 2228 σφό·

534 2252 662 2337 δρα
706 2248 1012 2336 τιμηθεὶς
1057 2246 1168 2316 ὑπ’
1222 2245 1432 2317 αὐτοῦ
1478 2242 1881 2333 ἠναγκάζετο
1929 2244 2089 2333 μετὰ
2135 2248 2341 2314 ταῦτα
2387 2261 2529 2327 τοῖς
2554 2244 2812 2335 ’Ἕλλησι

453 2372 506 2412 20
532 2362 880 2443 πολεμεῖν,
935 2356 1045 2423 καὶ
1101 2354 1188 2443 μὴ
1248 2352 1613 2441 βουληθεὶς
1664 2356 2044 2443 προδοῦναι
2092 2350 2217 2440 τὴν
2262 2357 2550 2441 πατρίδα
2594 2355 2703 2422 καὶ
2745 2350 2809 2421 τὸ

532 2463 774 2531 ἑαυτοῦ
838 2462 1029 2543 κλέος
1088 2460 1403 2549 ταύρειον
1463 2452 1625 2547 αἷμα
1688 2455 1863 2527 πιῶν
1920 2457 2237 2528 άπῶλετο.
2342 2464 2631 2549 ἔγραψεν
2690 2464 2809 2529 ε’πι-

532 2569 770 2649 στολὰς
816 2568 1246 2658 φρονήματος
1292 2565 1641 2654 γεμούσας.

712 2675 1072 2744 OGCXLV.
1149 2672 1596 2760 Θεόγνητος
1641 2672 1945 2759 κωμικός.
2017 2675 2156 2741 τῶν
2205 2673 2562 2761 δραμάτων
2613 2673 2805 2742 αὐτοῦ

533 2786 671 2851 ἐστι
732 2782 973 2869 Φάσμα
1037 2778 1078 2869 ἢ
1142 2782 1595 2869 Φιλάργυρος,
1667 2781 2185 2866 Φιλοδέσποτος,
2252 2782 2664 2870 Κένταυρος,
2727 2777 2805 2857 ὡς

454 2908 505 2947 25
528 2886 889 2977 Ἀθήναιος
935 2890 1008 2956 ἐν
1060 2896 1686 2972 Δειπνοσοφισταῖς.

677 3118 934 3176 OCCXLI
991 3124 1017 3171 1
1068 3114 1316 3187 Λοκρικά
1361 3118 1722 3189 Bernhardy,
1772 3118 1870 3187 qui
1914 3118 1973 3172 in
2019 3117 2261 3173 lectione
2307 3120 2581 3175 librorum
2619 3124 2802 3172 ABVE

532 3196 728 3269 λυρικά
768 3194 804 3269 ἢ
839 3194 1070 3266 ionem&
1111 3190 1362 3253 errorem'
1401 3200 1458 3253 ef,
1496 3187 1947 3253 emendationem
1994 3200 2349 3256 librariorum
2390 3202 2452 3253 in
2488 3219 2657 3255 unum
2693 3216 2804 3253 con-

532 3281 758 3336 fluxisse
797 3279 942 3335 vidit

676 3359 961 3415 CCOXLII
1001 3366 1030 3414 7
1069 3358 1182 3412 τῶν
1217 3353 1635 3413 ἀποδεικτικῶν
1665 3390 1730 3399 -
1762 3355 1820 3429 β’
1852 3375 1959 3414 om.
1996 3362 2161 3431 vala,
2201 3378 2268 3415 ex
2304 3362 2429 3417 Par.
2470 3362 2597 3417 add.
2626 3362 2805 3416 Kaste-

531 3458 630 3496 rus
772 3446 804 3493 8
842 3439 1043 3508 ψυχῶν
1078 3444 1125 3491 V

541 3547 548 3553 ·
676 3519 983 3575 COOXLIII
1021 3520 1170 3575 Eud.
1210 3539 1264 3590 p.
1305 3527 1426 3577 376.
1481 3522 1533 3578 ,V
1537 3537 1691 3576 erum
1720 3514 2005 3577 auctorem
2036 3538 2183 3591 esse,
2222 3522 2313 3577 oui
2340 3523 2648 3593 Xenophon
2675 3523 2802 3575 Ana-

528 3601 694 3656 basin
729 3600 1005 3656 edendum
1042 3599 1386 3655 commiserit
1423 3616 1490 3653 ex
1526 3599 1670 3655 libro
1710 3601 1779 3656 de
1817 3601 2105 3673 Syracusis
2142 3602 2318 3657 efficit
2354 3602 2673 3657 Gutschmid

533 3688 595 3734 11
639 3678 855 3750 ἔγραψε
893 3684 1032 3749 Κυρ.
1071 3680 1242 3749 Eud„
1280 3696 1423 3748 quae
1459 3698 1567 3735 om.
1604 3675 1727 3751 ἥτις
1756 3714 1823 3721 -
1853 3680 2089 3750 φέρεται
2152 3710 2157 3713 -
2245 3688 2308 3737 12
2348 3684 2714 3753 Ξενοφῶντος
2747 3697 2802 3733 ex

528 3760 688 3814 libris
727 3759 840 3814 suis
878 3760 1181 3827 KusteruS,
1219 3762 1386 3815 antea
1422 3761 1719 3830 legebatur
1754 3762 1887 3821 Ξεν.
1920 3756 2263 3831 Ἑλληνικοῖς

670 3839 980 3895 CCCXLIV
1017 3858 1123 3895 om.
1155 3840 1430 3895 Westerm.
1569 3846 1635 3895 21
1678 3842 1865 3896 extare
1902 3840 2073 3896 hodie
2111 3842 2379 3911 epistolas
2416 3860 2560 3910 quae
2598 3837 2798 3896 Themi-

528 3919 720 3975 stoclis
745 3935 951 3975 nomen
979 3920 1323 3976 mentiantur
1348 3921 1569 3976 monuit]
1587 3922 1887 3977 Kusterus:
1927 3922 1995 3977 cf.
2017 3920 2281 3988 Hercher,
2310 3922 2489 3993 Epist.
2512 3941 2566 3991 p.
2591 3928 2685 3978 741
2700 3936 2798 3986 seq.

673 3998 955 4055 CCCXLV
983 4000 1135 4055 Eud.
1156 4020 1210 4070 p.
1231 4007 1353 4070 3⁷4,
1383 4020 1525 4070 quae
1547 4018 1654 4057 om.
1677 3996 1793 4056 ἐστι
1812 4004 1871 4056 et
1890 3997 1964 4063 ὡς
1982 4032 2051 4040 —-
2070 4001 2199 4055 exit.
2236 4003 2507 4057 Tracssant
2523 3998 2800 4057 Meinekel

527 4100 582 4150 p.
613 4088 735 4151 487,
772 4081 960 4151 Daub,
999 4082 1069 4135 de
1105 4081 1257 4135 Suid.
1287 4100 1342 4151 p.
1371 4088 1476 4137 484
1627 4088 1697 4136 24
1734 4081 1813 4137 cf.
1853 4081 2057 4156 Athen.
2098 4082 2175 4135 ΙΙΙ
2212 4101 2266 4151 p.
2309 4089 2437 4153 104,
2474 4083 2576 4137 XV
2612 4102 2665 4152 p.
2694 4086 2800 4147 671,

529 4162 656 4215 XIV
683 4180 737 4230 p.
769 4168 897 4229 616,
937 4162 1034 4215 sed
1063 4162 1384 4216 comoediae
1413 4159 1738 4231 Κένταυρος
1770 4163 1918 4231 apud
1953 4162 2303 4218 Athenaeum
2332 4164 2548 4217 nullam
2584 4160 2801 4217 mentio-

526 4256 657 4294 nem
684 4240 820 4294 inici
850 4240 996 4295 vidit
1020 4241 1382 4312 Bernhardy,
1418 4242 1652 4297 Suidam
1676 4244 1864 4313 ipsum
1892 4243 2169 4298 effinxisse
2195 4245 2363 4313 putat
2388 4244 2577 4310 Raab,
2616 4240 2802 4312 Lyncei

529 4318 782 4372 fabulam
817 4318 989 4374 fuisse
1027 4320 1192 4374 docet
1229 4320 1481 4374 Meineke
