3025 4892
1085 196 1666 270 PROLEGOMENA.
2364 217 2511 274 LVII

191 383 338 446 lum
381 405 541 447 num
579 381 904 465 Hesychio
941 381 1208 466 praesto
1247 373 1468 461 fuerit,
1516 379 1799 446 dubium.
1872 379 2254 466 Ambigitur
2292 385 2509 446 autem

191 489 274 552 de
307 489 366 552 L
382 510 425 572 y
441 488 780 553 simacho
797 487 846 574 ¹)
860 540 878 572 ‚
906 509 1098 573 quem
1125 485 1356 552 laudat
1381 485 1676 554 Eudocia
1701 511 1759 554 v.
1789 482 2255 570 Διογενιανός,
2284 511 2509 573 quam·

193 618 408 679 quam
465 599 532 662 et
576 596 714 678 ipse
757 595 838 660 de
883 594 1200 660 Heraclea
1255 593 1527 661 Pontica
1586 595 1951 680 disputasse
2006 592 2273 660 videtur.
2364 593 2507 660 Hoc

193 702 304 764 vel
349 702 436 766 iis
484 701 726 766 dictum
773 723 914 766 esse
961 702 1140 785 volo,
1187 701 1296 786 qui
1335 702 1414 768 ad
1461 724 1661 768 unum
1706 701 1955 768 fontem
2001 721 2257 766 omnem
2302 699 2507 785 Hesy-

192 808 338 872 chii
391 807 754 874 doctrinam
802 808 1094 894 redigere
1141 808 1432 874 tendant.

391 915 703 996 Attamen
751 936 1010 998 caveae,
1061 938 1143 980 ne
1193 916 1429 999 omnia,
1482 936 1647 1000 quae
1693 915 1773 979 de
1816 913 2031 998 patria
2076 918 2413 980 auctorum
2468 937 2509 980 a

191 1019 606 1106 Biographis
644 1019 908 1086 Graecis
958 1025 1330 1106 narrantur,
1375 1022 1458 1088 ad
1504 1043 1615 1087 eos
1664 1043 1825 1106 quos
1874 1021 2246 1086 enumeravi
2291 1021 2507 1086 fontes

193 1127 488 1209 referas,
543 1149 696 1192 nam
753 1128 1027 1212 exempli
1071 1127 1284 1212 gratia
1330 1128 1529 1194 etiam
1578 1127 2117 1211 Asclepiadem
2176 1127 2505 1212 Myrlea-

194 1255 382 1298 num
441 1233 510 1298 in
564 1234 731 1299 libro
787 1232 936 1318 περὶ
991 1235 1466 1319 γραμματικῶν
1522 1233 1843 1300 interdum
1898 1234 1976 1299 de
2032 1235 2249 1319 patria
2300 1233 2507 1298 fusius

197 1341 588 1425 disputasse
633 1341 948 1425 probatur
994 1342 1132 1407 vita
1178 1341 1368 1406 Arati
1414 1341 1511 1406 ed.
1547 1339 1893 1407 Westerm.
1920 1365 1982 1426 p.
2010 1343 2116 1425 52,
2143 1343 2203 1406 5.
2278 1341 2507 1418 Quam-

198 1448 436 1512 obrem
493 1447 712 1530 Daub‚
777 1447 855 1513 de
911 1446 1085 1514 Suid.
1135 1470 1196 1531 p.
1233 1448 1364 1522 459
1412 1446 1807 1531 Hesychium
1862 1449 2138 1514 alterum
2194 1448 2271 1512 de
2322 1447 2508 1512 Arati

197 1555 428 1637 patria
485 1554 730 1620 fontem
789 1552 1162 1640 (Philonem
1207 1554 1587 1640 Byblium‘?)
1644 1554 2015 1620 adhibuisse
2072 1554 2305 1620 merito
2360 1574 2509 1620 con·

203 1662 427 1724 clusit.
439 1658 494 1746 ²)
541 1660 634 1726 At
661 1661 733 1726 in
773 1661 920 1726 aliis
959 1660 1182 1728 forsan
1209 1661 1360 1726 vitis
1391 1661 1675 1726 eiusdem
1706 1660 2113 1746 Asclepiadis
2148 1661 2509 1726 doctrinam

211 1766 574 1850 aliquando
621 1768 690 1832 in
733 1769 940 1832 lucem
988 1766 1394 1851 prodituram
1441 1789 1583 1832 esse
1630 1767 1879 1852 op‘nor.

391 1872 736 1957 Hermip
753 1873 836 1958 pi
900 1872 1262 1957 Berytii‚
1327 1872 1623 1940 Philonis
1690 1872 1979 1958 aequalis
2052 1875 2119 1936 et
2191 1872 2510 1956 discipuli,
2554 1882 2594 1959 ξ
2631 1878 2671 1943 5

202 1977 364 2064 περὶ
403 1981 540 2044 τῶν
577 1978 650 2044 ἐν
689 1981 956 2068 παιδείᾳ
993 1977 1519 2065 διαλαμψοίντων
1555 1975 1824 2046 δούλων
1861 1979 2027 2044 liber
2066 1978 2149 2042 ab
2177 1977 2507 2062 Hesychio

200 2087 518 2152 laudatur
564 2082 940 2171 ν.”Αβρων,
969 2082 1258 2170 Ἴστρος,
1305 2085 1723 2170 Παρθένιος,
1772 2088 1853 2152 ab
1902 2087 2120 2170 Etym.
2158 2085 2249 2148 Μ.’
2271 2109 2332 2169 p.
2366 2088 2510 2171 118,

209 2195 294 2257 14
360 2215 418 2256 v.
469 2186 814 2277 Ἀπάμεια,
882 2215 1074 2277 quem
1131 2193 1345 2257 locum
1401 2173 1564 2258 corr.
1616 2192 2181 2276 Hemsterhusius‚
2244 2214 2373 2276 qua
2430 2192 2509 2258 de

203 2299 370 2363 urbe
433 2299 836 2384 Hesychium
904 2299 970 2364 in
1041 2299 1175 2363 vita
1234 2298 1570 2363 Parthenii
1640 2299 2009 2384 disputasse
2074 2303 2331 2364 constat
2394 2299 2507 2384 (cf.

203 2404 456 2468 Annal.
492 2405 650 2490 phil.
695 2406 864 2470 1880
901 2429 960 2489 p.
998 2405 1123 2470 831
1175 2403 1424 2492 not.).³)
1518 2404 1935 2470 Luculentius
2001 2411 2246 2488 autem,
2312 2429 2506 2490 quam

169 2529 174 2532 ·
203 2512 489 2576 aliorum
539 2515 874 2577 auctorum
910 2510 1254 2596 Hermippi
1291 2512 1573 2599 vestigia
1612 2513 1680 2576 in
1717 2513 1872 2578 vitis
1910 2511 2337 2596 Hesychianis
2376 2512 2506 2577 eni-

199 2622 494 2701 tescunt,
539 2639 666 2702 quo
716 2617 973 2702 quidem
1021 2618 1122 2702 fit,
1168 2622 1242 2682 ut
1286 2621 1608 2702 quotquot
1653 2622 1805 2682 sunt
1848 2617 2219 2702 fragmenta
2265 2619 2401 2683 eius
2438 2618 2507 2682 in

203 2725 364 2788 vitis
419 2725 753 2789 enucleare
806 2724 1151 2808 possimus·
1250 2724 1436 2801 Quod
1494 2723 1781 2788 officium
1836 2723 2183 2808 diligenter
2235 2724 2508 2809 perfecit

201 2829 664 2912 Wachsmuth,
693 2829 912 2914 Symb.
942 2829 1149 2894 Bonn.
1177 2851 1238 2914 p.
1273 2831 1397 2894 139
1421 2828 1637 2915 seq.4),
1665 2831 1785 2895 has
1813 2832 2065 2916 glossas
2094 2853 2506 2898 enumerans:

183 2933 484 3021 ”Λβρων,
532 2938 876 3021 Αἰσχίνης,
933 2942 1244 3015 Αἴσωπος
1289 2937 1567 3022 Σάμιος,
1609 2932 2038 3021 Ἀλέξανδρος
2076 2931 2111 3003 ὁ
2150 2934 2508 3021 Μιλήσιος,

195 3039 522 3126 Ἀλκμάν,
573 3038 986 3127 Ἀντίμαχος,
1026 3039 1456 3128 Ἀντιφάνης,
1498 3040 1775 3126 Ἀπίων,
1816 3038 2301 3128 Ἀριστογένης,
2342 3039 2505 3129 Ἀρι·

202 3146 575 3234 στοφᾶνης,
625 3146 987 3234 Διαγόρας,
1028 3146 1532 3236 Ἐπαφρόδιτος,
1574 3145 1973 3236 Ἐπίκτητος,
2011 3147 2302 3236 Ἑρμίας,
2347 3147 2504 3216 Θεό-

207 3257 453 3340 δωρος,
486 3250 876 3341 Ἰάμβλιχός,
893 3253 1177 3342 Ἴστρος,
1214 3261 1585 3340 Καικίλιος,
1626 3256 2057 3344 Μεσομήδης,
2094 3257 2505 3342 Μεταγένης,

211 3359 626 3445 Παρθένιος,
666 3369 1020 3448 Περσαῖος,
1055 3359 1339 3447 Ῥιανός,
1386 3360 1767 3448 Σιβύρτιος,
1814 3364 2205 3449 Τιμαγένης,
2249 3368 2505 3449 Τυραν-

211 3470 456 3544 νίωνες
499 3469 651 3550 duo,
715 3472 1022 3555 Φαίδων,
1075 3467 1456 3555 Φιλόξενος,
1508 3471 1807 3557 Φλέγων,
1861 3468 2147 3558 Φόρμος,
2195 3475 2506 3556 Χοιρίλος

211 3568 492 3657 Σάμιος.
551 3574 857 3660 Expunxi
894 3599 972 3644 ex
1009 3577 1218 3642 indice
1265 3579 1350 3662 gl.
1387 3579 1703 3656 Αἴσωπος
1748 3573 2138 3662 ἆναγώστης
2175 3601 2251 3642 ex
2287 3577 2503 3643 Ptole-

361 3805 413 3870 1)
460 3799 593 3855 cod.
642 3798 788 3855 κατὰ
826 3804 1178 3873 Λυσίμαχον,
1225 3804 1384 3858 cuius
1429 3805 1554 3860 loeo
1592 3806 1835 3862 conicias
1882 3803 2027 3860 κατὰ
2065 3804 2376 3877 Σύμμαχον
2414 3807 2505 3861 vel

217 3875 364 3934 κατὰ
395 3881 685 3934 Λυσανίαν
715 3880 786 3933 al.
853 3881 978 3936 Nisi
1011 3899 1048 3936 a
1073 3882 1386 3938 litterarum
1424 3885 1606 3940 forma
1640 3886 1806 3941 nimis
1842 3887 2078 3955 recedit,
2118 3882 2262 3940 κατὰ
2303 3887 2503 3939 Καλλί-

219 3978 459 4028 στρατον
489 3959 757 4029 scriptum
788 3960 957 4015 fuisse
988 3961 1259 4030 suspicer,
1289 3979 1416 4016 cum
1445 3965 1514 4017 de
1544 3965 1818 4020 Heraclea
1844 3965 2081 4020 Pontica
2106 3969 2322 4036 agatur.

362 4043 416 4109 2)
455 4039 706 4095 Timonis
734 4040 972 4097 Phliasii
1007 4043 1187 4110 totam
1225 4042 1401 4098 vitam
1437 4043 1506 4097 de
1544 4044 1780 4099 Philone
1812 4045 2009 4113 Byblio
2044 4046 2286 4114 pendere
2325 4045 2501 4113 suspi-

217 4121 376 4174 catus
411 4123 500 4176 est
534 4119 937 4190 Wilamowitz,
986 4123 1248 4193 Antigon.
1289 4140 1398 4178 von
1431 4123 1563 4178 Kar.
1602 4141 1656 4192 p.
1686 4129 1751 4177 31
1791 4125 1907 4177 not.
1982 4123 2143 4188 Quod
2180 4139 2281 4177 nec
2316 4123 2503 4178 refelli

223 4217 330 4255 nec
372 4200 597 4269 probari
631 4203 836 4270 potest.

362 4283 416 4348 3)
453 4281 795 4348 Magnopere
832 4280 1005 4350 igitur
1044 4283 1251 4338 erravit
1285 4281 1489 4337 Muller
1528 4282 1603 4334 111
1642 4299 1696 4350 p.
1728 4286 1791 4335 51
1825 4281 1897 4335 al.

363 4363 414 4424 4)
452 4357 533 4414 cf.
571 4358 745 4412 etiam
783 4358 1015 4428 Steffen,
1055 4361 1124 4416 de
1163 4377 1374 4418 canona
1413 4363 1499 4416 Al.
1529 4379 1583 4431 p.
1616 4367 1647 4416 7
1675 4362 1793 4429 not.
