3025 4892
549 219 600 282 X
1417 218 1973 275 PROLEGOMENA

549 386 772 468 gestas
822 405 982 466 non,
1037 386 1111 447 ut
1157 382 1282 447 sibi
1337 387 1791 468 proposuerat,
1850 370 2119 468 prorsus
2166 383 2526 449 absolvisse
2583 387 2784 470 patet.
2800 384 2851 469 ¹)

549 488 739 554 Unde
779 489 834 555 si
863 487 1268 572 Hes-ychium
1305 488 1653 555 Iustiniani
1692 493 1906 556 aetate
1936 491 2036 556 vel
2072 491 2268 574 paulo
2313 493 2467 576 post
2514 491 2854 576 scripsisse

549 597 712 662 satis
776 596 1203 680 probabiliter
1279 597 1659 663 concludere
1724 599 1824 663 fas
1892 603 2019 683 est,
2088 599 2296 663 altero
2361 598 2556 663 inniti
2621 620 2851 683 possu-

549 725 692 768 mus
737 704 880 769 loco
924 701 1338 770 Constantin.
1375 704 1695 790 Porphyr.
1743 705 1820 770 de
1856 705 2156 770 Themat.
2193 705 2303 770 lib.
2339 704 2399 790 I,
2436 706 2479 770 2
2526 699 2683 771 οὔτε
2718 701 2851 792 γὰρ

547 805 934 895 Προκόπιος
991 805 1145 875 οὔτε
1192 809 1599 897 Μένανδρος
1652 810 1792 896 (qui
1846 811 2187 876 historiam
2251 833 2573 877 annorum
2620 811 2850 879 558-
2910 859 2913 864 -

547 918 680 982 582
728 915 1019 1004 scripsit)
1069 912 1220 982 οὔτε
1258 912 1628 1003 Ἡσύχιος
1667 913 2201 1002 Ἰλλούστριος
2244 914 2702 1002 ἐμνημόνευσε
2738 917 2851 984 καὶ

544 1019 862 1090 τοιούτου
910 1017 1270 1108 ὀνόματος,
1320 1025 1389 1089 οἱ
1432 1019 1509 1090 τὰ
1558 1020 1839 1109 χρονικὰ
1888 1021 2329 1104 συντάξαντες
2374 1022 2480 1090 ἐπὶ
2525 1026 2643 1110 τῆς
2684 1022 2851 1093 Ἰου-

547 1131 898 1196 στινιανοῦ
944 1132 1280 1214 βασιλείας
1325 1129 1432 1216 (cf.
1478 1131 1592 1198 lib.
1638 1130 1726 1218 II,
1780 1129 1874 1216 8),
1938 1153 2013 1196 ex
2070 1154 2195 1215 quo
2241 1130 2641 1216 Hesychium
2697 1139 2853 1220 post

545 1237 888 1302 Menandri
943 1236 1338 1302 Protectoris
1395 1243 1692 1322 tempora
1746 1239 1984 1304 vixisse
2052 1239 2277 1325 colligi
2332 1243 2571 1323 potest.
2664 1241 2852 1318 Quod

546 1345 604 1411 si
641 1343 989 1411 Iustiniani
1037 1346 1315 1409 aetatem
1352 1343 1581 1409 laudat
1626 1347 1878 1430 auctor,
1925 1345 2022 1409 nil
2058 1345 2187 1409 nisi
2226 1350 2478 1410 sextum
2518 1349 2851 1414 saeculum

544 1451 892 1518 Iustiniani
940 1451 1354 1537 potissimum
1399 1452 1593 1516 rebus
1644 1453 1845 1539 gestis
1893 1453 2287 1518 celebratum
2335 1453 2635 1540 intellegi
2688 1456 2853 1541 vult,

545 1583 691 1626 cum
738 1582 820 1624 ne
865 1558 1292 1624 Menandrum
1340 1558 1597 1644 quidem
1646 1561 1765 1625 sub
1814 1559 2206 1645 Iustiniano,
2254 1560 2367 1626 sed
2415 1561 2536 1625 sub
2576 1561 2846 1628 Tiberio

543 1665 610 1730 II
659 1663 1072 1753 (578-582)
1124 1665 1458 1749 scripsisse
1506 1669 1776 1732 constet.
1851 1665 2037 1732 Unus
2086 1671 2301 1732 autem
2346 1662 2553 1734 r‘estat
2600 1669 2679 1734 de
2716 1669 2849 1735 He-

545 1771 766 1858 sychio
821 1773 1002 1838 locus
1058 1771 1500 1836 memorabilis
1550 1770 1807 1860 Oodim',
1863 1773 1941 1838 de
1989 1775 2150 1860 orig.
2197 1772 2421 1841 Const.
2471 1798 2532 1859 p.
2585 1777 2665 1842 18
2722 1774 2849 1862 (ed.

545 1875 811 1966 Bonn.),
868 1878 981 1942 ubi
1037 1878 1130 1943 ita
1179 1901 1246 1942 se
1303 1861 1603 1944 narrasse
1661 1879 1819 1945 dicit
1866 1883 2114 1964 auctor,
2170 1874 2399 1958 καθώς
2456 1875 2849 1964 ἱστοροῦσιν

545 1978 964 2068 Εὐτυχιανός
1019 2022 1101 2032 -
1157 1982 1268 2050 καὶ
1327 1979 1703 2071 Εὐτρόπιος
1771 1984 1808 2053 ὁ
1865 1983 2186 2072 σοφιστής
2250 2024 2321 2035 -
2382 1983 2718 2067 Ἐλεύσιος
2778 2015 2849 2056 τε

545 2086 862 2168 διάκονος
916 2086 952 2157 ὁ
1012 2088 1388 2176 φιλόσοφος
1434 2130 1517 2140 -
1585 2097 1877 2178 Τρωίλος
1934 2087 1969 2158 ὁ
2027 2089 2247 2179 ῥήτωρ
2308 2131 2382 2140 -
2443 2093 2572 2161 καὶ
2618 2091 2851 2162 Ἡσυ-

541 2223 714 2284 χιος
775 2193 810 2264 ὁ
871 2194 1466 2286 ταχυγράφος.2)
1562 2187 1746 2266 οὗτοι
1806 2196 2049 2277 πάντες
2108 2194 2429 2266 αὐτόπται
2489 2199 2847 2286 γενόμενοι

541 2307 681 2372 τῶν
747 2306 1108 2391 τηνικαῦτα
1181 2306 1624 2392 πραχθέντων
1698 2301 1986 2391 ἀκριβῶς
2056 2304 2245 2372 ταυτὶ
2316 2306 2847 2395 συνεγράψαντο.

543 2411 667 2480 Sed
713 2414 790 2480 de
837 2418 1157 2500 tempore,
1204 2436 1330 2500 quo
1369 2414 1735 2498 Hesychius
1776 2413 2033 2500 vixerit,
2078 2415 2323 2500 pariter
2368 2417 2608 2482 erravit
2654 2414 2847 2482 Codi-

540 2543 663 2586 nus
711 2543 786 2586 ac
835 2521 912 2586 de
955 2520 1190 2605 Troili,
1237 2543 1382 2586 cum
1423 2519 1841 2587 Constantini
1886 2543 1996 2587 eos
2042 2523 2343 2608 aequales
2391 2523 2592 2589 fuisse
2638 2529 2847 2609 putet,

539 2627 605 2692 id
643 2627 814 2712 quod
851 2629 1106 2693 notavit
1143 2628 1377 2694 Mfiller
1411 2627 1507 2693 IV
1546 2652 1607 2713 p.
1644 2631 1711 2713 43
1759 2652 1915 2694 nam
1950 2634 2248 2695 nostrum
2286 2629 2686 2715 Hesychium
2720 2632 2846 2697 Mi-

539 2732 803 2816 lesium,
859 2755 898 2798 a
945 2754 1070 2816 quo
1119 2734 1260 2820 ipse
1307 2734 1374 2798 in
1421 2735 1614 2799 rebus
1664 2733 2409 2821 Constantinopolitanis
2466 2739 2845 2805 enarrandis

539 2841 719 2904 totus
765 2839 1028 2924 pendet,
1075 2863 1220 2906 eum
1259 2841 1619 2924 respexisse
1658 2841 2001 2907 admodum
2051 2844 2189 2908 veri
2236 2843 2450 2910 simile
2498 2848 2615 2912 est.

717 2944 945 3030 Itaque
995 2968 1140 3012 cum
1179 2969 1256 3012 ex
1295 2969 1521 3032 eorum
1558 2951 1920 3033 auctorum,
1968 2951 2077 3033 qui
2117 2951 2194 3014 de
2233 2949 2566 3035 Hesychio
2616 2957 2847 3038 agunt,

540 3052 952 3136 opinionibus
998 3053 1094 3118 nil
1142 3054 1305 3119 certi
1352 3053 1428 3118 de
1476 3053 1600 3119 hac
1647 3055 2023 3138 quaestione
2070 3057 2283 3140 possit
2327 3059 2604 3143 percipi,
2658 3082 2845 3145 prae·

539 3159 949 3230 stantissima
994 3161 1184 3226 nobis
1225 3160 1579 3225 afferuntur
1620 3149 2005 3246 argumenta
2044 3185 2122 3228 ex
2159 3163 2418 3230 illorum
2434 3165 2627 3261 ‘vitis,
2674 3189 2843 3252 quos

537 3267 676 3350 ipse
731 3264 1102 3350 Hesychius
1164 3266 1504 3352 descripsit
1564 3305 1647 3314 —-
1712 3290 1839 3352 qua
1901 3267 1977 3332 de
2038 3291 2106 3334 re
2166 3271 2415 3354 primus
2476 3271 2845 3356 disputavit

539 3371 612 3438 O.
649 3371 1023 3458 Schneider,
1078 3371 1334 3439 Gallim.
1379 3372 1445 3438 II
1490 3397 1553 3458 p.
1600 3376 1683 3439 27
1698 3371 1749 3460 3)
1802 3411 1885 3419 —
1942 3375 2111 3458 inter
2166 3398 2327 3460 quos
2383 3376 2648 3443 Petrum
2698 3377 2843 3443 Ma-

683 3640 734 3706 1)
783 3637 980 3706 Neque
1019 3638 1193 3706 enim,
1242 3635 1378 3706 quid
1415 3636 1603 3702 Daub,
1642 3635 1797 3692 Stud.
1837 3655 1891 3706 p.
1925 3642 2025 3691 151
2072 3643 2187 3695 not.
2227 3641 2296 3695 de
2345 3641 2453 3696 hac
2498 3657 2559 3696 re
2596 3641 2833 3708 iudicet,

532 3717 824 3788 intellego.
2896 3717 2911 3733 '

678 3801 732 3866 2)
769 3797 999 3853 Patrem
1036 3799 1156 3854 eius
1193 3795 1496 3868 ἃικηγόρον
1534 3799 1705 3852 fuisse
1744 3795 1941 3852 Suidas
1978 3799 2185 3853 narrat.

677 3879 732 3948 3)
773 3875 884 3943 Qui
918 3876 1089 3944 hosce
1119 3877 1262 3932 sexti
1289 3877 1496 3932 saeculi
1524 3877 1822 3946 scriptores
1851 3877 2223 3939 enumeravit:
2262 3878 2554 3948 Agathias,
2585 3880 2829 3936 Christo—

534 3958 729 4026 dorus,
779 3957 1080 4028 Coluthus,
1127 3957 1482 4026 Damascius,
1520 3956 1830 4026 Eugenius,
1870 3955 2197 4012 Eustathius
2210 4000 2228 4026 ,
2272 3957 2635 4028 Hermolaus,
2686 3960 2835 4014 Mal-

533 4038 694 4106 chus,
742 4037 1052 4107 Marianus,
1097 4037 1370 4094 Nicolaus
1413 4039 1632 4106 rhetor,
1678 4035 2072 4106 Pamprepius,
2109 4035 2437 4106 Panolbius,
2475 4037 2676 4094 Petrus
2712 4041 2833 4094 Ma—

532 4118 726 4188 gister,
763 4117 1086 4187 Procopius,
1114 4117 1442 4174 Timotheus
1471 4117 1739 4186 Gazaeus,
1770 4115 2159 4187 Tribonianus,
2192 4116 2459 4172 Zosimus.
2496 4115 2618 4172 Nec
2648 4119 2832 4175 minus

531 4201 686 4253 recte
721 4197 874 4253 idem
913 4197 1250 4268 observavit,
1287 4199 1346 4252 in
1380 4197 1579 4268 glossis
1610 4193 1914 4266 Ἆψύρτιος,
1955 4192 2293 4264 Γυμνοέσιος,
2322 4190 2631 4268 Eudonos,
2668 4199 2833 4254 Θέων

531 4276 836 4348 Σιδώνιος,
880 4273 1217 4351 Ἰοὶμβλιχος,
1259 4272 1565 4341 Ἰουλιανὸς
1611 4275 1868 4348 Δόμνου,
1918 4271 2213 4348 Λιβᾶνιος,
2260 4268 2589 4339 Οὐλπιανὸς
2631 4272 2831 4332 ’Avtaeo-

534 4355 694 4428 χεύς,
740 4354 1088 4427 Παλλάδιος,
1139 4358 1366 4420 Παῦλος
1411 4354 1739 4428 Αἰγύπτιος,
1786 4351 2157 4425 Προαιρέσιος
2203 4357 2273 4410 de
2313 4354 2679 4414 Constantino
2723 4359 2832 4414 im-
