3025 4892
583 206 613 267 l
626 204 709 271 70
1501 206 1931 262 HESYCHIUS.

576 368 715 452 φοῦ
773 366 1112 447 Σόλωνος.
1205 363 1240 435 ὃ
1301 366 1376 435 δὲ
1427 366 1673 435 Σόλων
1728 372 1825 447 εἰς
1869 370 2099 455 Νηλέα
2154 365 2473 456 ἀναφέρει
2528 368 2601 437 τὸ
2655 370 2850 455 γένος.

573 472 683 540 καὶ
725 470 1042 558 Ἀρίστων
1104 472 1180 541 δὲ
1236 469 1272 541 ὅ
1322 473 1690 555 Πλάτωνος
1743 473 1957 562 πατὴρ
2015 477 2085 543 ἐκ
2134 478 2257 543 τοῦ
2305 473 2585 563 Κόδρου
2629 477 2853 561 γένους

572 578 920 666 κατήγετο,
975 584 1098 648 τοῦ
1143 578 1522 649 Μελάνθου
1570 585 1747 652 υἱοῦ.
1848 581 2191 669 ἱστόρηται
2258 584 2362 668 δέ,
2421 578 2510 662 ὦς
2566 586 2632 649 ἔκ
2686 609 2853 662 τινος

573 692 765 767 θείας
802 685 1018 768 ὅψεως
1061 684 1104 773 ἡ
1150 679 1364 773 μήτηρ
1405 688 1778 769 Πλάτωνος
1824 694 2057 776 ἔγκυος
2104 691 2386 776 ἐγένετο,
2433 691 2852 777 ἐπιφανέντος

520 813 546 853 5
575 790 740 881 αὐτῇ
796 797 917 861 τοῦ
965 790 1408 873 Ἀπόλλωνος·
1471 796 1583 863 καὶ
1640 793 1838 882 ἡνίκα
1896 800 2070 864 ἔτεκε
2125 794 2245 864 τὸν
2304 795 2665 883 Πλάτωνα,
2718 794 2853 865 τότε

575 895 741 987 αὐτῇ
800 895 835 967 ὁ
894 897 1068 987 ἀνὴρ
1126 902 1539 987 συνεγένετο.
1631 904 1866 989 ἐτέχθη
1938 900 1999 970 δ’
2054 905 2126 970 ἐν
2174 907 2422 991 Αἰγίνῃ
2489 906 2564 972 ἐν
2623 906 2696 991 τῇ
2747 903 2851 990 πη’

574 1003 939 1093 ὀλυμπιάδι
993 1006 1154 1095 μετὰ
1203 1006 1282 1075 τὰ
1329 1014 1647 1097 προοίμια
1692 1014 1816 1077 τοῦ
1852 1015 2496 1096 Πελοποννησιακοῦ
2557 1011 2853 1097 πολέμου,

572 1114 681 1180 καὶ
728 1116 885 1199 ἐβίω
933 1119 1044 1201 ἔτη
1091 1114 1160 1201 β’
1207 1117 1318 1183 καὶ
1364 1115 1455 1184 π’.
1528 1120 1799 1206 τελευτᾷ
1847 1116 1920 1185 δὲ
1967 1116 2072 1185 ἐπὶ
2118 1120 2235 1205 τῆς
2280 1117 2397 1205 ρη’
2436 1115 2850 1204 ὀλυμπιάδος,

574 1220 735 1289 οὐδὲ
789 1220 1008 1309 γάμον
1063 1220 1211 1289 τινὰ
1260 1218 1422 1290 οὐδὲ
1469 1219 1740 1309 ὁμιλίαν
1785 1222 2097 1305 καθάπαξ
2142 1223 2447 1312 σώματος
2494 1229 2591 1305 εἰς
2632 1238 2851 1309 πεῖραν

497 1348 548 1387 10
577 1327 959 1415 δεξάμενος·
1033 1324 1347 1416 εὐωχήθη
1405 1325 1468 1396 δ’
1530 1331 1605 1397 έν
1662 1331 1857 1419 ἑορτῇ
1928 1332 2039 1399 καὶ
2102 1327 2336 1400 ὑπνῶν
2392 1329 2659 1418 άπεβίω.
2754 1333 2853 1399 καὶ

574 1437 785 1522 ἕτεροι
841 1436 918 1505 δὲ
973 1437 1282 1522 ἐγένοντο
1341 1433 1480 1522 μετ’
1536 1434 1745 1505 αὐτὸν
1805 1438 1943 1505 υἱοὶ
1989 1443 2080 1531 τῷ
2134 1436 2480 1526 Ἀρίστωνι
2530 1437 2851 1525 Ἀδείμαν-

465 1532 470 1539 ’
572 1570 684 1622 τος
728 1543 839 1609 καὶ
885 1541 1212 1610 Γλαύκων
1267 1542 1378 1609 καὶ
1425 1542 1715 1630 Ποτώνη
1762 1542 2089 1633 θυγάτηρ.
2185 1546 2297 1613 καὶ
2343 1545 2423 1614 τὰ
2472 1546 2595 1633 μὲν
2640 1550 2849 1634 πρῶτα

573 1648 922 1736 γράμματα
970 1648 1353 1718 διδάσκεται
1398 1649 1576 1738 παρά
1621 1676 1756 1718 τινι
1805 1658 2176 1743 Διονυσίῳ,
2226 1652 2620 1741 ἐγυμνάσθη
2666 1653 2738 1721 δὲ
2781 1652 2850 1719 τὰ

574 1761 667 1836 είς
711 1762 1126 1845 παλαίστραν
1170 1753 1327 1841 παρ’
1365 1754 1710 1846 Ἀρίστωνι
1755 1762 1845 1849 τῷ
1879 1756 2177 1850 Ἀργείῳ·
2225 1758 2363 1829 εἶτα
2401 1759 2647 1849 μαθων
2680 1786 2851 1845 ποιη-

497 1881 549 1921 1⁵
574 1861 767 1949 τικὴν
842 1863 1084 1951 γράφει
1161 1863 1631 1952 διθυράμβους
1701 1866 1812 1931 καὶ
1884 1872 2275 1957 τραγωδίας.
2382 1866 2721 1955 ἀπογνοὺς
2786 1866 2850 1934 δε

573 1970 832 2038 τούτων
889 1969 1340 2057 ἐφιλοσόφησε
1395 1969 1575 2099 παρὰ
1621 1972 1967 2059 Σωκράτει
2019 1975 2124 2042 ἐπὶ
2172 1979 2282 2061 ἔτη
2330 1975 2425 2061 η’·
2516 1977 2628 2043 καὶ
2670 1974 2851 2061 λόγος

574 2081 747 2145 ἰδεῖν
793 2076 1195 2165 Σωκράτην,
1251 2074 1409 2145 καθ’
1470 2104 1557 2164 ην
1614 2075 1871 2165 ἡμέραν
1927 2076 2106 2148 αύτω
2163 2080 2509 2168 παρεδόθη
2559 2080 2848 2165 Πλάτων,

575 2181 828 2251 κύκνον
864 2180 1073 2252 αὑτοῦ
1121 2198 1260 2264 τοῖς
1296 2183 1582 2270 γόνασιν
1625 2150 2143 2273 ἐπικαθήμενόν.
2209 2188 2740 2276 προσηγορεύετο
2786 2188 2849 2255 δὲ

567 2288 1009 2380 Ἀριστοκλῆς,
1058 2290 1170 2359 διὰ
1211 2292 1288 2359 δὲ
1332 2290 1406 2359 τὸ
1455 2290 1706 2371 πλατὺς
1751 2290 1923 2360 εἶναι
1971 2291 2046 2362 τὸ
2094 2295 2377 2382 στέρνον
2425 2295 2710 2363 Πλάτων
2756 2296 2848 2361 ε’π-

493 2415 547 2454 20
575 2396 981 2485 ωνομάσθη,
1047 2396 1238 2466 ἄλλοι
1293 2398 1367 2466 δὲ
1432 2396 1523 2478 ὡς
1584 2398 1842 2467 πλατὺν
1909 2401 1982 2467 ἐν
2037 2398 2263 2486 λόγοις
2318 2399 2653 2469 Πλάτωνα
2712 2409 2848 2485 κλη-

572 2508 800 2591 θῆναι.
892 2505 1034 2592 τρὶς
1081 2504 1152 2571 δὲ
1201 2506 1273 2573 ἐν
1321 2510 1597 2593 Σικελίᾳ
1645 2504 1933 2573 Πλάτων
1982 2498 2149 2592 ἦλθε
2198 2505 2364 2594 πρὸς
2417 2505 2575 2587 τοὺς
2629 2506 2847 2593 τυράν-

573 2638 735 2689 νους
791 2616 1202 2689 Διονυσίους
1264 2611 1374 2677 καὶ
1441 2611 1702 2698 ἐπράθη
1768 2609 1896 2679 ὑπὸ
1964 2616 2083 2680 τοῦ
2147 2612 2513 2698 τυράννου·
2596 2617 2843 2701 ἐπρίατο

573 2716 647 2783 δὲ
703 2714 912 2784 αὐτὸν
968 2713 1328 2802 Ἀννίκερίς
1381 2744 1480 2795 τις
1540 2724 1752 2802 Λίβυς
1808 2720 1919 2785 καὶ
1976 2717 2207 2806 ἀφῆκε.
2310 2721 2595 2807 διέτριβε
2662 2720 2732 2787 δὲ
2784 2722 2845 2786 ἐν

573 2826 651 2910 τῇ
703 2821 1097 2912 Ἀκαδημείᾳ
1146 2822 1517 2907 παιδεύων,
1573 2824 1683 2890 καὶ
1742 2826 2120 2905 διεδέξαντο
2182 2824 2305 2912 τὴν
2364 2824 2614 2913 σχολὴν
2660 2825 2846 2893 αὐτοῦ

493 2951 544 2990 25
574 2926 732 2997 καθ’
799 2930 916 2997 ἕνα
980 2934 1146 2997 οἵδε·
1229 2928 1665 3009 Σπεύσιππος
1710 2932 2159 3019 Ξενοκράτης,
2218 2934 2581 3019 Πολέμων,
2645 2931 2847 3019 Κράν-

573 3064 739 3123 τωρ,
788 3036 1086 3123 Κράτης,
1132 3043 1598 3125 Σωκρατίδης,
1640 3036 2086 3124 Ἀρκεσίλαος,
2135 3038 2471 3125 Λακύδης,
2516 3037 2847 3126 Εὔανδρος

581 3138 922 3227 Φωκαεύς,
973 3145 1259 3229 Δάμων,
1299 3144 1660 3227 Λεοντεύς,
1698 3151 2058 3233 Μοσχίων,
2101 3144 2458 3233 Εὔανδρος
2489 3144 2845 3233 Ἀθηναῖος,

566 3246 996 3335 Ἡγησίνους,
1045 3250 1470 3337 Καρνεάδης,
1521 3250 1899 3338 Χαρμάδας.
1950 3253 2077 3319 είσὶ
2119 3251 2194 3319 δὲ
2242 3256 2312 3320 οἰ
2344 3251 2612 3339 γνήσιοι
2656 3250 2845 3320 αὐτοῦ

576 3355 881 3442 διάλογοι
936 3356 1177 3437 πάντες
1233 3356 1366 3442 νς’,
1431 3349 1528 3425 ὧν
1597 3363 1665 3426 οἰ
1724 3360 1846 3445 μέν
1912 3364 2040 3427 είσι
2104 3365 2607 3445 φυσιολογικοί,
2672 3363 2741 3427 oc
2786 3356 2846 3425 δὲ

495 3484 546 3523 30
573 3461 836 3549 ἠθικοί,
884 3466 954 3531 οί
998 3462 1072 3530 δὲ
1121 3467 1535 3533 διαλεκτικοί.
1616 3466 1727 3533 καὶ
1773 3463 1813 3552 ἡ
1862 3466 1984 3553 μὲν
2029 3472 2326 3534 πολιτεία
2374 3470 2724 3553 διαιρεῖται
2769 3470 2845 3541 εἰς

579 3574 804 3655 βιβλία
845 3568 918 3655 ι’,
967 3574 1036 3638 os
1071 3569 1144 3637 δὲ
1182 3569 1382 3657 νόμοι
1421 3575 1514 3650 εἰς
1554 3570 1665 3657 ιβ’.
1748 3578 2164 3661 τετραλογίαι
2203 3572 2277 3641 δὲ
2325 3572 2549 3641 λοιπαὶ
2593 3572 2690 3640 θ’.

718 3801 750 3848 3
789 3811 906 3863 seq.
947 3794 1276 3863 compilavit
1307 3795 1780 3865 Pseudo-Hesyeh.
1819 3811 1863 3848 e.
1894 3799 1961 3848 55
2107 3800 2141 3847 4
2181 3792 2382 3863 ἔγκυος
2417 3801 2462 3847 A
2500 3796 2630 3849 Hes.
2670 3793 2846 3864 ἔγγυος

574 3875 671 3929 rel.
821 3880 888 3929 10
926 3875 1172 3929 δειπνῶν
1213 3892 1348 3929 corr.
1379 3874 1570 3929 Rohde
1695 3881 1767 3929 ’16
1804 3871 2117 3942 Σωκράτην
2155 3880 2200 3926 A
2274 3872 2369 3933 ἐπὶ
2407 3892 2515 3929 om.
2551 3882 2596 3929 V
2666 3874 2725 3946 η’
2763 3891 2845 3947 pro

574 3951 628 4009 κ’
663 3972 799 4010 corr.
830 3954 1045 4024 Rohde,
1083 3954 1211 4022 περὶ
1251 3953 1293 4009 ἔ.
1334 3952 1391 4009 κ’
1433 3950 1513 4008 ὤν
1546 3955 1716 4008 Daub
1830 3959 1894 4007 18
1933 3951 2140 4009 κύκλον
2168 3960 2262 4007 AB
2373 3962 2443 4009 20
2480 3954 2703 4025 λέγουσι
2736 3957 2847 4026 post

576 4031 854 4088 Πλάτωνα
892 4035 1020 4089 add.
1047 4035 1110 4100 V,
1158 4034 1253 4103 qui
1289 4035 1456 4088 antea
1492 4030 1591 4087 διὰ
1626 4030 1691 4088 τὸ
1738 4032 1956 4089 πλατὺν
1994 4032 2146 4089 εἶναι
2288 4041 2356 4089 26
2394 4038 2759 4106 Σωκρατίδης
2796 4036 2847 4088 ut

477 4125 480 4128 “
574 4114 797 4169 videtur
825 4119 896 4177 A,
937 4111 997 4169 οἷ
1029 4112 1092 4169 δὲ
1130 4111 1473 4181 Σωκράτους
1510 4115 1637 4169 edd.
1673 4116 1839 4181 vett.;
1877 4115 2028 4184 quod
2066 4115 2173 4171 del.
2211 4115 2545 4185 Bernhardy
2581 4116 2847 4186 Σωκρατί-

575 4198 670 4257 ὃες
697 4200 820 4261 BV3
859 4195 929 4250 cf.
970 4196 1244 4249 Bt‘icheler
1277 4215 1329 4265 p.
1365 4202 1428 4249 12
1568 4204 1636 4251 27
1678 4192 1907 4257 Φωκεύς
1934 4195 2097 4265 Diog.
2128 4194 2221 4262 IV,
2251 4201 2321 4249 60
2414 4226 2419 4232 ·
2448 4202 2517 4250 28
2554 4193 2846 4267 Χαρμάδας

575 4292 712 4329 corr.
749 4276 1191 4330 Hemsterhusius
1228 4272 1500 4344 Ἇρμάὸας
1532 4279 1676 4345 vuly.
1858 4282 1925 4331 29
1975 4274 2082 4330 εἰσι
2122 4274 2249 4329 add.
2287 4279 2332 4325 A
2504 4282 2574 4331 30
2611 4272 2845 4343 πολιτικὴ

577 4356 726 4409 Eud.
874 4360 939 4408 31
980 4358 1360 4423 τερατολογίαι
1400 4362 1671 4411 ABVEH
1698 4358 1852 4413 Eud.
1892 4357 2299 4425 παρατολογίαι
2335 4358 2455 4409 Ald.
