3025 4892
612 231 696 299 58
1531 235 1956 290 HESYCHIUS.

610 398 905 481 ίστορίας
941 394 1213 478 τοπικὰς
1251 400 1322 466 ἐν
1365 402 1654 484 βιβλίοις
1693 397 2217 489 ς’,Ιοίκουμένης
2250 396 2666 485 περιήγησιν,
2716 401 2863 464 ἱστο-

613 506 761 588 ρίας
802 508 1230 592 παιδευτικῆς
1274 511 1502 592 βιβλία
1550 504 1655 597 ιἸ.

790 612 1132 680 CCXXIII.
1212 613 1727 694 Διονύσιος
1775 610 2299 702 Ἀλεξανδρείας,
2353 603 2435 681 οὗ
2491 603 2691 698 εὖρον
2730 609 2865 679 ὑπό-

610 744 838 805 μνημα
884 724 979 798 είς
1022 718 1144 788 τὸν
1193 717 1669 808 ἐκκλησιαστὴν
1716 721 2165 806 Σολομῶντος
2208 725 2365 786 λίαν
2396 716 2751 805 .εὐφραδε’ς.

559 843 585 882 ⁵
791 827 1137 914 CCXXIV.
1229 832 1775 915 Διοσκορίδης
1834 825 2271 913 Ἀναζαρβεὺς
2334 825 2591 912 ἰατρός,
2663 823 2697 892 ὃ
2760 827 2866 892 ἑπι-

609 934 903 1019 κληθεὶς·
942 939 1168 1016 Φακᾶς
1224 934 1336 1002 διὰ
1392 932 1548 1015 τοὺς
1604 935 1709 1002 ἐπὶ
1762 937 1879 1020 τῆς
1927 932 2146 1014 ὅψεως
2190 932 2464 1020 φακούς.
2560 935 2765 1018 συνῆν
2810 929 2867 996 δὲ

611 1039 1007 1132 Κλεοπάτρα
1033 1042 1159 1110 ·ἐπὶ
1190 1040 1575 1128 Ἀντωνίου,
1620 1041 1730 1110 καὶ
1768 1043 2130 1127 γέγραπται
2170 1036 2350 1133 αὐτῷ
2388 1045 2615 1126 βιβλία
2650 1039 2773 1124 κδ’,
2804 1036 2866 1104 τὰ

611 1143 826 1214 πάντα
875 1147 1134 1232 ἰατρικὰ
1180 1149 1559 1236 περιβόητα.

792 1255 1105 1325 CCXXV.
1179 1265 1245 1324 A
1257 1256 1479 1325 ιοσκό
1494 1284 1666 1343 ριος
1702 1263 2017 1342 Μυραΐος
2062 1253 2536 1342 γραμματικός,
2586 1251 2869 1340 [ὕπαρχος

533 1377 585 1416 10
615 1360 868 1440 πόλεως
922 1363 1031 1429 καὶ
1086 1368 1543 1450 πραιτωρίων,
1605 1360 1640 1431 ὁ
1704 1361 1978 1443 διδάξας
2029 1359 2147 1440 τὰς
2189 1362 2571 1448 θυγατέρας
2617 1361 2868 1438 Λέοντος

608 1471 731 1535 τοῦ
777 1470 1099 1554 βασιλέως
1144 1471 1218 1537 ἐν
1266 1475 1656 1561 Βυζαντίῳ]

789 1587 1135 1653 CCXXVI.
1229 1591 1448 1655 Δίων
1503 1584 1899 1673 Ἱππαρίνου
1962 1585 2462 1672 Συρακούσιος,
2528 1584 2869 1670 φιλόσοφος

609 1691 1064 1778 Πλατωνικός,
1111 1697 1232 1761 τοῦ
1270 1699 1581 1771 Σικελίας
1616 1693 1961 1783 τυράννου
1998 1697 2378 1761 Διονυσίου
2413 1696 2539 1761 τοῦ
2575 1692 2869 1776 προτέρου

607 1804 726 1886 τῆς
768 1803 1054 1887 γαμετῆς
1084 1798 1556 1888 Ἀριστομάχης
1601 1799 1914 1888 ἀδελφός,
1963 1796 2037 1880 ὃς
2068 1801 2179 1867 καὶ
2210 1799 2526 1887 ἐκράτησε
2564 1804 2679 1886 τῆς
2712 1806 2872 1865 Σικε-

528 1914 753 2002 15.λίας
797 1912 1218 1994 τυραννίδος,
1267 1907 1566 1993 ἐκβαλὼν
1610 1905 1730 1977 τὸν
1775 1911 1898 1976 τοῦ
1945 1907 2272 1991 προτέρου
2318 1912 2695 1976 Διονυσίου
2742 1904 2869 1973 υἱὸν

611 2013 1016 2100 Διονύσιον,
1079 2006 1164 2083 οὗ
1217 2015 1421 2083 πάλιν
1475 2011 1769 2100 ἀδελφὸς
1815 2021 2103 2093 Νισαῖος
2158 2015 2420 2100 ἐξέβαλε
2469 2019 2706 2082 Δίωνα
2745 2015 2869 2080 τοῦ·

606 2149 746 2192 τον.
803 2111 1124 2209 ’ἔγραψεν
1174 2122 1522 2201 ἐπιστολὰς
1568 2121 1734 2206 πρὸς
1779 2119 2112 2189 Πλάτωνα
2157 2121 2268 2188 καὶ
2315 2119 2521 2202 ἄλλας
2568 2120 2763 2201 τινάς.

752 2327 779 2376 1
818 2319 1108 2391 γέγραφεν
1143 2317 1393 2386 ἰστορίαν
1431 2320 1583 2374 Eud.
1621 2313 1859 2378 τοπικὰς
1902 2320 2142 2388 suspect.
2175 2318 2571 2389 Bernhardyo‚
2610 2319 2702 2388 qui
2735 2316 2869 2384 flagi-

606 2402 754 2458 tavit
799 2398 1167 2470 συμποτικάς,
1204 2397 1442 2464 τοπικὰς
1475 2401 1668 2454 tuetur
1698 2400 1894 2464 Daub3
1931 2400 2084 2454 idem
2123 2400 2452 2470 opusculum
2492 2416 2613 2454 esse
2652 2416 2767 2454 cum
2800 2412 2868 2461 so,

607 2483 756 2552 quod.
795 2481 982 2551 Steph.
1013 2481 1143 2549 Byz.
1183 2483 1254 2547 (v,
1299 2475 1878 2549 Ταρσὸς)’Διονύσιος
1923 2475 1953 2534 ὁ
1998 2480 2151 2547 Θρᾶξ
2202 2477 2264 2534 ἐν
2309 2480 2385 2552 τῷ
2430 2479 2560 2547 περὶ
2598 2475 2762 2548 Ῥόδῳ
2804 2475 2868 2528 di-

606 2563 773 2631 xerit,
813 2563 1005 2616 monet
1033 2561 1352 2614 Gutschmid
1391 2557 1629 2626 ἷστοριάι
1665 2562 2035 2614 παιδευτικαί
2054 2579 2167 2615 non
2194 2560 2443 2615 diversas
2474 2575 2598 2614 esse
2628 2576 2661 2612 a
2694 2553 2869 2614 κύκλος

609 2636 885 2707 ἱστορικός
923 2643 996 2709 (v.
1034 2660 1086 2694 n.
1126 2643 1252 2706 221)
1289 2640 1385 2708 qni
1425 2638 1612 2692 Samio
1650 2638 1889 2708 dandus,
1926 2640 2072 2696 vidit
2110 2641 2376 2705 Welcker,
2412 2639 2517 2709 Ep.
2558 2640 2708 2706 cycl.
2743 2657 2790 2707 p.
2820 2639 2869 2689 75

609 2729 636 2776 1
681 2722 868 2793 βιβλία
907 2719 964 2786 ἕξ
1001 2723 1144 2790 vuly.
1176 2721 1324 2776 Eud.
1368 2719 1565 2788 scripsi
1602 2736 1726 2773 cum
1755 2726 1855 2774 Av
1965 2727 1996 2774 2
2038 2718 2254 2788 οἶκονμ.
2294 2738 2514 2786 περιηγ.
2554 2719 2629 2772 ad.
2664 2718 2871 2772 Alexan-

609 2803 856 2868 drinum,
899 2800 1094 2856 Glauci
1132 2802 1335 2867 filium,
1374 2802 1626 2868 spectare
1664 2799 1811 2854 viditz
1840 2801 2065 2855 Maller.
2116 2800 2436 2854 Gutschmid
2472 2798 2613 2853 duos
2650 2799 2873 2852 auctores

606 2882 962 2951 perturbatos
999 2899 1115 2937 esse
1153 2883 1367 2947 monet,
1407 2898 1547 2949 quos
1586 2880 1664 2933 sic
1703 2880 2130 2950 distinguendos
2166 2879 2357 2948 putat:
2409 2873 2709 2938 Διονύσιος
2742 2878 2870 2929 Μου-

607 2965 812 3017 σωνίου
855 2958 1109 3030 ΙῬόδιος
1153 2957 1188 3032 ἢ
1241 2965 1249 3030 1
1296 2959 1536 3030 Σάμιος,
1584 2955 1874 3028 ἱστορικός.
1927 2963 1935 3026 Ι
1986 2951 2057 3027 ἦν
2105 2956 2169 3014 δὲ
2218 2958 2317 3013 καὶ
2354 2954 2542 3024 ἱερεὺς
2578 2957 2677 3011 τοῦ
2716 2951 2869 3010 ἐκεῖσε

609 3040 762 3109 ἷεροῧ
799 3043 898 3097 τοῦ
939 3039 1144 3098 Ἡλίου.
1223 3037 1505 3110 ἱστορικὰς
1548 3037 1784 3103 τοπικὰς
1832 3037 1894 3096 ἐν
1943 3041 2173 3111 βιβλίοις
2214 3037 2288 3104 ἔξ.
2332 3041 2340 3106 Ι
2383 3036 2630 3105 ἱστορίας
2664 3037 2871 3089 παιδευ-

609 3123 768 3193 τικῆς
806 3125 992 3193 βιβλία
1030 3121 1064 3178 ι’

752 3203 1024 3259 CCXXIII
1055 3222 1162 3260 om.
1194 3205 1468 3260 Wosterm.
1506 3201 1591 3258 De
1616 3203 1721 3257 hac
1750 3202 2019 3270 Hesychii
2049 3201 2170 3256 viiza
2193 3199 2308 3253 dixi
2334 3199 2476 3254 Mus.
2500 3199 2674 3252 Rhen.
2696 3193 2873 3250 XXXV

609 3303 663 3354 p.
699 3289 815 3338 194.
857 3282 938 3340 Cf.
969 3284 1157 3350 Daub,
1189 3284 1344 3339 stud.
1376 3303 1431 3353 p.
1464 3290 1582 3338 130.
1639 3283 1722 3336 De
1752 3281 2167 3337 commentariis
2206 3280 2325 3334 eius
2362 3278 2677 3333 accuratius
2716 3279 2871 3344 dispu-

606 3364 753 3420 tavit
780 3363 1147 3432 Hieronymus
1177 3381 1222 3418 c.
1256 3371 1348 3418 69:
1388 3364 1495 3430 „ad
1530 3362 1829 3416 Basiliden]
1862 3380 2081 3432 quoque
2110 3361 2323 3415 mulsae
2351 3358 2651 3427 epistulae,
2677 3359 2736 3411 in
2762 3371 2871 3424 qua-

607 3463 728 3497 rum
758 3461 871 3498 una.
899 3461 959 3499 se
989 3443 1187 3498 asserii:
1213 3444 1382 3498 etiam
1413 3444 1472 3496 in
1490 3441 1865 3497 Ecclesiasten
1898 3443 2145 3512 coepisse
2176 3441 2414 3496 scribere
2436 3434 2869 3494 commentarios“

609 3530 641 3578 3
681 3516 846 3585 οὗτος
873 3530 918 3577 Δ
959 3520 1016 3589 ἐξ
1050 3518 1142 3577 Ἀλ.
1182 3525 1324 3592 vuly.
1369 3521 1427 3587 ἐξ
1458 3541 1565 3577 om.
1595 3527 1693 3575 ΔΕ
1838 3528 1872 3574 4
1910 3522 2251 3590 Σολομῶντα
2279 3521 2421 3588 vulg).
2462 3518 2814 3587 Σολομῶντος
2836 3516 2870 3563 Δ

753 3603 1021 3658 CCXXIV
1057 3603 1209 3658 Eud.
1246 3620 1300 3670 p,
1340 3609 1459 3656 224.
1541 3602 1619 3656 Cf.
1662 3602 1851 3669 Steph.
1890 3602 2019 3669 Byz.
2058 3619 2109 3654 v,
2144 3595 2448 3670 Ἀνάζαρβα
2598 3604 2630 3652 5
2678 3601 2870 3670 βοτανι-

607 3679 709 3745 κὸς
737 3683 864 3739 add.
895 3684 1065 3749 Eud„
1101 3699 1210 3751 quo
1241 3683 1309 3736 de
1340 3682 1729 3736 additamento
1759 3697 1869 3734 non
1897 3681 2049 3733 recte
2080 3677 2394 3749 disputavit
2415 3677 2589 3732 Daub
2696 3685 2728 3731 6
2756 3675 2869 3727 duos

612 3764 806 3824 Φακᾶς
837 3763 1066 3817 Suidam
1107 3763 1217 3828 (vel
1253 3763 1439 3830 potius
1471 3761 1837 3830 Hesychium)
1866 3759 2204 3813 confundere
2232 3759 2509 3812 Kasterus
2546 3757 2749 3825 aliique
2774 3767 2871 3806 mo-

607 3844 848 3896 nuerunt
885 3838 978 3895 διὰ
1020 3838 1082 3895 τὸ
1125 3839 1218 3896 ἐπὶ
1253 3842 1352 3908 τῆς
1389 3835 1484 3906 ὂψ.
1528 3837 1677 3908 ἔχειν
1713 3835 1951 3900 πολλοὺς
1988 3859 2124 3908 φακ.
2163 3839 2315 3894 Eud.
2430 3845 2462 3892 6
2500 3835 2566 3891 δὲ
2607 3855 2713 3892 om.
2742 3831 2868 3889 Eud.

609 3929 640 3978 7
678 3922 777 3976 καὶ
805 3939 916 3990 seq.
949 3939 1057 3976 om.
1084 3926 1131 3973 V
1273 3919 1523 3990 γέγραφε
1563 3920 1714 3975 Eud.
2532 3931 2541 3938 ’

751 4001 944 4058 CCXV
990 4019 1096 4058 om.
1137 4001 1414 4057 Westerm.
1486 4001 1745 4056 Fortasse
1789 4003 1913 4056 tota
1962 3999 2149 4068 glossa
2198 3997 2569 4068 expungenda
2613 3999 2722 4065 est,
2770 4009 2870 4048 cum

533 4089 537 4094 “
607 4085 800 4137 manet
834 4100 902 4136 ex
938 4081 1013 4150 gl.
1053 4076 1339 4150 Θυάτειρα
1379 4081 1499 4152 (ubi
1535 4082 1743 4136 lemma
1776 4079 2093 4150 θυγατέρες
2129 4077 2372 4140 Λέοντος
2411 4077 2683 4132 excidisse
2720 4072 2869 4142 suspi-

609 4179 728 4229 coz-3
778 4163 844 4217 cf.
885 4162 1056 4216 etiam
1094 4180 1144 4216 v.
1185 4159 1472 4224 Νικόλαος
1507 4158 1772 4232 Μύρων),
1820 4163 1970 4216 certe
2007 4160 2181 4214 verba
2224 4153 2477 4262 ὕπαρχος
2514 4189 2582 4197 -
2622 4158 2748 4213 exit.
2806 4150 2869 4206 Cf.

608 4242 750 4297 Mus.
791 4241 968 4295 Rhen.
1007 4241 1213 4296 XXXV
1249 4260 1303 4311 p.
1343 4248 1447 4296 209

754 4318 1021 4372 CCXXVI
1059 4320 1209 4375 Eud.
1249 4339 1301 4389 p.
1342 4327 1445 4375 237
1594 4328 1659 4376 13
1700 4322 1801 4375 τοῦ
1838 4321 2103 4382 Σικελίας
2142 4351 2209 4360 ——-
2249 4320 2449 4374 τοῦτον
2488 4335 2597 4372 om.
2638 4317 2782 4372 Eud.

617 4403 682 4452 16
719 4389 822 4450 οὖν
846 4403 891 4449 V
1001 4405 1066 4453 17
1105 4394 1274 4460 αλλας
1310 4419 1470 4464 τινας
1505 4416 1646 4459 corr.
1676 4401 2118 4459 Hemsterhusius
2154 4393 2356 4462 ἄλλους
2392 4393 2549 4463 τινάς
2580 4398 2737 4464 libri,
2769 4393 2872 4468 posi
