3025 4892
536 168 624 237 48
1463 167 1892 228 HESYCHIUS.

539 331 854 421 ῥητορικὰ
899 333 1010 400 καὶ
1055 331 1357 401 πολιτικὰ
1401 335 1511 401 καὶ
1559 333 1709 422 περὶ
1754 337 2070 422 ποιητῶν.
2147 331 2523 423 ἠκροάσατο
2562 329 2631 401 δὲ
2668 338 2867 402 Θεο-

538 439 873 528 φράστου,
929 439 1040 507 καὶ
1088 438 1482 526 δημαγωγὸς
1523 437 1848 526 Ἀθήνησι
1902 441 2224 526 γέγονε.].
2274 441 2644 528 συνέγραψε
2698 438 2861 524 [δὲ]

537 545 750 634 συχνὰ
796 552 1041 633 βιβλία.
1133 545 1333 636 [οὕτω
1382 545 1458 614 δὲ
1503 538 1591 632 ἦν
1647 546 1915 634 σφόδρα
1974 546 2329 636 εὐπρεπής,
2390 545 2479 628 ὥς
2531 547 2639 615 καὶ
2688 550 2863 614 δια-

536 652 749 740 βολὴν
778 659 1009 739 λαβεῖν
1039 649 1141 720 ὅτι
1178 654 1456 738 γέγονεν
1496 651 1827 738 ἐρώμενος
1857 655 2193 740 Κλέωνος,
2231 655 2343 722 καὶ
2380 672 2863 742 προσαγορευ-

485 781 512 822 ⁶
539 763 750 846 θῆναι
804 757 935 827 ὑπό
988 785 1197 827 τινων
1243 756 1452 827 αὐτὸν
1501 759 1827 845 Λαμπετώ
1874 760 1985 827 καὶ
2032 761 2645 849 Χαριτοβλέφαρον.
2752 763 2867 840 είς

538 867 704 954 μέγα
726 866 800 934 δὲ
827 863 1062 954 ἀρθεὶς
1092 865 1288 952 δόξης
1315 865 1426 934 καὶ
1456 867 1867 954 ἐπικρατείας
1893 863 2025 935 ὑπὸ
2048 871 2171 935 τοῦ
2193 867 2473 956 φθόνου
2490 887 2863 954 κατεστρα-

537 971 860 1100 τηγήθηῖΙ
869 974 981 1040 καὶ
1020 973 1356 1055 ἐξελαθεὶς
1390 969 1522 1040 ὑπὸ
1567 969 1947 1059 Ἀθηναίων
1985 979 2079 1054 είς
2106 983 2455 1061 Αἴγυπτον
2491 965 2689 1060 ἦλθε,
2726 973 2863 1040 καὶ

539 1102 716 1166 παρα
769 1082 860 1172 τῷ
909 1083 1156 1166 σωτῆρι
1195 1083 1589 1170 Πτολεμαίῳ
1639 1084 2004 1168 διατρίβων
2054 1082 2333 1169 δηχθεὶς
2375 1077 2509 1148 ὑπὸ
2560 1079 2863 1159 ἀσπίδος

539 1183 870 1271 ἀπέθανε,
919 1187 1029 1254 καὶ
1091 1185 1298 1273 ἐτάφη
1352 1187 1424 1253 ἐν
1470 1189 1561 1278 τῷ
1612 1192 1977 1275 Βουσιρίτῃ
2024 1191 2240 1280 νομῷ,
2294 1193 2583 1273 πλησίον
2634 1195 2829 1256 Ama

465 1318 512 1356 10
541 1291 795 1371 πόλεως
839 1296 956 1379 τῆς
999 1295 1072 1362 ἐν
1118 1307 1259 1373 τοῖς
1306 1295 1569 1377 ἕλεσιν.]

715 1399 1151 1468 CLXXXVII.
1191 1398 1624 1486 Δημοκήδη
1644 1427 1677 1480 ς
1704 1405 2207 1488 Καλλιφῶντος,
2238 1403 2465 1490 ἱερέως
2494 1403 2571 1470 ἐν
2597 1406 2853 1493 Κνίδῳ

537 1507 906 1592 γενομένου
953 1504 1380 1593 Ἀσκληπιοῦ,
1443 1506 1929 1598 Κροτωνιάτης,
1983 1507 2239 1594 ἰατρός,
2305 1507 2379 1588 ὃς
2452 1511 2527 1577 ἐν
2592 1500 2856 1598 Αἰγίνῃ

540 1612 849 1700 ἰάτρευσέ
886 1640 956 1682 τε
1000 1615 1110 1682 καὶ
1149 1620 1370 1700 ἔγημε,
1415 1614 1529 1681 καὶ
1561 1614 2015 1704 ’Πολυκράτην
2052 1616 2172 1683 τὸν
2212 1615 2456 1702 Σάμου
2493 1615 2852 1704 τύραννον

539 1720 886 1809 ἰάτρευσεν
943 1721 1047 1788 ἐπὶ
1093 1727 1378 1807 χρυσίου
1421 1720 1773 1801 ταλάντοις
1824 1719 1981 1807 δυὀ,
2037 1723 2148 1789 καὶ
2193 1719 2325 1790 ὑπὸ
2377 1729 2680 1811 Δαρείου
2714 1727 2852 1790 τοί

462 1850 512 1891 15
541 1827 815 1914 Πέρσου
876 1829 1335 1914 μετεπέμφθη,
1399 1828 1509 1896 καὶ
1581 1828 1971 1913 συνεγένετο
2032 1825 2212 1920 αὐτῷ
2268 1828 2523 1917 χρόνον
2581 1828 2856 1898 ἱκανόν.

544 1938 835 2020 ἔγραψεν
880 1933 1182 2021 ἰατρικὸν
1228 1938 1510 2019 βιβλίον.

718 2041 1189 2109 CLXXXVIII.
1247 2040 1751 2129 Δημόκριτος
1786 2038 2319 2130 Ἡγησιστράτου
2367 2043 2470 2133 (οἱ
2520 2041 2595 2110 δὲ
2643 2039 2855 2130 Ἀθη-

539 2152 857 2234 νοκρίτου
901 2142 942 2234 ἢ
982 2147 1485 2238 Δαμασίππου),
1533 2147 1827 2235 γεγονὼς
1874 2147 1983 2217 ὅτε
2019 2149 2130 2216 καὶ
2169 2150 2535 2239 Σωκράτης
2572 2146 2608 2217 ὁ
2646 2151 2855 2236 φιλό-

541 2274 780 2340 σοφος,
833 2253 998 2322 κατὰ
1042 2253 1167 2341 τὴν
1221 2254 1317 2336 οζ’
1367 2252 1748 2340 ὀλυμπιάδα
1797 2257 1899 2343 (οἱ
1939 2255 2014 2323 δὲ
2059 2256 2225 2324 κατὰ
2270 2254 2393 2343 τὴν
2446 2255 2522 2323 π’
2571 2259 2851 2346 φασίν),

459 2385 514 2426 80
536 2359 922 2450 Ἀβδηρίτης
968 2363 1039 2430 ἐκ
1083 2361 1378 2450 Θράκης,
1425 2359 1823 2449 φιλόσοφος,
1872 2359 2174 2449 μαθητὴς
2218 2360 2384 2430 κατά
2427 2388 2617 2441 τινας
2656 2358 2858 2429 Ἀνα-

540 2468 830 2556 ξαγόρου
883 2469 994 2535 καὶ
1043 2471 1460 2553 Λευκίππου,
1518 2465 1607 2548 ὡς
1661 2470 1741 2536 δέ
1780 2495 1989 2555 τινες,
2036 2473 2147 2537 καὶ
2194 2468 2461 2556 Μάγων
2507 2469 2618 2535 καὶ
2666 2475 2857 2536 Χαλ-

540 2580 754 2644 δαίων
802 2578 1107 2663 Περσῶν.
1198 2565 1368 2660 ἦλθε
1432 2572 1561 2662 γὰρ
1625 2575 1735 2642 καὶ
1802 2580 1896 2655 είς
1940 2577 2208 2663 Πέρσας
2261 2575 2373 2643 καὶ
2400 2571 2676 2653 Ἰνδοὺς
2730 2576 2857 2642 καὶ

540 2688 982 2769 Αἰγυπτίους,
1027 2681 1138 2749 καὶ
1182 2679 1262 2748 τὰ
1307 2678 1463 2769 παρ’
1516 2680 1816 2763 ἑκάστοις
1862 2685 2229 2770 ἐπαιδεύθη
2274 2681 2486 2770 σοφά,
2543 2679 2685 2750 εἶτα
2736 2684 2857 2750 ἐπ-

539 2794 830 2876 ανῆλθε,
894 2789 1005 2856 καὶ
1068 2802 1208 2868 τοῖς
1272 2785 1593 2875 άδελφοῖς
1657 2794 1875 2878 συνῆν
1933 2787 2274 2880 Ἡροδότῳ
2337 2790 2449 2876 καὶ
2514 2787 2853 2879 Δαμάσῳ.

465 2921 518 2961 2⁶
545 2890 702 2984 ἦρξε
742 2895 816 2964 δὲ
853 2897 926 2963 ἐν
959 2893 1310 2983 Ἀβδήροις
1347 2892 1461 2963 διὰ
1497 2893 1623 2981 τὴν
1663 2898 1907 2965 ἑαυτοῦ
1945 2902 2195 2984 σοφίαν
2231 2901 2553 2984 τιμηθείς.
2626 2905 2856 2982 μαθη-

690 3127 717 3175 1
749 3116 1068 3190 ἠκροάσατο
1091 3149 1158 3158 -
1179 3101 1367 3190 βιβλία
1387 3133 1495 3171 om.
1517 3122 1562 3170 V
1654 3124 1687 3172 3
1716 3109 1893 3179 οὕτως
1914 3121 1961 3170 A
1990 3107 2155 3180 οὖτος
2174 3119 2327 3172 reete
2347 3118 2519 3173 Daub
2600 3122 2639 3170 4
2654 3117 2856 3172 Κλέω-

541 3222 641 3264 νος
677 3199 873 3270 scripsi
911 3216 1036 3254 eum
1075 3197 1235 3267 Diog.
1277 3196 1342 3265 V,
1382 3202 1448 3251 76
1487 3193 1723 3260 Νέωνος
1760 3199 1920 3254 codd.
1964 3199 2099 3253 Par.
2140 3200 2198 3253 et
2232 3205 2275 3251 E
2316 3197 2446 3260 νέος
2491 3191 2571 3251 ὧν
2616 3197 2767 3267 vulg.

541 3289 574 3339 8
621 3281 976 3350 πτωλεμαίῳ,
1013 3281 1078 3334 ut
1114 3278 1286 3344 solet,
1323 3281 1370 3330 A
1518 3283 1583 3331 10
1622 3275 1802 3334 ἕλεσιν
1838 3284 1885 3333 A
1924 3277 2071 3335 ἕλεσι
2107 3280 2207 3335 rel.

685 3359 1037 3416 CLXXXVII
1073 3375 1180 3413 om.
1223 3358 1496 3413 Westerm.
1535 3357 1689 3417 Eud.
1726 3379 1779 3430 p.
1820 3366 1951 3428 224,
1998 3378 2143 3430 quae
2185 3377 2293 3416 om.
2332 3359 2735 3429 Καλλιφῶντος
2776 3392 2851 3401 -

537 3437 858 3510 Ἀσκληπιοῦ
899 3441 957 3495 et
995 3435 1058 3502 ὃς
1096 3471 1161 3479 -
1202 3434 1420 3508 ἱκανόν.
1496 3436 1579 3492 De
1619 3440 1817 3494 eodem
1855 3439 2044 3510 agitur
2080 3440 2283 3496 Athen.
2322 3440 2427 3494 XII
2465 3459 2520 3510 p.
2560 3445 2662 3494 522

545 3529 610 3577 14
665 3522 765 3576 τοῦ
817 3518 1042 3589 Πέρσου
1099 3537 1207 3575 om.
1255 3524 1300 3572 V
1484 3524 1551 3572 16
1604 3516 1854 3589 ἔγραψεν
1908 3552 1973 3560 -—-
2026 3520 2157 3576 exit.
2205 3526 2250 3574 V
2308 3518 2558 3590 ἔγραψεν
2612 3519 2850 3590 ἰατρικὰ

541 3604 730 3676 βιβλία
767 3602 912 3657 δέκα
941 3601 1113 3668 Eud„
1149 3598 1301 3669 quod
1337 3601 1397 3654 in
1423 3600 1629 3654 nostris
1662 3599 1863 3655 Suidae
1894 3601 2305 3670 exemplaribus
2334 3617 2463 3656 casu
2489 3601 2847 3659 intercidisse

541 3683 781 3739 coniecit
808 3683 978 3737 Daub
1008 3680 1275 3749 ἰατρικῶν
1303 3680 1490 3735 Daub.
1550 3679 1866 3749 Sequuntur
1895 3680 2046 3750 apud
2080 3680 2621 3738 Suidam.uberiores
2647 3698 2843 3736 narra-

539 3763 722 3819 tiones
760 3761 997 3816 haustae
1036 3777 1103 3815 ex
1141 3759 1403 3814 Herodot.
1444 3761 1549 3828 111,
1594 3766 1693 3815 129
1733 3764 1789 3817 et
1831 3767 1931 3816 133

683 3841 1058 3898 CLXXXVIII
1096 3838 1176 3894 Cf.
1217 3840 1407 3910 Steph.
1446 3839 1575 3910 Byz.
1614 3859 1665 3896 v.
1695 3837 1949 3914 Ἄβδηρα.
2035 3840 2114 3896 Cf.
2154 3842 2359 3896 Mffller
2394 3841 2447 3896 II
2484 3861 2537 3912 p.
2576 3848 2647 3897 24

544 3931 608 3980 19
648 3919 792 3978 κατὰ
829 3919 936 3991 τὴν
976 3953 1041 3962 -—-
1082 3922 1256 3988 φασίν
1293 3937 1401 3975 om.
1439 3926 1484 3974 V
1630 3927 1699 3976 20
1738 3919 1881 3976 κατά
1918 3941 2078 3984 τινας
2115 3938 2222 3977 om.
2261 3927 2337 3975 V·
2464 3929 2531 3978 21
2570 3921 2670 3978 καὶ
2704 3925 2839 3978 ante

541 4004 778 4073 Περσῶν
805 4002 1041 4058 inseruit
1057 4001 1390 4072 Bernhardy
1428 4002 1664 4071 Περσῶν
1684 4033 1751 4042 -
1775 3998 2049 4074 Δαμάστῃ
2070 4018 2178 4056 om.
2201 4007 2246 4055 V
2276 4004 2511 4070 Περσῶν
2540 4003 2646 4059 del.
2666 4004 2836 4059 Daub

541 4092 608 4140 22
647 4076 790 4154 ἦλθε
822 4115 888 4125 -
919 4079 1110 4153 ἰατρός
1145 4081 1378 4138 fortasse
1415 4081 1616 4138 lectori
1648 4084 1950 4152 debentur,
1987 4082 2085 4153 qui
2112 4082 2272 4152 Diog.
2303 4083 2407 4152 IX,
2439 4089 2469 4138 7
2505 4083 2839 4154 ’compilavit

541 4174 608 4221 23
645 4160 784 4237 παρ’
827 4160 1063 4233 ἑκάστης
1090 4167 1136 4216 A
1249 4167 1318 4216 24
1357 4160 1631 4236 Δαμάστῃ
1668 4165 1800 4221 libri
1837 4159 2089 4234 Δαμάσῳ
2128 4178 2268 4216 corr.
2301 4163 2527 4233 Menaq.
2566 4163 2637 4216 ad
2670 4162 2831 4234 Πίος.

541 4247 645 4315 ΙΧ,
674 4252 769 4315 39,
807 4245 1002 4310 Sturz,
1037 4242 1256 4298 Hellan.
1296 4261 1348 4312 p.
1383 4247 1448 4297 15
1489 4244 1617 4300 coll.
1647 4244 1789 4302 Plin.
1819 4244 1949 4300 hist.
1979 4261 2032 4296 n.
2063 4240 2271 4307 XVIII,
2300 4247 2367 4296 35
2514 4247 2581 4297 25
2618 4237 2829 4311 ὑπῆρξε

542 4327 711 4380 Daub
785 4322 881 4380 διὰ
911 4322 1014 4394 τὴν
1043 4326 1251 4393 σοφίαν
1281 4318 1480 4394 αὐτοῦ,
1511 4317 1580 4380 οὖ
1610 4319 1898 4396 άκροατὴς
1925 4321 2023 4378 καὶ
2050 4317 2315 4392 μαθητὴς
2332 4319 2716 4392 Μητρόδωρος
2737 4317 2767 4377 ὁ
2789 4329 2831 4377 V
