3025 4892
553 219 640 282 24
1479 215 1903 271 HESYCHI‘US.

550 378 830 466 ποιήτὴς
892 391 1082 445 νοσεῖ
1139 404 1292 446 τινα
1355 376 1598 464 νόσον,
1662 377 1773 446 καὶ
1838 379 2018 444 ἰᾶται
2078 375 2285 444 αὐτὸν
2340 373 2377 443 ὁ
2438 374 2841 462 Ἀσκληπιός,

550 485 660 554 καὶ
697 484 1100 573 προστάσσει
1137 482 1531 573 χαριστήρια
1566 488 1685 572 τῆς
1720 480 1965 570 ὑγείας.
2022 481 2059 552 ὁ
2101 483 2176 552 δὲ
2212 479 2493 570 ποιητὴς
2520 482 2597 551 τὸ
2630 481 2841 571 δράμοι

551 591 625 660 τὸ
676 590 1044 680 ὁμώνυμόν
1089 595 1160 660 οἱ
1201 591 1404 679 νέμει.
1478 591 1633 659 θεοὶ
1681 590 1756 660 δὲ
1800 589 2029 678 ὑγείας
2073 590 2197 677 μὲν
2246 586 2370 658 οὐκ
2416 587 2506 658 ἄν
2552 615 2715 658 ποτε
2750 617 2841 676 μι-

553 699 731 768 σθὸν
777 698 1144 786 αἰτήσαιεν,
1193 695 1342 768 οὐδ’
1385 694 1469 766 ἂν
1512 696 1807 784 λάβοιεν.
1878 693 1919 784 ἢ
1958 701 2098 776 πῶς
2132 695 2243 782 ἄν,
2280 705 2417 784 εἴγε
2455 693 2535 764 τὰ
2573 700 2843 785 μέγιστα

502 837 528 876 5
554 804 716 894 ἡμῖν
763 805 962 893 φρενὶ
1009 803 1474 894 φιλανθρώπῳ
1520 803 1633 872 καὶ
1672 800 1900 893 ἀγαθῇ
1938 805 2301 892 παρέχουσι
2338 818 2605 893 προῖκα,
2654 801 2845 890 ἥλιόν

553 939 622 980 τε
679 909 849 1000 ὁρᾶν
904 911 1016 978 καὶ
1069 914 1192 979 τοῦ
1249 915 1422 980 θεοῦ
1475 914 1600 980 τοῦ
1644 909 1975 980 τοσούτου
2010 914 2127 999 τῆς
2170 916 2558 1001 παναρκοῦς
2606 909 2843 999 ἀμισθὶ

554 1017 1086 1107 μεταλαμβάνειν
1141 1014 1436 1106 ἀκτῖνος,
1493 1018 1604 1086 καὶ
1659 1022 1899 1105 χρῆσιν
1946 1016 2225 1104 ὕδατος,
2278 1019 2390 1086 καὶ
2436 1015 2651 1106 πυρὸς
2698 1040 2845 1085 συν-

554 1127 792 1213 τέχνου
838 1131 1082 1213 μυρίας
1127 1123 1443 1211 ἐπιγονὰς
1489 1124 1601 1192 καὶ
1648 1130 1951 1205 ποικίλας
1992 1121 2127 1212 ἅμα
2162 1124 2273 1193 καὶ
2312 1124 2685 1214 συνεργοὺς
2720 1126 2845 1192 ε’πι-

553 1237 854 1319 κουρίας,
898 1233 1011 1300 καὶ
1057 1228 1255 1319 ἀέρος
1299 1236 1498 1317 σπᾶν,
1543 1232 1657 1300 καὶ
1702 1236 1879 1317 ἔχειν
1916 1230 2179 1319 τροφὴν
2215 1237 2381 1318 ζωῆς
2418 1231 2493 1300 τὸ
2533 1235 2601 1314 ἐξ
2641 1229 2846 1300 αὐτοῦ

479 1368 530 1408 1⁰
556 1343 836 1426 πνεῦμα.
927 1329 1241 1407 ἐθέλουσι
1297 1338 1371 1406 δὲ
1427 1336 1560 1427 ἄρα
1619 1339 1693 1406 έν
1739 1341 1965 1406 τοῖσδε
2001 1351 2141 1418 τοῖς
2185 1353 2446 1427 μικροῖς
2490 1340 2655 1428 μήτε
2703 1336 2847 1426 ἀχα-

559 1451 830 1534 ρίστους
867 1443 1038 1514 εἶναι
1076 1445 1238 1534 μήτε
1275 1443 1671 1534 ἄμνήμονας
1706 1441 1896 1533 ἡμᾶς,
1933 1443 2045 1512 {cal
2084 1445 2158 1512 ἐν
2193 1443 2457 1525 τούτοις
2492 1443 2846 1532 ἀμείνονας

559 1552 1096 1639 ἀποφαίνοντες]
1147 1543 1340 1632 οὗτος
1371 1551 1444 1620 δὲ
1475 1549 1510 1620 ὁ
1529 1549 1953 1640 Ἀρίσταρχος
1980 1550 2351 1638 σύγχρονος
2387 1543 2476 1638 ἦν
2497 1550 2849 1641 Εὐριπίδῃ.

560 1658 634 1742 ὃς
687 1664 948 1747 πρῶτος
1000 1665 1097 1741 εἰς
1149 1686 1226 1728 το
1289 1663 1420 1728 νῦν
1477 1656 1703 1727 αὐτῶν
1750 1662 1959 1746 μῆκος
2002 1656 2081 1728 τὰ
2130 1656 2433 1746 δράματα
2477 1662 2847 1745 κατέστησε.

560 1769 669 1836 καὶ
709 1769 970 1849 ἐδίδαξε
999 1766 1120 1853 μὲν
1149 1767 1524 1857 τραγῳδίας
1554 1764 1640 1852 θ’,
1679 1767 1942 1852 ἐνίκησε
1973 1765 2047 1834 δὲ
2073 1764 2168 1852 β’,
2207 1764 2401 1851 βιοὺς
2426 1763 2595 1854 ὑπὲρ
2626 1771 2739 1853 ἔτη
2768 1762 2848 1848 ρ’.

483 1919 533 1960 15
742 1894 1162 1961 LXXXVIII.
1248 1889 1642 1975 Ἀριστέας
1707 1889 2183 1977 Δημοχάριδος
2251 1886 2293 1978 ἢ
2360 1895 2847 1979 Καϋστροβίου,

560 1999 1076 2087 Προκοννήσιος
1122 1998 1450 2078 ἐποποιός.
1524 1995 1603 2066 τὰ
1644 1995 2074 2085 Ἀριμάσπεια
2112 1996 2491 2085 καλούμενα
2530 2005 2649 2086 ἔπη
2688 2002 2849 2086 (ἔστι

563 2105 638 2174 δὲ
667 2109 928 2193 ἱστορία
954 2103 1562 2194 τῶνὙπερβορέων
1576 2103 2029 2194 Ἀριμασπῶν)
2057 2099 2283 2192 βιβλία
2302 2106 2371 2192 γ’
2396 2105 2669 2190 [τούτου
2688 2103 2847 2192 φασὶ

561 2211 684 2300 τὴν
713 2212 960 2301 ψυχήν,
991 2211 1154 2281 ὅταν
1183 2211 1520 2299 ἐβούλετο,
1552 2213 1791 2294 ἐξιέναι
1820 2211 1931 2280 καὶ
1962 2213 2303 2281 ἐπανιέναι
2321 2211 2577 2298 πάλιν]
2620 2215 2846 2298 γέγονε

566 2320 640 2388 δὲ
677 2319 842 2389 κατὰ
881 2328 1184 2409 Κροῖσον
1220 2320 1326 2388 καὶ
1370 2323 1631 2406 Κῦρον,
1668 2315 2033 2405 ὀλυμπιάδι
2070 2318 2204 2406 νη’.
2265 2324 2511 2408 ἔγραψε
2548 2320 2623 2388 δὲ
2658 2310 2849 2394 οὗτος

485 2453 539 2494 20
564 2428 674 2496 καὶ
721 2425 1220 2514 καταλογάδην,
1264 2431 1636 2512 θεογονίαν
1682 2429 1778 2505 είς
1824 2430 1945 2512 ε”πη
1994 2424 2111 2516 ,αἲ

741 2554 1089 2621 LXXXIX.
1121 2549 1606 2640 Ἀριστείδης
1628 2548 2014 2639 Ἀδριανεὺς
2040 2554 2363 2640 σοφιστής
2386 2551 2753 2642 (Ἁδριανοὶ
2781 2547 2849 2616 δὲ

563 2658 755 2739 πόλις
791 2663 1065 2738 Μυσίας
1108 2663 1224 2745 τῆς
1260 2661 1390 2726 νῦν
1428 2658 1817 2746 Βιθυνίας),
1855 2659 2262 2746 Πολέμωνος
2295 2664 2421 2727 τοῦ
2458 2662 2849 2746 Σμυρναίου

565 2765 849 2854 ῥήτορος
894 2765 1229 2853 μαθητής,
1277 2763 1424 2844 υίὸς
1460 2762 1892 2851 Εὐδαίμονος
1938 2765 2323 2852 φιλοσόφου
2368 2792 2437 2834 τε
2481 2765 2593 2833 καὶ
2630 2764 2848 2852 ἱερέως

564 2874 935 2959 γενομένου
989 2876 1111 2940 τοῦ
1163 2874 1238 2941 ἐν
1282 2875 1362 2960 τῇ
1409 2875 1679 2961 πατρίδι
1725 2867 1935 2940 αὐτοῦ
1982 2875 2169 2959 ἱεροῦ
2215 2876 2337 2941 τοῦ
2385 2873 2573 2953 Διός.
2670 2875 2739 2941 οἱ
2780 2866 2847 2936 δὲ

564 3087 810 3143 videntia
846 3086 936 3156 (of.
979 3086 1177 3142 Suidas
1214 3105 1266 3142 v.
1299 3079 1688 3156 Θεόπομπος),
1725 3085 1929 3140 merito
1966 3103 2072 3142 om.
2114 3086 2389 3143 Westerm.
2427 3087 2649 3156 tanqua
2684 3085 2849 3151 Hesy-

568 3167 681 3223 chii
718 3186 759 3222 s.
797 3168 890 3222 fin.
928 3168 1156 3222 addens.
1230 3166 1310 3221 cf.
1357 3182 1503 3235 quae
1552 3163 1667 3218 dixi
1703 3165 1845 3218 Mus,
1884 3165 2060 3223 Rhen.
2099 3166 2308 3221 XXXV
2342 3186 2398 3238 p.
2429 3173 2534 3222 204
2675 3173 2740 3222 13
2778 3160 2853 3223 εἰς

565 3243 666 3302 τὸν
703 3246 842 3300 νοῦν
881 3250 1095 3300 ABE!

707 3325 1041 3381 Lxxxvm
1078 3326 1230 3382 Eud.
1265 3344 1318 3396 p.
1351 3332 1479 3395 1153
1517 3325 1724 3381 Kinkez
1759 3325 1783 3378 1
1819 3343 1873 3394 p.
1904 3332 2009 3380 244
2156 3333 2221 3382 15
2253 3323 2559 3398 Ἀρισταιας
2595 3333 2644 3379 A

570 3413 636 3461 16
675 3405 990 3476 συντὲθηκε
1029 3401 1099 3461 τὰ
1131 3437 1196 3446 —-
1226 3406 1378 3462 Eud.
1516 3413 1579 3460 17
1613 3399 1775 3475 Ἁριμ.
1813 3424 1913 3476 pro
1951 3407 2293 3477 glossemate
2330 3409 2504 3464 habet
2533 3403 2849 3464 Gutschmid

571 3493 636 3542 18
664 3487 854 3542 Verba
887 3487 1106 3543 seclusa
1132 3504 1201 3542 ex
1228 3487 1341 3544 alio
1369 3488 1526 3544 fonte
1554 3486 1721 3555 (Max.
1743 3487 1873 3556 Tyr.
1893 3486 2024 3542 XVI
2042 3507 2095 3558 p.
2124 3493 2230 3543 288
2270 3489 2328 3542 οδ
2344 3487 2630 3543 XXXVIII
2658 3508 2714 3560 p.
2735 3487 2852 3552 222)

568 3569 948 3637 accesserunt,
987 3567 1184 3622 eadem
1222 3569 1454 3636 praebet
1484 3567 1860 3622 Pseudo-Hes.
1892 3585 1937 3622 c.
1968 3574 2018 3623 2.
2079 3567 2160 3623 cf.
2199 3567 2341 3622 Mus.
2380 3567 2555 3625 Rhen.
2596 3570 2631 3622 1.
2664 3587 2730 3637 0.,
2765 3562 2855 3618 ubi

566 3647 766 3717 γέγονε
805 3665 920 3717 seq.
958 3649 1090 3717 post
1127 3642 1396 3710 ἐποποιός
1432 3647 1761 3702 collocanda
1795 3648 1988 3703 monui
2130 3641 2269 3702 ὅταν
2309 3653 2355 3702 Δ
2391 3641 2491 3704 3τέ
2526 3653 2619 3702 ΒΕ

572 3733 636 3781 19
675 3723 876 3798 ὀλυμπ.
905 3724 999 3798 νη’
1027 3745 1130 3799 pro
1160 3723 1239 3783 ὄλ.
1269 3725 1327 3783 ν’
1361 3725 1442 3798 (ν’
1462 3733 1508 3780 Δ
1538 3728 1609 3784 al.
1642 3723 1701 3796 η’
1721 3728 1843 3798 rel.)
1871 3729 2171 3798 legendum
2208 3745 2323 3784 esse
2349 3730 2631 3798 persuasa
2657 3727 2853 3789 Rohde,

567 3807 706 3863 Mne.
736 3807 914 3862 Rhen.
943 3806 1180 3862 XXXIII
1208 3826 1262 3878 p.
1297 3811 1395 3861 181
1433 3809 1550 3862 not.
1579 3813 1631 3863 3.
1705 3802 1882 3878 ὀγδόῃ
1919 3814 1966 3860 V
2072 3814 2143 3864 20
2181 3808 2575 3878 καταλογάδην
2608 3805 2736 3863 τινὰ
2764 3803 2855 3861 καὶ

571 3889 736 3956 Θεογ.
766 3888 1042 3944 Kusterus
1067 3882 1481 3957 καταλογάδην,
1509 3886 1610 3942 καὶ
1640 3889 1803 3957 Θεογ.
1838 3889 2103 3958 Ibamus,
2141 3887 2406 3944 notitiam
2436 3888 2505 3942 de
2534 3885 2855 3958 Theogonia

569 3966 896 4022 mendacem
944 3985 1065 4024 esse
1109 3969 1334 4038 putavit
1367 3970 1571 4037 Hiller,
1606 3970 1748 4024 Mne.
1786 3968 1960 4024 Rhen.
1999 3968 2238 4022 XXXIII
2274 3987 2329 4038 p.
2364 3972 2484 4022 522.
2560 3966 2642 4021 cf.
2682 3963 2851 4029 Daub,

570 4049 640 4104 de
679 4046 832 4103 Suid.
869 4066 924 4118 p.
953 4054 1076 4104 41¹1.
1152 4047 1410 4104 Ceterum
1449 4046 1557 4118 ἔπη
1596 4044 1675 4124 ,α’
1715 4066 1822 4104 om.
1852 4049 2003 4104 Eud.
2046 4046 2122 4124 ,α’
2164 4067 2275 4106 om.-
2302 4053 2346 4100 V

710 4127 994 4184 LXXXIX
1030 4129 1181 4184 Eud.
1210 4147 1266 4199 p.
1291 4135 1410 4199 111,
1439 4145 1585 4200 quae
1612 4145 1720 4184 om.
1750 4129 1959 4201 Πολέμ.
1981 4161 2048 4170 —-
2075 4127 2341 4200 μαθητής
2365 4130 2657 4197 totamque
2685 4129 2853 4183 vitam

569 4225 706 4265 voce
743 4205 1054 4280 γενόμενον
1092 4209 1432 4265 terminavifi.
1507 4210 1587 4266 Cf.
1627 4209 1951 4266 Philostrat.
1978 4209 2093 4265 vit.
2133 4210 2303 4281 Soph.
2342 4209 2410 4277 II,
2448 4215 2479 4263 9
2596 4215 2666 4264 24
2705 4206 2763 4264 οἰ
2794 4203 2849 4262 δὲ

571 4285 906 4360 Εὐδαίμονα
943 4284 1013 4344 οὖ
1060 4285 1162 4344 τὸν
1197 4290 1416 4361 πατέρα
1463 4285 1587 4346 ἀλλ’
1628 4286 1805 4345 αὐτὸν
1846 4287 2131 4360 γράφουσι
2168 4291 2521 4356 Massonius,
2567 4290 2670 4346 vit.
2707 4287 2795 4344 Ar.
2823 4292 2851 4340 2

573 4363 872 4446 Εὐαίμονα
911 4369 1186 4426 Westerm.
