3025 4892
391 214 399 223 ·
513 189 594 254 12
1433 195 1859 252 HESYCHIUS.

681 361 977 427 XXXIX.
1057 356 1487 445 Ἀμμώνιος
1537 357 1915 444 Ἀμμωνίου
1955 354 2458 444 Ἀλεξανδρεύς,
2508 355 2769 438 Ἀλεξάν-

505 469 676 553 δρου
740 465 1101 554 γνώριμος,
1182 462 1255 545 ὃς
1307 466 1418 533 καὶ
1480 465 1817 545 διεδέξατο
1877 462 2001 550 τὴν
2056 463 2305 551 σχολὴν
2371 462 2773 551 Ἀριστάρχου

506 572 634 660 πρὸ
682 577 804 640 τοῦ
851 576 1270 660 μοναρχῆσαι
1317 568 1436 640 τὸν
1484 570 1901 656 Αὔγουστον.

681 681 810 746 XL.
864 678 1150 767 ’Ἀμφις
1195 677 1482 766 κωμικὸς
1523 675 1879 764 Ἀθηναῖος
1906 731 1922 747 .
1952 731 1965 745 .
1996 731 2012 746 .

450 805 476 846 ⁵
634 878 638 882 Ι
680 788 845 854 XLI.
913 785 1278 874 Ἀμφίων.
1373 776 1569 864 οὗτος
1613 788 1899 864 παλαιᾶς
1944 790 2267 871 μουσικῆς
2312 783 2595 872 εὑρετής.

679 894 882 960 XLII.
950 892 1385 980 Ἀνακρέων
1440 891 1673 978 Τήιος,
1731 892 2033 980 λυρικός,
2091 899 2454 961 Σκυθίνου
2500 891 2673 976 υἱός,
2721 894 2785 958 οἱ

504 998 578 1066 δὲ
616 997 967 1086 Εὐμήλου,
1015 1003 1084 1068 οἰ
1127 999 1202 1068 δὲ
1241 1003 1659 1087 Παρθενίου,
1707 1002 1776 1066 οἱ
1818 997 1893 1066 δὲ
1924 995 2421 1087 Ἀριστοκρίτου
2458 998 2785 1080 ἐδόξασαν.

503 1111 790 1194 ἔγραψεν
840 1107 1088 1191 ἐλεγεῖα
1133 1106 1242 1174 καὶ
1291 1106 1574 1192 ἰάμβους
1587 1155 1607 1191 ,
1648 1102 1813 1173 Ἰάδι
1864 1104 2081 1172 πάντα
2138 1109 2476 1197 διαλέκτῳ.
2564 1107 2789 1191 γέγονε

500 1211 664 1280 κατὰ
725 1213 1172 1301 Πολυκράτην
1227 1211 1345 1281 τὸν
1394 1214 1635 1299 Σάμου
1698 1211 2071 1301 τύραννον,
2130 1209 2494 1299 ὀλυμπιάδι
2542 1211 2671 1298 νβ’·
2724 1215 2793 1278 οἱ

429 1340 478 1377 10
509 1320 583 1387 δὲ
639 1320 742 1388 ἐπὶ
790 1318 1026 1407 Κύρου
1079 1321 1189 1387 καὶ
1237 1317 1615 1406 Καμβύσου
1658 1317 2014 1386 τάττουσιν
2062 1317 2270 1386 αὐτὸν
2316 1317 2481 1387 κατὰ
2504 1361 2511 1368 ·
2534 1317 2654 1405 τὴν
2695 1314 2788 1386 νε’

505 1423 900 1511 ὀλυμπιάδα.
994 1424 1286 1493 ἐκπεσὼν
1335 1425 1410 1493 δὲ
1463 1427 1603 1494 Τέω
1642 1422 1755 1491 διὰ
1800 1423 1926 1511 τὴν
1970 1427 2290 1494 Ἱστιαίου
2348 1425 2789 1494 ἐπανάστασιν

505 1530 1100 1630 ᾤκησεν.”Αβδηρα
1157 1534 1230 1600 έν
1287 1531 1532 1622 Θρᾴκῃ.
1623 1536 1771 1617 βίος
1825 1531 1900 1598 δὲ
1954 1524 2043 1618 ἦν
2098 1529 2277 1625 αὐτῷ
2332 1531 2501 1621 πρὸς
2558 1535 2795 1619 ἔρωτας

503 1642 764 1706 παίδων
829 1639 936 1706 καὶ
982 1641 1345 1726 ,γυναικῶν
1406 1638 1519 1704 καὶ
1576 1634 1768 1729 ᾠδάς.
1873 1641 1984 1706 καὶ
2041 1641 2420 1729 συνέγραψε
2484 1638 2794 1727 παροίνιά

505 1772 574 1814 τε
621 1748 782 1833 μέλη
826 1731 970 1830 ’[καὶ
1018 1746 1325 1833 ἰάμβους]
1376 1745 1485 1812 καὶ
1532 1742 1613 1811 τὰ
1660 1745 2041 1831 καλούμενα
2081 1745 2603 1835 Ἀνακρεόντεια.

429 1871 478 1911 15
682 1854 914 1920 XLIII.
980 1852 1610 1939 Ἀναξανδρίδης
1648 1849 2125 1941 Ἀναξάνδρου,
2154 1851 2416 1934 Ῥόδιος
2454 1856 2526 1922 ἐκ
2554 1857 2795 1940 Καμεί-

504 1986 652 2045 ρου,
690 1957 852 2026 κατὰ
893 1961 973 2027 δέ
997 1985 1183 2038 τινας
1212 1957 1679 2044 Κολοφώνιος,
1717 1959 2011 2044 γεγονώς
2040 1962 2113 2029 έν
2141 1976 2279 2042 τοῖς
2312 1959 2523 2047 ἀγῶσι
2566 1966 2797 2028 Φιλίπ-

487 2109 867 2180 Porphyrius,
917 2111 1067 2178 quod
1115 2128 1180 2165 ex
1216 2109 1535 2164 Christiano
1582 2109 1836 2165 ethnicus
1873 2111 2068 2181 fuerit,
2116 2129 2244 2167 cum
2279 2111 2501 2168 honstet
2548 2130 2674 2167 eum
2709 2130 2797 2164 us-

502 2208 609 2260 que
647 2191 720 2244 ad
758 2193 1064 2245 extremam
1103 2190 1280 2245 vitam
1318 2188 1699 2245 Christianum
1736 2196 2168 2259 perseverasse“.

533 2307 537 2312 -
641 2269 877 2324 XXXIX
913 2270 1062 2326 Eud.
1102 2290 1154 2341 p.
1187 2277 1281 2341 96,
1321 2287 1466 2339 quae
1503 2269 1705 2339 incipit
1735 2265 1839 2341 Ἀμ.
1880 2276 1996 2338 φιλ.
2035 2268 2066 2327 ὃ
2097 2269 2461 2342 καλουμενος.
2508 2266 2605 2325 Ἀλ.
2636 2261 2797 2332 οὗτος

501 2353 642 2406 διεδ.
683 2369 796 2420 seq.
863 2353 945 2405 Ex
985 2351 1270 2406 codicibus
1308 2352 1485 2405 vitam
1526 2350 1679 2404 recte
1716 2350 1993 2406 Kusterus
2028 2353 2300 2422 resbituitz,
2339 2369 2481 2420 quae
2518 2350 2797 2442 prioribus

497 2430 558 2484 in
595 2431 933 2486 editionibus
971 2449 1266 2502 perperam
1305 2450 1430 2486 cum
1469 2431 1589 2486 vita.
1626 2430 1985 2486 anfiecedenti
2022 2432 2369 2502 cohaeret-eh,
2420 2431 2639 2486 omissis
2676 2445 2795 2484 voe.

494 2506 788 2581 Ἀμμώνιος
825 2514 884 2566 et
914 2507 1328 2580 Ἀλεξανδρεύςς
1376 2513 1443 2566 de
1475 2511 1627 2567 Eud.
1665 2510 1807 2564 vitio
1844 2510 2051 2580 ineptis,
2091 2511 2269 2566 Palen
2304 2531 2358 2582 p.
2390 2517 2458 2565 74
2598 2517 2633 2564 4
2668 2509 2797 2564 Ale-

498 2592 770 2646 xandrum
809 2592 1088 2647 Milesium
1127 2608 1247 2646 esse
1282 2593 1451 2661 putat
1487 2592 1810 2658 Anonymus
1849 2590 2000 2659 apud
2038 2589 2320 2658 Gaisf'ord.

640 2672 734 2725 XL
775 2690 880 2728 om.
914 2672 1188 2726 Westerm.
1247 2670 1327 2726 Cf.
1362 2671 1498 2726 Zon.
1540 2689 1595 2739 p
1629 2675 1748 2723 145.
1804 2669 1888 2724 De
1926 2687 1991 2724 eo
2030 2672 2095 2725 ef.
2124 2672 2374 2726 Meineke
2400 2673 2427 2725 I
2463 2690 2517 2742 p.
2548 2679 2651 2727 403
2680 2688 2794 2740 seq.

499 2751 819 2806 Frustulum
857 2750 1132 2824 genuinae
1170 2750 1346 2819 vitae,
1386 2765 1627 2819 quocum
1666 2749 1735 2802 ef.
1776 2767 1825 2804 v.
1861 2744 2109 2818 Ἀκύλας,
2144 2746 2427 2820 Ἀμειψίας
2464 2751 2537 2806 al.

641 2831 766 2885 XLI
804 2849 910 2887 om
953 2831 1226 2886 Westerm.
1303 2831 1390 2885 Ad
1426 2829 1693 2897 Hesychii
1738 2829 1913 2885 vitam
1954 2829 2154 2884 Suidas
2202 2829 2459 2886 adiunxit.
2503 2832 2688 2887 locum
2728 2849 2795 2886 ex

498 2912 704 2967 Iuliani
743 2911 998 2982 epistolis
1036 2912 1360 2980 excerptum

639 2993 790 3047 XLII
826 2992 978 3047 Eud.
1017 3011 1070 3062 p.
1104 2996 1222 3058 103,
1262 3009 1404 3060 quae
1442 2993 1523 3048 sie
1557 2992 1734 3047 vitam
1770 2988 2091 3059 descripsit:
2127 2983 2224 3043 Ἀν.
2270 2993 2368 3058 Τη.
2399 2993 2515 3086 λυρ.
2548 2989 2796 3060 ἔγραψεν

502 3068 721 3144 ἐλεγεῖα
761 3105 828 3113 -
866 3073 1168 3142 διαλέκτῳ,
1213 3071 1310 3125 καὶ
1358 3075 1629 3144 παροίνια
1678 3068 1814 3140 μέλη
1862 3069 1961 3123 καὶ
2005 3089 2075 3124 τα
2122 3065 2446 3139 καλούμενα
2478 3065 2797 3138 Ἀνακρεόν-

497 3171 620 3207 τεια
658 3151 890 3221 reliquis
931 3151 1148 3206 omissis
1295 3156 1325 3205 ‘1
1359 3147 1760 3222 Ἀριστοκρίτου
1798 3144 1977 3204 αὐτὸν
2012 3156 2055 3201 Ε
2096 3145 2351 3218 ἐλεγείαν
2389 3154 2436 3202 Δ
2586 3156 2619 3204 8
2655 3147 2795 3204 πάν-

498 3251 589 3294 τες
622 3237 664 3287 Β
846 3238 877 3284 9
925 3227 1008 3302 ξβ’
1055 3230 1330 3286 Κιιειεναε
1377 3235 1434 3287 et
1481 3232 1707 3288 Clinton
1751 3248 1805 3299 p.
1849 3235 1935 3282 13
1952 3229 2075 3298 Κικ,
2124 3229 2222 3283 sed
2268 3229 2337 3283 cf.
2384 3229 2609 3298 Rohde‚
2655 3231 2793 3284 Mus.

498 3312 674 3366 Rhen.
713 3309 947 3364 XXXIII
986 3329 1038 3380 p.
1076 3317 1202 3380 190,
1242 3311 1338 3380 qui
1374 3311 1641 3381 Hesychii
1678 3325 1921 3365 errorem
1959 3308 2181 3377 aperuit
2328 3316 2392 3363 10
2430 3306 2511 3364 νε’
2554 3310 2795 3374 Olinton,

499 3387 581 3463 ξβ’
612 3391 820 3458 Faber,
855 3390 1054 3446 Anaer.
1093 3409 1148 3460 Ρ.
1183 3397 1282 3445 112
1313 3386 1393 3445 κε’
1416 3391 1559 3461 plur.
1598 3389 1730 3445 libri
1767 3386 1848 3457 ηε’
1878 3393 1925 3441 Δ
1960 3385 2040 3442 νε’
2073 3388 2409 3455 Gaisfordus
2524 3396 2591 3444 14
2629 3390 2798 3446 verba

498 3469 595 3524 καὶ
635 3467 871 3541 ἰάμβους
909 3471 1278 3541 expungenda
1315 3473 1470 3538 sunt,
1510 3469 1720 3540 quippe
1758 3485 1901 3538 quae
1930 3469 2043 3523 iam
2075 3485 2245 3540 supra
2272 3471 2477 3524 extent.
2536 3469 2794 3526 Ceiaerum

497 3551 912 3605 animadvertas
963 3551 1211 3605 ordinem
1262 3551 1436 3605 totius
1492 3549 1645 3603 vitae
1699 3565 2024 3618 perversum
2065 3550 2201 3603 ''esse
2258 3551 2488 3619 propter
2545 3547 2796 3620 ἔγραψεν

499 3627 718 3700 ἐλεγεῖα
757 3633 816 3684 et
850 3631 996 3686 infra
1031 3631 1332 3701 repetibum
1367 3629 1466 3684 καὶ
1499 3628 1820 3700 συνέγραψε
1860 3629 1944 3683 ita
1977 3632 2043 3684 ut
2080 3632 2331 3684 extrema
2358 3630 2531 3684 verba
2558 3629 2793 3684 fortasse

499 3709 688 3780 spuria
733 3726 853 3764 esse
901 3711 1144 3766 conicias
1327 3705 1716 3778 Ἀνακρεόντια
1762 3710 1860 3764 sed
1898 3729 1924 3763 ε
1974 3726 2247 3780 suprascr.
2285 3716 2345 3767 A.
2422 3707 2683 3765 Ceterum
2725 3708 2792 3762 ef.

499 3790 670 3844 schol.
709 3790 925 3846 Platon.
966 3789 1043 3844 VI
1081 3809 1134 3860 p.
1175 3795 1278 3844 266
1316 3787 1531 3842 Herm.:
1583 3782 1889 3860 Ἀνακρέων
1937 3787 2001 3844 δὲ
2050 3789 2147 3845 καὶ
2195 3781 2359 3851 οὗτος
2402 3785 2630 3860 λυρικὸς
2675 3806 2793 3844 ποι-

498 3869 658 3942 ητής,
697 3869 992 3924 Σκυθίνου
1031 3865 1066 3939 ἢ
1107 3871 1470 3940 Παρθενίου,
1513 3865 1709 3939 Τήϊος,
1750 3872 1807 3924 et
1833 3887 1977 3939 quae
2016 3869 2159 3924 dixit
2188 3871 2483 3936 Mettauer,
2520 3870 2590 3923 de
2620 3867 2789 3923 schol.

497 3953 641 4007 Plass.
681 3951 820 4007 font.
861 3969 914 4021 Ρ.
956 3957 1023 4006 59

641 4032 818 4086 XLIII
855 4031 1006 4085 Eud.
1037 4049 1088 4100 p.
1124 4037 1239 4086 103.
1289 4030 1370 4084 Cf.
1401 4029 1659 4085 Meineke
1689 4031 1713 4082 I
1741 4047 1795 4098 p.
1826 4035 2001 4097 367a3
2040 4028 2231 4096 Daub,
2259 4027 2459 4082 Annal.
2491 4025 2633 4080 Phil.
2660 4031 2789 4082 1881

497 4131 550 4182 Ρ.
573 4117 676 4166 262
690 4128 802 4180 seq.
926 4117 990 4166 16
1018 4111 1191 4166 verba.
1218 4105 1363 4166 κατὰ
1395 4141 1461 4149 -
1492 4114 1623 4165 Κολ.
1663 4110 1772 4163 hue
1809 4110 2155 4178 bransposui‚
2194 4125 2337 4179 quae
2373 4108 2505 4163 libri
2533 4111 2672 4180 post
2708 4104 2789 4176 ρη’

497 4194 789 4262 praestant
901 4187 1147 4260 γεγονὼς
1185 4186 1263 4246 ὄλ.
1303 4186 1390 4260 ρα’
1430 4189 1527 4243 καὶ
1568 4185 1630 4243 έν
1668 4195 1784 4251 τοῖς
1821 4183 1910 4258 άγ.
1944 4188 2169 4244 Glinton
2196 4207 2250 4258 p.
2284 4194 2384 4242 149
2414 4187 2507 4242 ΚΥ.
2546 4183 2793 4256 γεγονώς

501 4269 564 4324 ἑν
609 4278 727 4333 τοῖς
774 4265 861 4339 άγ.
911 4273 1028 4324 Φιλ.
1077 4291 1123 4324 τ.
1165 4275 1346 4340 Μακ.,
1391 4266 1661 4338 Ὀλύμπια
1708 4265 2047 4337 ποιήσαντος
2093 4270 2204 4338 (vel
2251 4270 2577 4338 διαθέντος)
2625 4267 2788 4338 ὄλυμ-

500 4345 664 4402 πιάδι
702 4347 786 4418 §vs
826 4351 1160 4418 Bernhardy
