<?xml version="1.0" encoding="UTF-8"?>
<!DOCTYPE html PUBLIC "-//W3C//DTD XHTML 1.0 Transitional//EN"
    "http://www.w3.org/TR/xhtml1/DTD/xhtml1-transitional.dtd">
<html xmlns="http://www.w3.org/1999/xhtml" xml:lang="en" lang="en">
 <head>
  <title>
</title>
<meta http-equiv="Content-Type" content="text/html;charset=utf-8" />
  <meta name='ocr-system' content='tesseract 3.04.00' />
  <meta name='ocr-capabilities' content='ocr_page ocr_carea ocr_par ocr_line ocrx_word'/>
</head>
<body>
  <div class='ocr_page' id='page_1' title='image "./hesychiimilesii04flacgoog_0135.png"; bbox 0 0 3025 4892; ppageno 0'>
   <div class='ocr_carea' id='block_1_1' title="bbox 1115 206 2469 274">
    <p class='ocr_par' dir='ltr' id='par_1_1' title="bbox 1115 206 2469 274">
     <span class='ocr_line' id='line_1_1' title="bbox 1115 206 2469 274; baseline 0.006 -10"><span class='ocrx_word' id='word_1_1' title='bbox 1115 207 1545 266; x_wconf 81' lang='lat' dir='ltr'>HESYCHIUS.</span> <span class='ocrx_word' id='word_1_2' title='bbox 2382 206 2469 274; x_wconf 82' lang='grc'><strong><em>47</em></strong></span> 
     </span>
    </p>
   </div>
   <div class='ocr_carea' id='block_1_2' title="bbox 165 365 2552 1955">
    <p class='ocr_par' dir='ltr' id='par_1_2' title="bbox 180 365 2473 566">
     <span class='ocr_line' id='line_1_2' title="bbox 351 365 2473 460; baseline 0.001 -22"><span class='ocrx_word' id='word_1_3' title='bbox 351 369 760 438; x_wconf 84' lang='lat' dir='ltr'>CLXXXIV.</span> <span class='ocrx_word' id='word_1_4' title='bbox 833 367 1204 456; x_wconf 91' lang='grc' dir='ltr'><strong><em>Δημήτρ</em></strong></span> <span class='ocrx_word' id='word_1_5' title='bbox 1226 396 1249 436; x_wconf 96' lang='grc' dir='ltr'><strong><em>ι</em></strong></span> <span class='ocrx_word' id='word_1_6' title='bbox 1271 394 1361 448; x_wconf 84' lang='grc' dir='ltr'><strong><em>ος</em></strong></span> <span class='ocrx_word' id='word_1_7' title='bbox 1410 365 1467 436; x_wconf 90' lang='lat' dir='ltr'><strong><em>&#39;I</em></strong></span> <span class='ocrx_word' id='word_1_8' title='bbox 1478 374 1518 435; x_wconf 88' lang='grc' dir='ltr'><strong><em>λ</em></strong></span> <span class='ocrx_word' id='word_1_9' title='bbox 1540 365 1733 450; x_wconf 81' lang='grc' dir='ltr'><strong><em>ιεὺς</em></strong></span> <span class='ocrx_word' id='word_1_10' title='bbox 1788 367 2135 458; x_wconf 73' lang='grc' dir='ltr'><strong><em>ἱστορικός.</em></strong></span> <span class='ocrx_word' id='word_1_11' title='bbox 2228 374 2473 460; x_wconf 76' lang='grc' dir='ltr'><strong><em>ἔγραψε</em></strong></span> 
     </span>
     <span class='ocr_line' id='line_1_3' title="bbox 180 477 1172 566; baseline 0 -23"><span class='ocrx_word' id='word_1_12' title='bbox 180 477 446 566; x_wconf 83' lang='grc' dir='ltr'><strong><em>Τρωικὰ</em></strong></span> <span class='ocrx_word' id='word_1_13' title='bbox 493 479 567 545; x_wconf 91' lang='grc' dir='ltr'><strong><em>ἐν</em></strong></span> <span class='ocrx_word' id='word_1_14' title='bbox 613 481 900 564; x_wconf 80' lang='grc' dir='ltr'><strong><em>βιβλίοις</em></strong></span> <span class='ocrx_word' id='word_1_15' title='bbox 944 484 1172 544; x_wconf 78' lang='grc' dir='ltr'><strong><em>εἴκοσι.</em></strong></span> 
     </span>
    </p>

    <p class='ocr_par' dir='ltr' id='par_1_3' title="bbox 165 577 2552 1634">
     <span class='ocr_line' id='line_1_4' title="bbox 348 577 2473 671; baseline 0.001 -20"><span class='ocrx_word' id='word_1_16' title='bbox 348 585 722 652; x_wconf 85' lang='lat' dir='ltr'>CLXXXV.</span> <span class='ocrx_word' id='word_1_17' title='bbox 797 579 1253 669; x_wconf 84' lang='grc' dir='ltr'><strong><em>Δημήτριος</em></strong></span> <span class='ocrx_word' id='word_1_18' title='bbox 1307 577 1343 648; x_wconf 85' lang='grc' dir='ltr'><strong>ὅ</strong></span> <span class='ocrx_word' id='word_1_19' title='bbox 1403 581 1678 666; x_wconf 85' lang='grc' dir='ltr'><strong><em>ἐπίκλην</em></strong></span> <span class='ocrx_word' id='word_1_20' title='bbox 1718 578 1968 668; x_wconf 79' lang='grc' dir='ltr'><strong><em>Ἰξίων,</em></strong></span> <span class='ocrx_word' id='word_1_21' title='bbox 2022 583 2473 671; x_wconf 78' lang='grc' dir='ltr'><strong><em>γραμματικὸς</em></strong></span> 
     </span>
     <span class='ocr_line' id='line_1_5' title="bbox 165 683 2472 779; baseline 0.001 -22"><span class='ocrx_word' id='word_1_22' title='bbox 165 687 720 778; x_wconf 83' lang='grc' dir='ltr'><strong><em>Ἀδραμυττηνός,</em></strong></span> <span class='ocrx_word' id='word_1_23' title='bbox 765 686 1057 776; x_wconf 76' lang='grc' dir='ltr'><strong><em>γεγονὼς</em></strong></span> <span class='ocrx_word' id='word_1_24' title='bbox 1099 683 1265 754; x_wconf 80' lang='grc' dir='ltr'><strong><em>κατὰ</em></strong></span> <span class='ocrx_word' id='word_1_25' title='bbox 1309 683 1466 766; x_wconf 82' lang='grc' dir='ltr'><strong><em>τοὺς</em></strong></span> <span class='ocrx_word' id='word_1_26' title='bbox 1512 683 1918 773; x_wconf 75' lang='grc' dir='ltr'><strong><em>Αὐγούστου</em></strong></span> <span class='ocrx_word' id='word_1_27' title='bbox 1960 694 2084 758; x_wconf 85' lang='grc' dir='ltr'><strong><em>τοῦ</em></strong></span> <span class='ocrx_word' id='word_1_28' title='bbox 2129 696 2472 779; x_wconf 84' lang='grc' dir='ltr'><strong><em>Καίσαρος</em></strong></span> 
     </span>
     <span class='ocr_line' id='line_1_6' title="bbox 167 791 2525 885; baseline 0.001 -21"><span class='ocrx_word' id='word_1_29' title='bbox 167 795 490 884; x_wconf 66' lang='grc' dir='ltr'><strong><em>χρόνους,</em></strong></span> <span class='ocrx_word' id='word_1_30' title='bbox 537 793 612 877; x_wconf 80' lang='grc' dir='ltr'><strong><em>ὃς</em></strong></span> <span class='ocrx_word' id='word_1_31' title='bbox 658 797 995 884; x_wconf 77' lang='grc' dir='ltr'><strong><em>διέτριψεν</em></strong></span> <span class='ocrx_word' id='word_1_32' title='bbox 1041 795 1118 862; x_wconf 77' lang='grc' dir='ltr'><strong><em>ἐν</em></strong></span> <span class='ocrx_word' id='word_1_33' title='bbox 1171 791 1519 885; x_wconf 72' lang='grc' dir='ltr'><strong><em>Περγάμῳ.</em></strong></span> <span class='ocrx_word' id='word_1_34' title='bbox 1611 795 1944 882; x_wconf 78' lang='grc' dir='ltr'><strong><em>ἐπεκλήθη</em></strong></span> <span class='ocrx_word' id='word_1_35' title='bbox 1992 797 2068 866; x_wconf 73' lang='grc' dir='ltr'><strong><em>δὲ</em></strong></span> <span class='ocrx_word' id='word_1_36' title='bbox 2102 801 2334 884; x_wconf 85' lang='grc' dir='ltr'><strong><em>τοῦτο,</em></strong></span> <span class='ocrx_word' id='word_1_37' title='bbox 2382 795 2473 880; x_wconf 78' lang='grc' dir='ltr'><strong><em>ὥς</em></strong></span> <span class='ocrx_word' id='word_1_38' title='bbox 2498 823 2525 866; x_wconf 79' lang='lat'><strong>⁶</strong></span> 
     </span>
     <span class='ocr_line' id='line_1_7' title="bbox 168 899 2471 998; baseline 0.001 -28"><span class='ocrx_word' id='word_1_39' title='bbox 168 904 292 989; x_wconf 81' lang='grc' dir='ltr'><strong><em>μέν</em></strong></span> <span class='ocrx_word' id='word_1_40' title='bbox 337 929 537 991; x_wconf 88' lang='grc' dir='ltr'><strong><em>τινες,</em></strong></span> <span class='ocrx_word' id='word_1_41' title='bbox 585 901 760 971; x_wconf 87' lang='grc' dir='ltr'><strong><em>διότι</em></strong></span> <span class='ocrx_word' id='word_1_42' title='bbox 796 902 1070 980; x_wconf 85' lang='grc' dir='ltr'><strong><em>λεπίδας</em></strong></span> <span class='ocrx_word' id='word_1_43' title='bbox 1112 902 1362 987; x_wconf 78' lang='grc' dir='ltr'><strong><em>χρυσᾶς</em></strong></span> <span class='ocrx_word' id='word_1_44' title='bbox 1405 899 1707 968; x_wconf 79' lang='grc' dir='ltr'><strong><em>κλέπτων</em></strong></span> <span class='ocrx_word' id='word_1_45' title='bbox 1742 907 1865 970; x_wconf 87' lang='grc' dir='ltr'><strong><em>τοῦ</em></strong></span> <span class='ocrx_word' id='word_1_46' title='bbox 1901 904 1975 971; x_wconf 88' lang='grc' dir='ltr'><strong><em>ἐν</em></strong></span> <span class='ocrx_word' id='word_1_47' title='bbox 2009 899 2471 998; x_wconf 74' lang='grc' dir='ltr'><strong><em>Ἀλεξανδρείᾳ</em></strong></span> 
     </span>
     <span class='ocr_line' id='line_1_8' title="bbox 166 1003 2471 1099; baseline 0.002 -23"><span class='ocrx_word' id='word_1_48' title='bbox 166 1014 281 1096; x_wconf 83' lang='grc' dir='ltr'><strong><em>τῆς</em></strong></span> <span class='ocrx_word' id='word_1_49' title='bbox 310 1008 523 1099; x_wconf 67' lang='grc' dir='ltr'><strong><em>’Ἡρας</em></strong></span> <span class='ocrx_word' id='word_1_50' title='bbox 567 1007 947 1096; x_wconf 77' lang='grc' dir='ltr'><strong><em>ἀγάλματος</em></strong></span> <span class='ocrx_word' id='word_1_51' title='bbox 993 1005 1344 1094; x_wconf 77' lang='grc' dir='ltr'><strong><em>ἐφωράθη,</em></strong></span> <span class='ocrx_word' id='word_1_52' title='bbox 1391 1003 1483 1086; x_wconf 77' lang='grc' dir='ltr'><strong><em>ὥς</em></strong></span> <span class='ocrx_word' id='word_1_53' title='bbox 1530 1005 1605 1075; x_wconf 74' lang='grc' dir='ltr'><strong><em>δὲ</em></strong></span> <span class='ocrx_word' id='word_1_54' title='bbox 1650 1006 1867 1094; x_wconf 76' lang='grc' dir='ltr'><strong><em>ἄλλοι,</em></strong></span> <span class='ocrx_word' id='word_1_55' title='bbox 1914 1007 2017 1078; x_wconf 81' lang='grc' dir='ltr'><strong><em>ὅτι</em></strong></span> <span class='ocrx_word' id='word_1_56' title='bbox 2054 1007 2471 1098; x_wconf 79' lang='grc' dir='ltr'><strong><em>ἀπεσύλησεν</em></strong></span> 
     </span>
     <span class='ocr_line' id='line_1_9' title="bbox 167 1113 2471 1208; baseline 0.002 -24"><span class='ocrx_word' id='word_1_57' title='bbox 167 1114 608 1204; x_wconf 84' lang='grc' dir='ltr'><strong><em>Εὐριπίδειον</em></strong></span> <span class='ocrx_word' id='word_1_58' title='bbox 652 1116 1021 1203; x_wconf 84' lang='grc' dir='ltr'><strong><em>Φιλότιμον</em></strong></span> <span class='ocrx_word' id='word_1_59' title='bbox 1065 1115 1138 1182; x_wconf 88' lang='grc' dir='ltr'><strong><em>τὸ</em></strong></span> <span class='ocrx_word' id='word_1_60' title='bbox 1189 1116 1412 1202; x_wconf 78' lang='grc' dir='ltr'><strong><em>δρᾶμα</em></strong></span> <span class='ocrx_word' id='word_1_61' title='bbox 1459 1119 1615 1202; x_wconf 81' lang='grc' dir='ltr'><strong><em>ἔχον</em></strong></span> <span class='ocrx_word' id='word_1_62' title='bbox 1651 1113 1773 1185; x_wconf 87' lang='grc' dir='ltr'><strong><em>τὸν</em></strong></span> <span class='ocrx_word' id='word_1_63' title='bbox 1804 1115 2069 1205; x_wconf 77' lang='grc' dir='ltr'><strong><em>Ἰξίονα,</em></strong></span> <span class='ocrx_word' id='word_1_64' title='bbox 2120 1120 2331 1208; x_wconf 77' lang='grc' dir='ltr'><strong><em>ἕτεροι</em></strong></span> <span class='ocrx_word' id='word_1_65' title='bbox 2374 1116 2471 1207; x_wconf 77' lang='grc' dir='ltr'><strong><em>δέ,</em></strong></span> 
     </span>
     <span class='ocr_line' id='line_1_10' title="bbox 170 1216 2471 1315; baseline 0.001 -23"><span class='ocrx_word' id='word_1_66' title='bbox 170 1219 269 1292; x_wconf 81' lang='grc' dir='ltr'><strong><em>ὅτι</em></strong></span> <span class='ocrx_word' id='word_1_67' title='bbox 307 1227 404 1315; x_wconf 77' lang='grc' dir='ltr'><strong><em>τῷ</em></strong></span> <span class='ocrx_word' id='word_1_68' title='bbox 443 1223 826 1315; x_wconf 78' lang='grc' dir='ltr'><strong><em>διδασκάλω</em></strong></span> <span class='ocrx_word' id='word_1_69' title='bbox 849 1220 1252 1312; x_wconf 81' lang='grc' dir='ltr'><strong><em>Ἀριστάρχφ</em></strong></span> <span class='ocrx_word' id='word_1_70' title='bbox 1293 1216 1671 1310; x_wconf 83' lang='grc' dir='ltr'><strong><em>άντήρισεν,</em></strong></span> <span class='ocrx_word' id='word_1_71' title='bbox 1710 1243 1933 1311; x_wconf 88' lang='grc' dir='ltr'><strong><em>ωσπερ</em></strong></span> <span class='ocrx_word' id='word_1_72' title='bbox 1970 1219 2007 1292; x_wconf 87' lang='grc' dir='ltr'><strong>ὁ</strong></span> <span class='ocrx_word' id='word_1_73' title='bbox 2042 1222 2255 1306; x_wconf 81' lang='grc' dir='ltr'><strong><em>Ἰξίων</em></strong></span> <span class='ocrx_word' id='word_1_74' title='bbox 2290 1225 2471 1315; x_wconf 81' lang='grc' dir='ltr'><strong><em>εὐερ-</em></strong></span> 
     </span>
     <span class='ocr_line' id='line_1_11' title="bbox 167 1324 2552 1430; baseline 0.003 -34"><span class='ocrx_word' id='word_1_75' title='bbox 167 1329 527 1416; x_wconf 75' lang='grc' dir='ltr'><strong><em>γετήσασιν</em></strong></span> <span class='ocrx_word' id='word_1_76' title='bbox 587 1328 797 1399; x_wconf 83' lang='grc' dir='ltr'><strong><em>αὐτὸν</em></strong></span> <span class='ocrx_word' id='word_1_77' title='bbox 831 1343 974 1430; x_wconf 78' lang='grc' dir='ltr'><strong><em>τοῖς</em></strong></span> <span class='ocrx_word' id='word_1_78' title='bbox 1017 1337 1208 1408; x_wconf 76' lang='grc' dir='ltr'><strong><em>θεοῖς</em></strong></span> <span class='ocrx_word' id='word_1_79' title='bbox 1251 1324 1634 1416; x_wconf 77' lang='grc' dir='ltr'><strong><em>ἀχαριστεῖν</em></strong></span> <span class='ocrx_word' id='word_1_80' title='bbox 1692 1332 2132 1419; x_wconf 76' lang='grc' dir='ltr'><strong><em>ἐπεχείρησεν.</em></strong></span> <span class='ocrx_word' id='word_1_81' title='bbox 2222 1338 2468 1421; x_wconf 81' lang='grc' dir='ltr'><strong><em>ἔγραψε</em></strong></span> <span class='ocrx_word' id='word_1_82' title='bbox 2502 1361 2552 1402; x_wconf 85' lang='grc' dir='ltr'><strong><em>ιο</em></strong></span> 
     </span>
     <span class='ocr_line' id='line_1_12' title="bbox 174 1433 2472 1526; baseline 0.003 -22"><span class='ocrx_word' id='word_1_83' title='bbox 174 1436 271 1520; x_wconf 73' lang='grc' dir='ltr'><strong><em>[δὲ</em></strong></span> <span class='ocrx_word' id='word_1_84' title='bbox 317 1436 563 1524; x_wconf 81' lang='grc' dir='ltr'><strong><em>πολλὰ]</em></strong></span> <span class='ocrx_word' id='word_1_85' title='bbox 611 1439 762 1526; x_wconf 82' lang='grc' dir='ltr'><strong><em>περὶ</em></strong></span> <span class='ocrx_word' id='word_1_86' title='bbox 806 1440 944 1505; x_wconf 75' lang='grc' dir='ltr'><strong><em>τῶν</em></strong></span> <span class='ocrx_word' id='word_1_87' title='bbox 1001 1439 1095 1515; x_wconf 81' lang='grc' dir='ltr'><strong><em>εἰς</em></strong></span> <span class='ocrx_word' id='word_1_88' title='bbox 1138 1461 1214 1524; x_wconf 89' lang='grc' dir='ltr'><strong><em>μι</em></strong></span> <span class='ocrx_word' id='word_1_89' title='bbox 1260 1433 1607 1521; x_wconf 81' lang='grc' dir='ltr'><strong><em>ληγόντων</em></strong></span> <span class='ocrx_word' id='word_1_90' title='bbox 1654 1435 2001 1525; x_wconf 72' lang='grc' dir='ltr'><strong><em>ῥημάτων,</em></strong></span> <span class='ocrx_word' id='word_1_91' title='bbox 2054 1439 2203 1525; x_wconf 80' lang='grc' dir='ltr'><strong><em>περὶ</em></strong></span> <span class='ocrx_word' id='word_1_92' title='bbox 2262 1438 2472 1510; x_wconf 84' lang='grc' dir='ltr'><strong><em>άντω-</em></strong></span> 
     </span>
     <span class='ocr_line' id='line_1_13' title="bbox 169 1540 2475 1634; baseline 0.002 -24"><span class='ocrx_word' id='word_1_93' title='bbox 169 1547 467 1632; x_wconf 79' lang='grc' dir='ltr'><strong><em>νυμιῶν,</em></strong></span> <span class='ocrx_word' id='word_1_94' title='bbox 513 1549 609 1625; x_wconf 81' lang='grc' dir='ltr'><strong><em>εἰς</em></strong></span> <span class='ocrx_word' id='word_1_95' title='bbox 646 1541 944 1634; x_wconf 85' lang='grc' dir='ltr'><strong><em>Ὅμηρον</em></strong></span> <span class='ocrx_word' id='word_1_96' title='bbox 983 1540 1327 1631; x_wconf 79' lang='grc' dir='ltr'><strong><em>ἐξήγησιν,</em></strong></span> <span class='ocrx_word' id='word_1_97' title='bbox 1377 1547 1472 1622; x_wconf 83' lang='grc' dir='ltr'><strong><em>είς</em></strong></span> <span class='ocrx_word' id='word_1_98' title='bbox 1497 1540 1821 1614; x_wconf 89' lang='grc' dir='ltr'><strong><em>Ἡσίοδον</em></strong></span> <span class='ocrx_word' id='word_1_99' title='bbox 1854 1542 2102 1633; x_wconf 82' lang='grc' dir='ltr'><strong><em>ὁμοίως</em></strong></span> <span class='ocrx_word' id='word_1_100' title='bbox 2137 1545 2247 1614; x_wconf 80' lang='grc' dir='ltr'><strong><em>καὶ</em></strong></span> <span class='ocrx_word' id='word_1_101' title='bbox 2287 1545 2475 1615; x_wconf 80' lang='grc' dir='ltr'><strong><em>ἄλλα.</em></strong></span> 
     </span>
    </p>

    <p class='ocr_par' dir='ltr' id='par_1_4' title="bbox 169 1649 2552 1955">
     <span class='ocr_line' id='line_1_14' title="bbox 351 1649 2475 1743; baseline 0.001 -25"><span class='ocrx_word' id='word_1_102' title='bbox 351 1653 762 1721; x_wconf 83' lang='lat' dir='ltr'>CLXXXVI.</span> <span class='ocrx_word' id='word_1_103' title='bbox 818 1649 1273 1738; x_wconf 90' lang='grc' dir='ltr'><strong><em>Δημήτριος</em></strong></span> <span class='ocrx_word' id='word_1_104' title='bbox 1315 1649 1795 1737; x_wconf 84' lang='grc' dir='ltr'><strong><em>Φανοστράτου</em></strong></span> <span class='ocrx_word' id='word_1_105' title='bbox 1836 1651 2184 1740; x_wconf 83' lang='grc' dir='ltr'><strong><em>Φαληρεύς</em></strong></span> <span class='ocrx_word' id='word_1_106' title='bbox 2216 1652 2475 1743; x_wconf 83' lang='grc' dir='ltr'><strong><em>(Φάλη-</em></strong></span> 
     </span>
     <span class='ocr_line' id='line_1_15' title="bbox 169 1751 2469 1847; baseline 0 -21"><span class='ocrx_word' id='word_1_107' title='bbox 169 1784 294 1844; x_wconf 88' lang='grc' dir='ltr'><strong><em>ρον</em></strong></span> <span class='ocrx_word' id='word_1_108' title='bbox 335 1757 411 1826; x_wconf 78' lang='grc' dir='ltr'><strong><em>δὲ</em></strong></span> <span class='ocrx_word' id='word_1_109' title='bbox 439 1759 646 1847; x_wconf 84' lang='grc' dir='ltr'><strong><em>λιμὴν</em></strong></span> <span class='ocrx_word' id='word_1_110' title='bbox 669 1762 788 1845; x_wconf 84' lang='grc' dir='ltr'><strong><em>τῆς</em></strong></span> <span class='ocrx_word' id='word_1_111' title='bbox 819 1755 1162 1846; x_wconf 77' lang='grc' dir='ltr'><strong><em>Ἀττικῆς),</em></strong></span> <span class='ocrx_word' id='word_1_112' title='bbox 1191 1751 1270 1836; x_wconf 79' lang='grc' dir='ltr'><strong><em>ὃς</em></strong></span> <span class='ocrx_word' id='word_1_113' title='bbox 1293 1755 1370 1824; x_wconf 87' lang='grc' dir='ltr'><strong><em>τὸ</em></strong></span> <span class='ocrx_word' id='word_1_114' title='bbox 1399 1759 1666 1845; x_wconf 77' lang='grc' dir='ltr'><strong><em>πρῶτον</em></strong></span> <span class='ocrx_word' id='word_1_115' title='bbox 1701 1757 1926 1839; x_wconf 88' lang='grc' dir='ltr'><strong><em>Φανὸς</em></strong></span> <span class='ocrx_word' id='word_1_116' title='bbox 1954 1760 2247 1827; x_wconf 76' lang='grc' dir='ltr'><strong><em>ἐκαλεῖτο</em></strong></span> <span class='ocrx_word' id='word_1_117' title='bbox 2279 1759 2469 1846; x_wconf 90' lang='grc' dir='ltr'><strong><em>φιλό-</em></strong></span> 
     </span>
     <span class='ocr_line' id='line_1_16' title="bbox 174 1860 2552 1955; baseline 0.002 -23"><span class='ocrx_word' id='word_1_118' title='bbox 174 1885 391 1953; x_wconf 88' lang='grc' dir='ltr'><strong><em>σοφος</em></strong></span> <span class='ocrx_word' id='word_1_119' title='bbox 423 1863 946 1953; x_wconf 83' lang='grc' dir='ltr'><strong><em>περιπατητικός.</em></strong></span> <span class='ocrx_word' id='word_1_120' title='bbox 1013 1864 1334 1950; x_wconf 81' lang='grc' dir='ltr'><strong><em>[γέγραφε</em></strong></span> <span class='ocrx_word' id='word_1_121' title='bbox 1370 1860 1715 1949; x_wconf 90' lang='grc' dir='ltr'><strong><em>φιλόσοφά</em></strong></span> <span class='ocrx_word' id='word_1_122' title='bbox 1760 1889 1829 1932; x_wconf 92' lang='grc' dir='ltr'><strong><em>τε</em></strong></span> <span class='ocrx_word' id='word_1_123' title='bbox 1874 1866 1985 1933; x_wconf 82' lang='grc' dir='ltr'><strong><em>καὶ</em></strong></span> <span class='ocrx_word' id='word_1_124' title='bbox 2024 1865 2323 1955; x_wconf 78' lang='grc' dir='ltr'><strong><em>ἱστορικὰ</em></strong></span> <span class='ocrx_word' id='word_1_125' title='bbox 2358 1867 2471 1934; x_wconf 80' lang='grc' dir='ltr'><strong><em>καὶ</em></strong></span> <span class='ocrx_word' id='word_1_126' title='bbox 2502 1897 2552 1938; x_wconf 76' lang='lat'><strong><em>15</em></strong></span> 
     </span>
    </p>
   </div>
   <div class='ocr_carea' id='block_1_3' title="bbox 175 2022 606 2030">
    <p class='ocr_par' dir='ltr' id='par_1_5' title="bbox 175 2022 606 2030">
     <span class='ocr_line' id='line_1_17' title="bbox 175 2022 606 2030; baseline 0 0"><span class='ocrx_word' id='word_1_127' title='bbox 175 2022 606 2030; x_wconf 95' lang='lat' dir='ltr'><strong><em> </em></strong></span> 
     </span>
    </p>
   </div>
   <div class='ocr_carea' id='block_1_4' title="bbox 115 2110 2591 4360">
    <p class='ocr_par' dir='ltr' id='par_1_6' title="bbox 169 2110 2473 2508">
     <span class='ocr_line' id='line_1_18' title="bbox 171 2110 2470 2184; baseline 0.001 -15"><span class='ocrx_word' id='word_1_128' title='bbox 171 2117 436 2172; x_wconf 75' lang='lat' dir='ltr'>lacunam</span> <span class='ocrx_word' id='word_1_129' title='bbox 472 2115 863 2175; x_wconf 73' lang='lat' dir='ltr'><strong>indicaverunt</strong></span> <span class='ocrx_word' id='word_1_130' title='bbox 891 2111 1225 2184; x_wconf 74' lang='lat' dir='ltr'><strong><em>Bernhardy</em></strong></span> <span class='ocrx_word' id='word_1_131' title='bbox 1248 2110 1787 2168; x_wconf 76' lang='lat' dir='ltr'><strong><em>Bekker.Cete1-um</em></strong></span> <span class='ocrx_word' id='word_1_132' title='bbox 1827 2114 2078 2170; x_wconf 80' lang='lat' dir='ltr'><strong>ordinem</strong></span> <span class='ocrx_word' id='word_1_133' title='bbox 2115 2115 2290 2170; x_wconf 87' lang='lat' dir='ltr'><strong>totius</strong></span> <span class='ocrx_word' id='word_1_134' title='bbox 2319 2117 2470 2172; x_wconf 73' lang='lat' dir='ltr'><strong>vitae</strong></span> 
     </span>
     <span class='ocr_line' id='line_1_19' title="bbox 173 2191 2473 2266; baseline 0 -16"><span class='ocrx_word' id='word_1_135' title='bbox 173 2214 240 2250; x_wconf 83' lang='lat' dir='ltr'><strong><em>ex</em></strong></span> <span class='ocrx_word' id='word_1_136' title='bbox 273 2202 322 2251; x_wconf 99' lang='lat' dir='ltr'>A</span> <span class='ocrx_word' id='word_1_137' title='bbox 364 2196 616 2252; x_wconf 85' lang='lat' dir='ltr'><strong>restituit</strong></span> <span class='ocrx_word' id='word_1_138' title='bbox 653 2195 936 2264; x_wconf 62' lang='grc' dir='ltr'><strong><em>θαίεἷοτά,</em></strong></span> <span class='ocrx_word' id='word_1_139' title='bbox 973 2193 1147 2262; x_wconf 82' lang='lat' dir='ltr'><strong>vulgo</strong></span> <span class='ocrx_word' id='word_1_140' title='bbox 1183 2192 1332 2248; x_wconf 85' lang='lat' dir='ltr'><strong>enim</strong></span> <span class='ocrx_word' id='word_1_141' title='bbox 1365 2197 1510 2263; x_wconf 85' lang='grc' dir='ltr'><strong><em>Δημ.</em></strong></span> <span class='ocrx_word' id='word_1_142' title='bbox 1552 2191 1843 2262; x_wconf 76' lang='grc' dir='ltr'><strong><em>Λακιάδης</em></strong></span> <span class='ocrx_word' id='word_1_143' title='bbox 1880 2225 1947 2236; x_wconf 92' lang='lat'><strong><em>--</em></strong></span> <span class='ocrx_word' id='word_1_144' title='bbox 1986 2195 2082 2248; x_wconf 75' lang='grc' dir='ltr'><strong><em>καὶ</em></strong></span> <span class='ocrx_word' id='word_1_145' title='bbox 2119 2191 2390 2266; x_wconf 80' lang='grc' dir='ltr'><strong><em>διαδόχου</em></strong></span> <span class='ocrx_word' id='word_1_146' title='bbox 2429 2214 2473 2252; x_wconf 87' lang='lat' dir='ltr'><strong><em>s.</em></strong></span> 
     </span>
     <span class='ocr_line' id='line_1_20' title="bbox 169 2267 2473 2348; baseline -0.001 -16"><span class='ocrx_word' id='word_1_147' title='bbox 169 2278 259 2332; x_wconf 69' lang='lat' dir='ltr'><strong><em>fin.</em></strong></span> <span class='ocrx_word' id='word_1_148' title='bbox 305 2276 551 2348; x_wconf 86' lang='lat' dir='ltr'>proximi</span> <span class='ocrx_word' id='word_1_149' title='bbox 598 2275 805 2332; x_wconf 75' lang='lat' dir='ltr'><strong>saidae</strong></span> <span class='ocrx_word' id='word_1_150' title='bbox 857 2274 1082 2330; x_wconf 79' lang='lat' dir='ltr'>articuli</span> <span class='ocrx_word' id='word_1_151' title='bbox 1127 2275 1260 2344; x_wconf 86' lang='lat' dir='ltr'><strong><em>post</em></strong></span> <span class='ocrx_word' id='word_1_152' title='bbox 1305 2267 1399 2327; x_wconf 80' lang='grc' dir='ltr'><strong><em>ἐπ’</em></strong></span> <span class='ocrx_word' id='word_1_153' title='bbox 1443 2268 1803 2343; x_wconf 72' lang='grc' dir='ltr'><strong><em>Ἀλεξάνδρου</em></strong></span> <span class='ocrx_word' id='word_1_154' title='bbox 1850 2275 2206 2346; x_wconf 79' lang='lat' dir='ltr'><strong>legebantur,</strong></span> <span class='ocrx_word' id='word_1_155' title='bbox 2257 2276 2473 2344; x_wconf 83' lang='lat' dir='ltr'><strong>reliqua</strong></span> 
     </span>
     <span class='ocr_line' id='line_1_21' title="bbox 169 2347 2472 2429; baseline -0.001 -17"><span class='ocrx_word' id='word_1_156' title='bbox 169 2359 297 2426; x_wconf 82' lang='lat' dir='ltr'><strong><em>post</em></strong></span> <span class='ocrx_word' id='word_1_157' title='bbox 327 2353 690 2427; x_wconf 82' lang='grc' dir='ltr'><strong><em>Ἀντιπάτρου</em></strong></span> <span class='ocrx_word' id='word_1_158' title='bbox 729 2356 832 2411; x_wconf 84' lang='lat' dir='ltr'><strong>sic:</strong></span> <span class='ocrx_word' id='word_1_159' title='bbox 873 2349 1173 2426; x_wconf 76' lang='grc' dir='ltr'><strong><em>Δημάδης,</em></strong></span> <span class='ocrx_word' id='word_1_160' title='bbox 1209 2347 1333 2425; x_wconf 85' lang='grc' dir='ltr'><strong><em>μετ’</em></strong></span> <span class='ocrx_word' id='word_1_161' title='bbox 1360 2349 1714 2425; x_wconf 84' lang='grc' dir='ltr'><strong><em>Ἀντίπατρον</em></strong></span> <span class='ocrx_word' id='word_1_162' title='bbox 1742 2351 2095 2429; x_wconf 77' lang='grc' dir='ltr'><strong><em>βασιλεύσας.</em></strong></span> <span class='ocrx_word' id='word_1_163' title='bbox 2146 2351 2341 2428; x_wconf 80' lang='grc' dir='ltr'><strong><em>Θήβας</em></strong></span> <span class='ocrx_word' id='word_1_164' title='bbox 2370 2350 2472 2410; x_wconf 84' lang='grc' dir='ltr'><strong><em>άν-</em></strong></span> 
     </span>
     <span class='ocr_line' id='line_1_22' title="bbox 175 2429 1337 2508; baseline -0.003 -15"><span class='ocrx_word' id='word_1_165' title='bbox 175 2435 400 2508; x_wconf 84' lang='grc' dir='ltr'><strong><em>ἑστησε,</em></strong></span> <span class='ocrx_word' id='word_1_166' title='bbox 415 2431 702 2507; x_wconf 83' lang='grc' dir='ltr'><strong><em>Δημαίου</em></strong></span> <span class='ocrx_word' id='word_1_167' title='bbox 740 2467 808 2477; x_wconf 95' lang='grc'>-</span> <span class='ocrx_word' id='word_1_168' title='bbox 847 2430 942 2490; x_wconf 78' lang='grc' dir='ltr'><strong><em>ἐπ’</em></strong></span> <span class='ocrx_word' id='word_1_169' title='bbox 979 2429 1337 2505; x_wconf 73' lang='grc' dir='ltr'><strong><em>Ἀλεξάνδρου</em></strong></span> 
     </span>
    </p>

    <p class='ocr_par' dir='ltr' id='par_1_7' title="bbox 167 2515 2475 2988">
     <span class='ocr_line' id='line_1_23' title="bbox 312 2515 2470 2588; baseline 0 -15"><span class='ocrx_word' id='word_1_170' title='bbox 312 2517 639 2573; x_wconf 87' lang='lat' dir='ltr'>CLXXXIV</span> <span class='ocrx_word' id='word_1_171' title='bbox 684 2515 926 2573; x_wconf 76' lang='lat' dir='ltr'><strong>accessit</strong></span> <span class='ocrx_word' id='word_1_172' title='bbox 970 2531 1037 2570; x_wconf 87' lang='lat' dir='ltr'><strong><em>ex</em></strong></span> <span class='ocrx_word' id='word_1_173' title='bbox 1073 2515 1224 2569; x_wconf 80' lang='lat' dir='ltr'><strong><em>Eud.</em></strong></span> <span class='ocrx_word' id='word_1_174' title='bbox 1261 2534 1317 2585; x_wconf 88' lang='lat' dir='ltr'><strong><em>p.</em></strong></span> <span class='ocrx_word' id='word_1_175' title='bbox 1355 2522 1457 2570; x_wconf 88' lang='grc'><strong><em>221</em></strong></span> <span class='ocrx_word' id='word_1_176' title='bbox 1476 2560 1490 2586; x_wconf 90' lang='grc'><strong><em>,</em></strong></span> <span class='ocrx_word' id='word_1_177' title='bbox 1538 2534 1707 2588; x_wconf 78' lang='lat' dir='ltr'><strong>quam</strong></span> <span class='ocrx_word' id='word_1_178' title='bbox 1744 2516 2001 2571; x_wconf 78' lang='lat' dir='ltr'><strong>Eustath.</strong></span> <span class='ocrx_word' id='word_1_179' title='bbox 2046 2533 2102 2585; x_wconf 88' lang='lat' dir='ltr'><strong><em>p.</em></strong></span> <span class='ocrx_word' id='word_1_180' title='bbox 2146 2522 2283 2572; x_wconf 84' lang='grc'>1696</span> <span class='ocrx_word' id='word_1_181' title='bbox 2321 2534 2470 2574; x_wconf 87' lang='lat' dir='ltr'><strong>com-</strong></span> 
     </span>
     <span class='ocr_line' id='line_1_24' title="bbox 167 2595 2475 2668; baseline 0.001 -18"><span class='ocrx_word' id='word_1_182' title='bbox 167 2597 375 2667; x_wconf 78' lang='lat' dir='ltr'><strong>pilasse</strong></span> <span class='ocrx_word' id='word_1_183' title='bbox 411 2598 578 2668; x_wconf 75' lang='lat' dir='ltr'><strong>putat</strong></span> <span class='ocrx_word' id='word_1_184' title='bbox 619 2597 802 2653; x_wconf 76' lang='lat' dir='ltr'><strong>Pulch</strong></span> <span class='ocrx_word' id='word_1_185' title='bbox 836 2615 891 2666; x_wconf 91' lang='lat' dir='ltr'><strong><em>p.</em></strong></span> <span class='ocrx_word' id='word_1_186' title='bbox 930 2601 1026 2660; x_wconf 82' lang='lat'><strong><em>803</em></strong></span> <span class='ocrx_word' id='word_1_187' title='bbox 1073 2595 1267 2664; x_wconf 83' lang='lat' dir='ltr'><strong>itaque</strong></span> <span class='ocrx_word' id='word_1_188' title='bbox 1304 2597 1374 2651; x_wconf 86' lang='lat' dir='ltr'><strong><em>de</em></strong></span> <span class='ocrx_word' id='word_1_189' title='bbox 1414 2599 1569 2652; x_wconf 78' lang='lat' dir='ltr'><strong>fonte</strong></span> <span class='ocrx_word' id='word_1_190' title='bbox 1607 2596 1993 2652; x_wconf 78' lang='lat' dir='ltr'><strong>dubitandum.</strong></span> <span class='ocrx_word' id='word_1_191' title='bbox 2064 2596 2324 2652; x_wconf 74' lang='lat' dir='ltr'><strong>Fortasse</strong></span> <span class='ocrx_word' id='word_1_192' title='bbox 2358 2615 2475 2653; x_wconf 92' lang='lat' dir='ltr'><strong><em>non</em></strong></span> 
     </span>
     <span class='ocr_line' id='line_1_25' title="bbox 172 2669 2474 2748; baseline 0.001 -18"><span class='ocrx_word' id='word_1_193' title='bbox 172 2678 424 2734; x_wconf 83' lang='lat' dir='ltr'><strong>diversus</strong></span> <span class='ocrx_word' id='word_1_194' title='bbox 473 2682 557 2732; x_wconf 87' lang='lat' dir='ltr'><strong><em>est</em></strong></span> <span class='ocrx_word' id='word_1_195' title='bbox 593 2696 630 2733; x_wconf 77' lang='lat' dir='ltr'>a</span> <span class='ocrx_word' id='word_1_196' title='bbox 663 2669 953 2734; x_wconf 81' lang='lat' dir='ltr'><strong>Demetrio</strong></span> <span class='ocrx_word' id='word_1_197' title='bbox 991 2675 1244 2746; x_wconf 87' lang='lat' dir='ltr'><strong>Scepsi0,</strong></span> <span class='ocrx_word' id='word_1_198' title='bbox 1289 2677 1388 2746; x_wconf 89' lang='lat' dir='ltr'><strong>qui</strong></span> <span class='ocrx_word' id='word_1_199' title='bbox 1434 2677 1672 2748; x_wconf 80' lang='lat' dir='ltr'><strong>triginta.</strong></span> <span class='ocrx_word' id='word_1_200' title='bbox 1717 2675 2093 2732; x_wconf 81' lang='lat' dir='ltr'><strong>voluminibus</strong></span> <span class='ocrx_word' id='word_1_201' title='bbox 2142 2677 2474 2747; x_wconf 84' lang='lat' dir='ltr'><strong>conscripsit</strong></span> 
     </span>
     <span class='ocr_line' id='line_1_26' title="bbox 174 2753 2470 2829; baseline 0.001 -19"><span class='ocrx_word' id='word_1_202' title='bbox 174 2753 435 2827; x_wconf 82' lang='grc' dir='ltr'><strong><em>Τρωικὸν</em></strong></span> <span class='ocrx_word' id='word_1_203' title='bbox 471 2755 781 2829; x_wconf 73' lang='grc' dir='ltr'><strong><em>διάκοσμον</em></strong></span> <span class='ocrx_word' id='word_1_204' title='bbox 820 2757 910 2827; x_wconf 85' lang='lat' dir='ltr'><strong><em>(cf.</em></strong></span> <span class='ocrx_word' id='word_1_205' title='bbox 950 2756 1153 2813; x_wconf 75' lang='lat' dir='ltr'><strong>Strabo</strong></span> <span class='ocrx_word' id='word_1_206' title='bbox 1187 2757 1292 2810; x_wconf 89' lang='lat' dir='ltr'>XII</span> <span class='ocrx_word' id='word_1_207' title='bbox 1328 2776 1383 2827; x_wconf 90' lang='lat' dir='ltr'><strong><em>p.</em></strong></span> <span class='ocrx_word' id='word_1_208' title='bbox 1422 2763 1555 2826; x_wconf 85' lang='grc'><strong><em>603,</em></strong></span> <span class='ocrx_word' id='word_1_209' title='bbox 1590 2756 1794 2812; x_wconf 80' lang='lat' dir='ltr'><strong>Miiller</strong></span> <span class='ocrx_word' id='word_1_210' title='bbox 1829 2755 1905 2810; x_wconf 90' lang='lat' dir='ltr'>IV</span> <span class='ocrx_word' id='word_1_211' title='bbox 1942 2773 1996 2826; x_wconf 89' lang='lat' dir='ltr'><strong><em>p.</em></strong></span> <span class='ocrx_word' id='word_1_212' title='bbox 2025 2759 2169 2826; x_wconf 83' lang='lat'><strong>382).</strong></span> <span class='ocrx_word' id='word_1_213' title='bbox 2236 2758 2323 2812; x_wconf 85' lang='lat' dir='ltr'><strong><em>Ab</em></strong></span> <span class='ocrx_word' id='word_1_214' title='bbox 2361 2757 2470 2813; x_wconf 87' lang='lat' dir='ltr'><strong><em>He·</em></strong></span> 
     </span>
     <span class='ocr_line' id='line_1_27' title="bbox 172 2835 2471 2908; baseline 0.001 -17"><span class='ocrx_word' id='word_1_215' title='bbox 172 2837 367 2904; x_wconf 78' lang='lat' dir='ltr'><strong>sychio</strong></span> <span class='ocrx_word' id='word_1_216' title='bbox 401 2838 578 2893; x_wconf 74' lang='lat' dir='ltr'><strong>vitam</strong></span> <span class='ocrx_word' id='word_1_217' title='bbox 612 2856 729 2894; x_wconf 92' lang='lat' dir='ltr'><strong><em>non</em></strong></span> <span class='ocrx_word' id='word_1_218' title='bbox 773 2836 1084 2908; x_wconf 76' lang='lat' dir='ltr'><strong><em>profectam</em></strong></span> <span class='ocrx_word' id='word_1_219' title='bbox 1130 2853 1252 2892; x_wconf 84' lang='lat' dir='ltr'><strong>esse</strong></span> <span class='ocrx_word' id='word_1_220' title='bbox 1296 2840 1462 2907; x_wconf 75' lang='lat' dir='ltr'><strong>putat</strong></span> <span class='ocrx_word' id='word_1_221' title='bbox 1496 2837 1669 2891; x_wconf 78' lang='lat' dir='ltr'><strong><em>Daub</em></strong></span> <span class='ocrx_word' id='word_1_222' title='bbox 1678 2878 1697 2904; x_wconf 88' lang='lat'><em>,</em></span> <span class='ocrx_word' id='word_1_223' title='bbox 1741 2839 1921 2892; x_wconf 74' lang='lat' dir='ltr'><strong>totam</strong></span> <span class='ocrx_word' id='word_1_224' title='bbox 1958 2835 2136 2891; x_wconf 73' lang='lat' dir='ltr'><strong>vitam</strong></span> <span class='ocrx_word' id='word_1_225' title='bbox 2180 2853 2248 2892; x_wconf 87' lang='lat' dir='ltr'><strong><em>ex</em></strong></span> <span class='ocrx_word' id='word_1_226' title='bbox 2285 2837 2471 2893; x_wconf 86' lang='lat' dir='ltr'><strong>Ptole-</strong></span> 
     </span>
     <span class='ocr_line' id='line_1_28' title="bbox 173 2915 2345 2988; baseline 0.002 -18"><span class='ocrx_word' id='word_1_227' title='bbox 173 2916 322 2972; x_wconf 85' lang='lat' dir='ltr'><strong>maei</strong></span> <span class='ocrx_word' id='word_1_228' title='bbox 360 2919 795 2988; x_wconf 68' lang='lat' dir='ltr'><strong>Hephaestionis</strong></span> <span class='ocrx_word' id='word_1_229' title='bbox 835 2918 1236 2974; x_wconf 72' lang='lat' dir='ltr'><strong>commenticiis</strong></span> <span class='ocrx_word' id='word_1_230' title='bbox 1272 2917 1525 2972; x_wconf 88' lang='lat' dir='ltr'><strong>historiis</strong></span> <span class='ocrx_word' id='word_1_231' title='bbox 1560 2915 1783 2972; x_wconf 85' lang='lat' dir='ltr'><strong>fluxisse</strong></span> <span class='ocrx_word' id='word_1_232' title='bbox 1821 2919 1987 2986; x_wconf 82' lang='lat' dir='ltr'><strong>putat</strong></span> <span class='ocrx_word' id='word_1_233' title='bbox 2024 2917 2345 2974; x_wconf 76' lang='lat' dir='ltr'><strong>Gutschmid</strong></span> 
     </span>
    </p>

    <p class='ocr_par' dir='ltr' id='par_1_8' title="bbox 115 2991 2591 3873">
     <span class='ocr_line' id='line_1_29' title="bbox 313 2991 2467 3070; baseline 0.003 -19"><span class='ocrx_word' id='word_1_234' title='bbox 313 2996 610 3053; x_wconf 88' lang='lat' dir='ltr'>CLXXXV</span> <span class='ocrx_word' id='word_1_235' title='bbox 649 3000 801 3055; x_wconf 78' lang='lat' dir='ltr'><strong><em>Eud.</em></strong></span> <span class='ocrx_word' id='word_1_236' title='bbox 839 3018 893 3070; x_wconf 83' lang='lat' dir='ltr'><strong><em>p.</em></strong></span> <span class='ocrx_word' id='word_1_237' title='bbox 933 3003 1054 3054; x_wconf 79' lang='lat'><strong>229.</strong></span> <span class='ocrx_word' id='word_1_238' title='bbox 1129 2998 1210 3052; x_wconf 87' lang='lat' dir='ltr'><strong><em>Cf.</em></strong></span> <span class='ocrx_word' id='word_1_239' title='bbox 1247 2997 1410 3068; x_wconf 84' lang='lat' dir='ltr'><strong>Diog.</strong></span> <span class='ocrx_word' id='word_1_240' title='bbox 1447 2995 1517 3065; x_wconf 84' lang='lat' dir='ltr'>V,</span> <span class='ocrx_word' id='word_1_241' title='bbox 1554 3003 1625 3052; x_wconf 82' lang='lat'><strong><em>84</em></strong></span> <span class='ocrx_word' id='word_1_242' title='bbox 1784 3002 1820 3050; x_wconf 81' lang='lat'>4</span> <span class='ocrx_word' id='word_1_243' title='bbox 1858 2991 2290 3068; x_wconf 80' lang='grc' dir='ltr'><strong><em>Ἀτραμυττηνός</em></strong></span> <span class='ocrx_word' id='word_1_244' title='bbox 2324 3001 2467 3069; x_wconf 72' lang='lat' dir='ltr'><strong><em>vulq-</em></strong></span> 
     </span>
     <span class='ocr_line' id='line_1_30' title="bbox 173 3071 2591 3151; baseline 0.002 -21"><span class='ocrx_word' id='word_1_245' title='bbox 173 3078 326 3134; x_wconf 77' lang='lat' dir='ltr'><strong><em>Eud.</em></strong></span> <span class='ocrx_word' id='word_1_246' title='bbox 365 3075 935 3151; x_wconf 64' lang='grc' dir='ltr'><strong><em>ἎδραμυττηνόςΑἿ</em></strong></span> <span class='ocrx_word' id='word_1_247' title='bbox 1081 3073 1176 3132; x_wconf 78' lang='grc' dir='ltr'><strong><em>ἐπὶ</em></strong></span> <span class='ocrx_word' id='word_1_248' title='bbox 1211 3071 1537 3146; x_wconf 71' lang='grc' dir='ltr'><strong><em>Αὐγούστου</em></strong></span> <span class='ocrx_word' id='word_1_249' title='bbox 1572 3077 1676 3132; x_wconf 80' lang='grc' dir='ltr'><strong><em>τοῦ</em></strong></span> <span class='ocrx_word' id='word_1_250' title='bbox 1714 3079 1877 3130; x_wconf 68' lang='lat' dir='ltr'><strong>Kale.</strong></span> <span class='ocrx_word' id='word_1_251' title='bbox 1917 3076 2067 3131; x_wconf 76' lang='lat' dir='ltr'><strong><em>Eud.</em></strong></span> <span class='ocrx_word' id='word_1_252' title='bbox 2180 3085 2213 3133; x_wconf 79' lang='grc' dir='ltr'><strong>ὃ</strong></span> <span class='ocrx_word' id='word_1_253' title='bbox 2251 3073 2315 3142; x_wconf 81' lang='grc' dir='ltr'><strong><em>ὃς</em></strong></span> <span class='ocrx_word' id='word_1_254' title='bbox 2351 3079 2467 3135; x_wconf 62' lang='lat'><strong><em>‹515-</em></strong></span> <span class='ocrx_word' id='word_1_255' title='bbox 2580 3089 2591 3100; x_wconf 92' lang='lat'>&#39;</span> 
     </span>
     <span class='ocr_line' id='line_1_31' title="bbox 169 3153 2466 3230; baseline 0.001 -18"><span class='ocrx_word' id='word_1_256' title='bbox 169 3173 376 3230; x_wconf 82' lang='grc' dir='ltr'><strong><em>τριψεν</em></strong></span> <span class='ocrx_word' id='word_1_257' title='bbox 407 3192 474 3200; x_wconf 90' lang='grc'>-</span> <span class='ocrx_word' id='word_1_258' title='bbox 507 3157 868 3229; x_wconf 75' lang='grc' dir='ltr'><strong><em>ἐπεχείρησεν</em></strong></span> <span class='ocrx_word' id='word_1_259' title='bbox 907 3176 1016 3214; x_wconf 92' lang='lat' dir='ltr'><strong><em>om.</em></strong></span> <span class='ocrx_word' id='word_1_260' title='bbox 1044 3159 1195 3213; x_wconf 78' lang='lat' dir='ltr'><strong><em>Eud.</em></strong></span> <span class='ocrx_word' id='word_1_261' title='bbox 1251 3159 1382 3228; x_wconf 85' lang='lat' dir='ltr'><strong><em>post</em></strong></span> <span class='ocrx_word' id='word_1_262' title='bbox 1415 3153 1655 3228; x_wconf 77' lang='grc' dir='ltr'><strong><em>χρόνους</em></strong></span> <span class='ocrx_word' id='word_1_263' title='bbox 1692 3155 1961 3211; x_wconf 77' lang='lat' dir='ltr'><strong>excidisse</strong></span> <span class='ocrx_word' id='word_1_264' title='bbox 2000 3155 2173 3210; x_wconf 80' lang='lat' dir='ltr'><strong>verba.</strong></span> <span class='ocrx_word' id='word_1_265' title='bbox 2210 3158 2307 3213; x_wconf 73' lang='lat' dir='ltr'><strong><em>nal</em></strong></span> <span class='ocrx_word' id='word_1_266' title='bbox 2334 3156 2466 3228; x_wconf 79' lang='grc' dir='ltr'><strong><em>πρό-</em></strong></span> 
     </span>
     <span class='ocr_line' id='line_1_32' title="bbox 173 3235 2469 3312; baseline 0.002 -20"><span class='ocrx_word' id='word_1_267' title='bbox 173 3260 340 3310; x_wconf 81' lang='grc' dir='ltr'><strong><em>τερον</em></strong></span> <span class='ocrx_word' id='word_1_268' title='bbox 370 3241 688 3312; x_wconf 82' lang='lat' dir='ltr'><strong>suspicatus</strong></span> <span class='ocrx_word' id='word_1_269' title='bbox 716 3241 804 3294; x_wconf 86' lang='lat' dir='ltr'><strong><em>est</em></strong></span> <span class='ocrx_word' id='word_1_270' title='bbox 829 3239 1042 3307; x_wconf 74' lang='lat' dir='ltr'><strong>Rohde,</strong></span> <span class='ocrx_word' id='word_1_271' title='bbox 1082 3239 1223 3293; x_wconf 86' lang='lat' dir='ltr'><strong><em>Mus.</em></strong></span> <span class='ocrx_word' id='word_1_272' title='bbox 1254 3237 1431 3292; x_wconf 88' lang='lat' dir='ltr'><strong>Rhen.</strong></span> <span class='ocrx_word' id='word_1_273' title='bbox 1460 3235 1694 3290; x_wconf 89' lang='lat' dir='ltr'>XXXIII</span> <span class='ocrx_word' id='word_1_274' title='bbox 1721 3255 1775 3306; x_wconf 92' lang='lat' dir='ltr'><strong><em>p.</em></strong></span> <span class='ocrx_word' id='word_1_275' title='bbox 1810 3242 1911 3291; x_wconf 84' lang='grc'><strong><em>168</em></strong></span> <span class='ocrx_word' id='word_1_276' title='bbox 1938 3238 2052 3292; x_wconf 86' lang='lat' dir='ltr'><strong><em>not.</em></strong></span> <span class='ocrx_word' id='word_1_277' title='bbox 2083 3244 2115 3292; x_wconf 85' lang='grc'><strong>6</strong></span> <span class='ocrx_word' id='word_1_278' title='bbox 2158 3238 2283 3294; x_wconf 79' lang='lat' dir='ltr'><strong>coll.</strong></span> <span class='ocrx_word' id='word_1_279' title='bbox 2315 3241 2469 3297; x_wconf 82' lang='lat' dir='ltr'><strong>Suid.</strong></span> 
     </span>
     <span class='ocr_line' id='line_1_33' title="bbox 170 3315 2470 3392; baseline 0.001 -19"><span class='ocrx_word' id='word_1_280' title='bbox 170 3338 220 3373; x_wconf 85' lang='lat' dir='ltr'><strong><em>v.</em></strong></span> <span class='ocrx_word' id='word_1_281' title='bbox 273 3317 541 3391; x_wconf 75' lang='grc' dir='ltr'><strong><em>Τρύφων.</em></strong></span> <span class='ocrx_word' id='word_1_282' title='bbox 617 3322 700 3374; x_wconf 88' lang='lat' dir='ltr'><strong><em>De</em></strong></span> <span class='ocrx_word' id='word_1_283' title='bbox 745 3323 960 3388; x_wconf 75' lang='lat' dir='ltr'><strong>aetate,</strong></span> <span class='ocrx_word' id='word_1_284' title='bbox 1006 3336 1120 3388; x_wconf 83' lang='lat' dir='ltr'><strong>qna.</strong></span> <span class='ocrx_word' id='word_1_285' title='bbox 1163 3317 1390 3386; x_wconf 79' lang='lat' dir='ltr'><strong>vixerit,</strong></span> <span class='ocrx_word' id='word_1_286' title='bbox 1437 3316 1507 3371; x_wconf 88' lang='lat' dir='ltr'><strong><em>cf.</em></strong></span> <span class='ocrx_word' id='word_1_287' title='bbox 1556 3315 1909 3387; x_wconf 70' lang='lat' dir='ltr'><strong>Scheuileer,</strong></span> <span class='ocrx_word' id='word_1_288' title='bbox 1964 3317 2035 3371; x_wconf 89' lang='lat' dir='ltr'><strong><em>de</em></strong></span> <span class='ocrx_word' id='word_1_289' title='bbox 2075 3318 2231 3374; x_wconf 86' lang='lat' dir='ltr'><strong><em>Dem.</em></strong></span> <span class='ocrx_word' id='word_1_290' title='bbox 2281 3322 2470 3392; x_wconf 70' lang='lat' dir='ltr'><strong>Magn.</strong></span> 
     </span>
     <span class='ocr_line' id='line_1_34' title="bbox 170 3393 2467 3472; baseline 0 -17"><span class='ocrx_word' id='word_1_291' title='bbox 170 3418 222 3469; x_wconf 92' lang='lat' dir='ltr'><strong><em>p.</em></strong></span> <span class='ocrx_word' id='word_1_292' title='bbox 263 3408 336 3456; x_wconf 79' lang='grc'><strong><em>58</em></strong></span> <span class='ocrx_word' id='word_1_293' title='bbox 366 3418 508 3471; x_wconf 90' lang='lat' dir='ltr'><strong>seq.,</strong></span> <span class='ocrx_word' id='word_1_294' title='bbox 543 3401 752 3472; x_wconf 83' lang='lat' dir='ltr'><strong>ineptit</strong></span> <span class='ocrx_word' id='word_1_295' title='bbox 789 3402 1014 3468; x_wconf 69' lang='lat' dir='ltr'><strong><em>Mam,</em></strong></span> <span class='ocrx_word' id='word_1_296' title='bbox 1051 3400 1235 3468; x_wconf 82' lang='lat' dir='ltr'><strong>Biogr.</strong></span> <span class='ocrx_word' id='word_1_297' title='bbox 1274 3417 1328 3468; x_wconf 93' lang='lat' dir='ltr'><strong><em>p.</em></strong></span> <span class='ocrx_word' id='word_1_298' title='bbox 1363 3405 1431 3454; x_wconf 80' lang='grc'><strong><em>32</em></strong></span> <span class='ocrx_word' id='word_1_299' title='bbox 1544 3404 1575 3453; x_wconf 83' lang='grc'><strong><em>’1</em></strong></span> <span class='ocrx_word' id='word_1_300' title='bbox 1615 3393 1905 3467; x_wconf 76' lang='grc' dir='ltr'><strong><em>ἐπεκλήθη</em></strong></span> <span class='ocrx_word' id='word_1_301' title='bbox 1946 3429 2010 3440; x_wconf 89' lang='grc'><strong><em>--</em></strong></span> <span class='ocrx_word' id='word_1_302' title='bbox 2054 3395 2333 3472; x_wconf 75' lang='grc' dir='ltr'><strong><em>ἐφωράθη</em></strong></span> <span class='ocrx_word' id='word_1_303' title='bbox 2373 3403 2467 3456; x_wconf 86' lang='lat' dir='ltr'><strong><em>de-</em></strong></span> 
     </span>
     <span class='ocr_line' id='line_1_35' title="bbox 115 3474 2318 3552; baseline 0 -19"><span class='ocrx_word' id='word_1_304' title='bbox 115 3481 126 3490; x_wconf 83' lang='lat'><strong>‘</strong></span> <span class='ocrx_word' id='word_1_305' title='bbox 177 3480 406 3551; x_wconf 78' lang='lat' dir='ltr'><strong>scripsit</strong></span> <span class='ocrx_word' id='word_1_306' title='bbox 442 3481 922 3552; x_wconf 72' lang='lat' dir='ltr'><strong><em>Pseudo-Hesych.</em></strong></span> <span class='ocrx_word' id='word_1_307' title='bbox 961 3497 1008 3536; x_wconf 81' lang='grc' dir='ltr'><strong><em>ο.</em></strong></span> <span class='ocrx_word' id='word_1_308' title='bbox 1047 3485 1116 3535; x_wconf 84' lang='grc'><strong><em>20</em></strong></span> <span class='ocrx_word' id='word_1_309' title='bbox 1260 3485 1293 3534; x_wconf 88' lang='grc'>8</span> <span class='ocrx_word' id='word_1_310' title='bbox 1325 3474 1538 3544; x_wconf 78' lang='grc' dir='ltr'><strong><em>Ἰξίωνα</em></strong></span> <span class='ocrx_word' id='word_1_311' title='bbox 1575 3482 1721 3531; x_wconf 77' lang='grc' dir='ltr'><strong><em>ΔΒΕ</em></strong></span> <span class='ocrx_word' id='word_1_312' title='bbox 1868 3485 1899 3533; x_wconf 85' lang='grc'>9</span> <span class='ocrx_word' id='word_1_313' title='bbox 1938 3475 2236 3550; x_wconf 79' lang='grc' dir='ltr'><strong><em>άντίρησεν</em></strong></span> <span class='ocrx_word' id='word_1_314' title='bbox 2272 3487 2318 3534; x_wconf 82' lang='grc' dir='ltr'><strong>Δ</strong></span> 
     </span>
     <span class='ocr_line' id='line_1_36' title="bbox 177 3555 2469 3632; baseline 0.001 -18"><span class='ocrx_word' id='word_1_315' title='bbox 177 3567 237 3614; x_wconf 83' lang='grc'><strong><em>11</em></strong></span> <span class='ocrx_word' id='word_1_316' title='bbox 281 3559 350 3616; x_wconf 70' lang='grc' dir='ltr'><strong><em>δὲ</em></strong></span> <span class='ocrx_word' id='word_1_317' title='bbox 379 3558 555 3616; x_wconf 82' lang='grc' dir='ltr'><strong><em>πολλὰ</em></strong></span> <span class='ocrx_word' id='word_1_318' title='bbox 584 3559 824 3632; x_wconf 80' lang='lat' dir='ltr'><strong><em>expunxi</em></strong></span> <span class='ocrx_word' id='word_1_319' title='bbox 857 3577 984 3614; x_wconf 87' lang='lat' dir='ltr'><strong><em>cum</em></strong></span> <span class='ocrx_word' id='word_1_320' title='bbox 1012 3559 1164 3614; x_wconf 76' lang='lat' dir='ltr'><strong><em>Eud.</em></strong></span> <span class='ocrx_word' id='word_1_321' title='bbox 1203 3555 1378 3613; x_wconf 77' lang='grc' dir='ltr'><strong><em>πολλὰ</em></strong></span> <span class='ocrx_word' id='word_1_322' title='bbox 1408 3559 1537 3613; x_wconf 74' lang='lat' dir='ltr'><strong>add.</strong></span> <span class='ocrx_word' id='word_1_323' title='bbox 1558 3563 1604 3610; x_wconf 89' lang='lat' dir='ltr'>A</span> <span class='ocrx_word' id='word_1_324' title='bbox 1639 3555 1704 3613; x_wconf 70' lang='grc' dir='ltr'><strong><em>δὲ</em></strong></span> <span class='ocrx_word' id='word_1_325' title='bbox 1737 3575 1843 3614; x_wconf 89' lang='lat' dir='ltr'><strong><em>om.</em></strong></span> <span class='ocrx_word' id='word_1_326' title='bbox 1880 3564 1927 3612; x_wconf 89' lang='lat' dir='ltr'>V</span> <span class='ocrx_word' id='word_1_327' title='bbox 1965 3555 2028 3614; x_wconf 72' lang='grc' dir='ltr'><strong><em>δὲ</em></strong></span> <span class='ocrx_word' id='word_1_328' title='bbox 2058 3557 2259 3614; x_wconf 83' lang='grc' dir='ltr'><strong><em>πολλά·</em></strong></span> <span class='ocrx_word' id='word_1_329' title='bbox 2298 3563 2469 3617; x_wconf 76' lang='lat' dir='ltr'><strong><em>Daub</em></strong></span> 
     </span>
     <span class='ocr_line' id='line_1_37' title="bbox 177 3635 2468 3712; baseline 0.001 -18"><span class='ocrx_word' id='word_1_330' title='bbox 177 3647 239 3695; x_wconf 88' lang='grc'><strong><em>12</em></strong></span> <span class='ocrx_word' id='word_1_331' title='bbox 278 3642 451 3696; x_wconf 84' lang='lat' dir='ltr'><strong>verba</strong></span> <span class='ocrx_word' id='word_1_332' title='bbox 488 3641 587 3696; x_wconf 73' lang='grc' dir='ltr'><strong><em>καὶ</em></strong></span> <span class='ocrx_word' id='word_1_333' title='bbox 629 3637 797 3712; x_wconf 76' lang='grc' dir='ltr'><strong><em>ἄλλα,</em></strong></span> <span class='ocrx_word' id='word_1_334' title='bbox 844 3657 988 3710; x_wconf 75' lang='lat' dir='ltr'><strong>quae</strong></span> <span class='ocrx_word' id='word_1_335' title='bbox 1025 3639 1159 3694; x_wconf 86' lang='lat' dir='ltr'><strong>libri</strong></span> <span class='ocrx_word' id='word_1_336' title='bbox 1195 3639 1354 3694; x_wconf 74' lang='lat' dir='ltr'><strong><em>Suid.</em></strong></span> <span class='ocrx_word' id='word_1_337' title='bbox 1396 3641 1456 3693; x_wconf 86' lang='lat' dir='ltr'><strong><em>et</em></strong></span> <span class='ocrx_word' id='word_1_338' title='bbox 1490 3639 1642 3694; x_wconf 84' lang='lat' dir='ltr'><strong><em>Eud.</em></strong></span> <span class='ocrx_word' id='word_1_339' title='bbox 1681 3641 1812 3708; x_wconf 87' lang='lat' dir='ltr'><strong><em>post</em></strong></span> <span class='ocrx_word' id='word_1_340' title='bbox 1854 3635 2120 3709; x_wconf 71' lang='grc' dir='ltr'><strong><em>ὅημάτων</em></strong></span> <span class='ocrx_word' id='word_1_341' title='bbox 2160 3644 2468 3711; x_wconf 73' lang='lat' dir='ltr'><strong><em>praestant,</em></strong></span> 
     </span>
     <span class='ocr_line' id='line_1_38' title="bbox 175 3713 2465 3790; baseline 0.001 -15"><span class='ocrx_word' id='word_1_342' title='bbox 175 3741 216 3778; x_wconf 89' lang='lat' dir='ltr'><strong><em>s.</em></strong></span> <span class='ocrx_word' id='word_1_343' title='bbox 262 3723 355 3776; x_wconf 86' lang='lat' dir='ltr'><strong><em>fin.</em></strong></span> <span class='ocrx_word' id='word_1_344' title='bbox 407 3721 633 3777; x_wconf 77' lang='lat' dir='ltr'><strong>articuli</strong></span> <span class='ocrx_word' id='word_1_345' title='bbox 666 3721 886 3777; x_wconf 81' lang='lat' dir='ltr'><strong>‚rectius</strong></span> <span class='ocrx_word' id='word_1_346' title='bbox 931 3719 1253 3790; x_wconf 75' lang='lat' dir='ltr'><strong>transposui</strong></span> <span class='ocrx_word' id='word_1_347' title='bbox 1425 3717 1505 3782; x_wconf 76' lang='grc' dir='ltr'><strong><em>εἰς</em></strong></span> <span class='ocrx_word' id='word_1_348' title='bbox 1547 3713 1672 3790; x_wconf 86' lang='grc' dir='ltr'><strong><em>Ὅμ.</em></strong></span> <span class='ocrx_word' id='word_1_349' title='bbox 1720 3718 1819 3773; x_wconf 81' lang='grc' dir='ltr'><strong><em>καὶ</em></strong></span> <span class='ocrx_word' id='word_1_350' title='bbox 1860 3715 1975 3774; x_wconf 86' lang='grc' dir='ltr'><strong><em>Ἡσ.</em></strong></span> <span class='ocrx_word' id='word_1_351' title='bbox 2016 3715 2276 3789; x_wconf 78' lang='grc' dir='ltr'><strong><em>ἐξήγησιν</em></strong></span> <span class='ocrx_word' id='word_1_352' title='bbox 2314 3722 2465 3777; x_wconf 73' lang='lat' dir='ltr'><strong><em>Eud.</em></strong></span> 
     </span>
     <span class='ocr_line' id='line_1_39' title="bbox 178 3797 840 3873; baseline 0 -17"><span class='ocrx_word' id='word_1_353' title='bbox 178 3800 257 3866; x_wconf 83' lang='grc' dir='ltr'><strong><em>εἰς</em></strong></span> <span class='ocrx_word' id='word_1_354' title='bbox 295 3833 366 3842; x_wconf 91' lang='lat'><strong><em>—-</em></strong></span> <span class='ocrx_word' id='word_1_355' title='bbox 404 3797 612 3873; x_wconf 81' lang='grc' dir='ltr'><strong><em>ὁμοίως</em></strong></span> <span class='ocrx_word' id='word_1_356' title='bbox 647 3819 754 3857; x_wconf 90' lang='lat' dir='ltr'><strong><em>om.</em></strong></span> <span class='ocrx_word' id='word_1_357' title='bbox 793 3808 840 3856; x_wconf 89' lang='lat' dir='ltr'>V</span> 
     </span>
    </p>

    <p class='ocr_par' dir='ltr' id='par_1_9' title="bbox 171 3881 2468 4360">
     <span class='ocr_line' id='line_1_40' title="bbox 315 3881 2465 3953; baseline 0 -16"><span class='ocrx_word' id='word_1_358' title='bbox 315 3881 640 3938; x_wconf 88' lang='lat' dir='ltr'>CLXXXVI</span> <span class='ocrx_word' id='word_1_359' title='bbox 693 3881 776 3938; x_wconf 83' lang='lat' dir='ltr'><strong><em>cf.</em></strong></span> <span class='ocrx_word' id='word_1_360' title='bbox 813 3882 1018 3936; x_wconf 80' lang='lat' dir='ltr'><strong>Miiller</strong></span> <span class='ocrx_word' id='word_1_361' title='bbox 1053 3881 1104 3935; x_wconf 93' lang='lat' dir='ltr'><strong><em>II</em></strong></span> <span class='ocrx_word' id='word_1_362' title='bbox 1148 3900 1204 3953; x_wconf 90' lang='lat' dir='ltr'><strong><em>p.</em></strong></span> <span class='ocrx_word' id='word_1_363' title='bbox 1244 3889 1365 3938; x_wconf 81' lang='grc'><strong><em>362.</em></strong></span> <span class='ocrx_word' id='word_1_364' title='bbox 1441 3882 1558 3935; x_wconf 85' lang='lat' dir='ltr'><strong><em>Aut</em></strong></span> <span class='ocrx_word' id='word_1_365' title='bbox 1600 3883 1727 3936; x_wconf 78' lang='lat' dir='ltr'><strong>tota</strong></span> <span class='ocrx_word' id='word_1_366' title='bbox 1768 3881 1889 3938; x_wconf 81' lang='lat' dir='ltr'><strong>vita.</strong></span> <span class='ocrx_word' id='word_1_367' title='bbox 1924 3882 2202 3952; x_wconf 80' lang='lat' dir='ltr'><strong>Hesychio</strong></span> <span class='ocrx_word' id='word_1_368' title='bbox 2250 3882 2465 3938; x_wconf 78' lang='lat' dir='ltr'><strong>abiudi-</strong></span> 
     </span>
     <span class='ocr_line' id='line_1_41' title="bbox 173 3961 2465 4034; baseline 0 -16"><span class='ocrx_word' id='word_1_369' title='bbox 173 3964 354 4018; x_wconf 78' lang='lat' dir='ltr'><strong>canda.</strong></span> <span class='ocrx_word' id='word_1_370' title='bbox 390 3967 497 4034; x_wconf 87' lang='lat' dir='ltr'><strong>est,</strong></span> <span class='ocrx_word' id='word_1_371' title='bbox 544 3982 673 4020; x_wconf 88' lang='lat' dir='ltr'><strong><em>cum</em></strong></span> <span class='ocrx_word' id='word_1_372' title='bbox 717 3963 1046 4033; x_wconf 75' lang='lat' dir='ltr'><strong>praesertim</strong></span> <span class='ocrx_word' id='word_1_373' title='bbox 1082 3963 1233 4019; x_wconf 75' lang='lat' dir='ltr'><strong><em>Eud.</em></strong></span> <span class='ocrx_word' id='word_1_374' title='bbox 1271 3982 1324 4033; x_wconf 90' lang='lat' dir='ltr'><strong><em>p.</em></strong></span> <span class='ocrx_word' id='word_1_375' title='bbox 1363 3968 1467 4017; x_wconf 81' lang='grc'><strong><em>235</em></strong></span> <span class='ocrx_word' id='word_1_376' title='bbox 1507 3961 1775 4031; x_wconf 87' lang='lat' dir='ltr'><strong>Diogenis</strong></span> <span class='ocrx_word' id='word_1_377' title='bbox 1813 3962 2026 4017; x_wconf 81' lang='lat' dir='ltr'><strong>Laertii</strong></span> <span class='ocrx_word' id='word_1_378' title='bbox 2072 3964 2333 4034; x_wconf 75' lang='lat' dir='ltr'><strong><em>excerpta</em></strong></span> <span class='ocrx_word' id='word_1_379' title='bbox 2373 3981 2465 4018; x_wconf 84' lang='lat' dir='ltr'><strong><em>ex-</em></strong></span> 
     </span>
     <span class='ocr_line' id='line_1_42' title="bbox 174 4042 2467 4114; baseline 0.001 -17"><span class='ocrx_word' id='word_1_380' title='bbox 174 4045 391 4114; x_wconf 76' lang='lat' dir='ltr'><strong>hibeat,</strong></span> <span class='ocrx_word' id='word_1_381' title='bbox 437 4046 539 4098; x_wconf 80' lang='lat' dir='ltr'><strong><em>aut</em></strong></span> <span class='ocrx_word' id='word_1_382' title='bbox 575 4046 726 4099; x_wconf 84' lang='lat' dir='ltr'><strong>certe</strong></span> <span class='ocrx_word' id='word_1_383' title='bbox 761 4042 1032 4096; x_wconf 80' lang='lat' dir='ltr'><strong>nonnulla</strong></span> <span class='ocrx_word' id='word_1_384' title='bbox 1068 4043 1437 4112; x_wconf 78' lang='lat' dir='ltr'><strong>expungenda</strong></span> <span class='ocrx_word' id='word_1_385' title='bbox 1470 4042 1757 4109; x_wconf 81' lang='lat' dir='ltr'><strong>videntur,</strong></span> <span class='ocrx_word' id='word_1_386' title='bbox 1797 4042 2259 4112; x_wconf 86' lang='lat' dir='ltr'><strong>potissimumque</strong></span> <span class='ocrx_word' id='word_1_387' title='bbox 2297 4046 2467 4100; x_wconf 82' lang='lat' dir='ltr'><strong>verbs.</strong></span> 
     </span>
     <span class='ocr_line' id='line_1_43' title="bbox 173 4123 2468 4197; baseline 0.001 -19"><span class='ocrx_word' id='word_1_388' title='bbox 173 4125 423 4194; x_wconf 72' lang='grc' dir='ltr'><strong><em>γέγραφε</em></strong></span> <span class='ocrx_word' id='word_1_389' title='bbox 463 4157 531 4166; x_wconf 93' lang='lat'><strong><em>-—-</em></strong></span> <span class='ocrx_word' id='word_1_390' title='bbox 567 4123 799 4197; x_wconf 74' lang='grc' dir='ltr'><strong><em>γέγονε,</em></strong></span> <span class='ocrx_word' id='word_1_391' title='bbox 833 4141 977 4193; x_wconf 76' lang='lat' dir='ltr'><strong>quae</strong></span> <span class='ocrx_word' id='word_1_392' title='bbox 1014 4125 1087 4179; x_wconf 71' lang='lat' dir='ltr'><strong><em>ad</em></strong></span> <span class='ocrx_word' id='word_1_393' title='bbox 1123 4126 1356 4179; x_wconf 84' lang='lat' dir='ltr'><strong>verbum</strong></span> <span class='ocrx_word' id='word_1_394' title='bbox 1393 4139 1463 4177; x_wconf 86' lang='lat' dir='ltr'><strong><em>ex</em></strong></span> <span class='ocrx_word' id='word_1_395' title='bbox 1499 4123 1661 4192; x_wconf 81' lang='lat' dir='ltr'><strong>Diog.</strong></span> <span class='ocrx_word' id='word_1_396' title='bbox 1697 4124 1765 4191; x_wconf 85' lang='lat' dir='ltr'><strong><em>V,</em></strong></span> <span class='ocrx_word' id='word_1_397' title='bbox 1802 4127 1871 4177; x_wconf 83' lang='lat'><strong><em>80</em></strong></span> <span class='ocrx_word' id='word_1_398' title='bbox 1908 4123 2189 4194; x_wconf 79' lang='lat' dir='ltr'><strong>descripta.</strong></span> <span class='ocrx_word' id='word_1_399' title='bbox 2226 4126 2371 4194; x_wconf 86' lang='lat' dir='ltr'><strong>sunt,</strong></span> <span class='ocrx_word' id='word_1_400' title='bbox 2410 4129 2468 4180; x_wconf 86' lang='lat' dir='ltr'><strong><em>et</em></strong></span> 
     </span>
     <span class='ocr_line' id='line_1_44' title="bbox 171 4202 2466 4276; baseline -0 -16"><span class='ocrx_word' id='word_1_401' title='bbox 171 4202 322 4262; x_wconf 72' lang='grc' dir='ltr'><strong><em>οὕτω</em></strong></span> <span class='ocrx_word' id='word_1_402' title='bbox 364 4239 429 4249; x_wconf 93' lang='lat'><strong><em>—-—</em></strong></span> <span class='ocrx_word' id='word_1_403' title='bbox 470 4207 630 4276; x_wconf 63' lang='lat' dir='ltr'><strong>exit„</strong></span> <span class='ocrx_word' id='word_1_404' title='bbox 676 4222 912 4275; x_wconf 84' lang='lat' dir='ltr'><strong>quorum</strong></span> <span class='ocrx_word' id='word_1_405' title='bbox 962 4222 1092 4274; x_wconf 76' lang='lat' dir='ltr'><strong><em>pars</em></strong></span> <span class='ocrx_word' id='word_1_406' title='bbox 1136 4205 1343 4274; x_wconf 80' lang='lat' dir='ltr'><strong>legitur</strong></span> <span class='ocrx_word' id='word_1_407' title='bbox 1388 4204 1539 4274; x_wconf 75' lang='lat' dir='ltr'><strong><em>apud</em></strong></span> <span class='ocrx_word' id='word_1_408' title='bbox 1579 4203 2079 4272; x_wconf 76' lang='lat' dir='ltr'><strong>Pseudo-Hesych.</strong></span> <span class='ocrx_word' id='word_1_409' title='bbox 2120 4222 2165 4258; x_wconf 87' lang='lat' dir='ltr'><strong><em>c.</em></strong></span> <span class='ocrx_word' id='word_1_410' title='bbox 2207 4209 2298 4273; x_wconf 85' lang='lat'><strong><em>15,</em></strong></span> <span class='ocrx_word' id='word_1_411' title='bbox 2335 4222 2466 4275; x_wconf 85' lang='lat' dir='ltr'><strong><em>pars</em></strong></span> 
     </span>
     <span class='ocr_line' id='line_1_45' title="bbox 175 4281 2463 4360; baseline -0.001 -18"><span class='ocrx_word' id='word_1_412' title='bbox 175 4291 320 4359; x_wconf 82' lang='lat' dir='ltr'><strong><em>apud</em></strong></span> <span class='ocrx_word' id='word_1_413' title='bbox 357 4288 522 4360; x_wconf 83' lang='lat' dir='ltr'><strong>Diog.</strong></span> <span class='ocrx_word' id='word_1_414' title='bbox 560 4287 629 4356; x_wconf 89' lang='lat' dir='ltr'><strong><em>V,</em></strong></span> <span class='ocrx_word' id='word_1_415' title='bbox 669 4292 753 4343; x_wconf 76' lang='lat'><strong><em>¹15.</em></strong></span> <span class='ocrx_word' id='word_1_416' title='bbox 829 4285 1067 4340; x_wconf 89' lang='lat' dir='ltr'><strong>Omnino</strong></span> <span class='ocrx_word' id='word_1_417' title='bbox 1106 4285 1174 4342; x_wconf 85' lang='lat' dir='ltr'><strong><em>cf.</em></strong></span> <span class='ocrx_word' id='word_1_418' title='bbox 1215 4286 1352 4340; x_wconf 82' lang='lat' dir='ltr'><strong><em>Mus.</em></strong></span> <span class='ocrx_word' id='word_1_419' title='bbox 1385 4285 1561 4340; x_wconf 84' lang='lat' dir='ltr'><strong>Bhen.</strong></span> <span class='ocrx_word' id='word_1_420' title='bbox 1592 4281 1796 4337; x_wconf 89' lang='lat' dir='ltr'>XXXV</span> <span class='ocrx_word' id='word_1_421' title='bbox 1836 4301 1889 4353; x_wconf 88' lang='lat' dir='ltr'><strong><em>p.</em></strong></span> <span class='ocrx_word' id='word_1_422' title='bbox 1920 4290 2023 4340; x_wconf 82' lang='lat'><strong><em>209</em></strong></span> <span class='ocrx_word' id='word_1_423' title='bbox 2135 4291 2201 4340; x_wconf 81' lang='lat'><strong><em>15</em></strong></span> <span class='ocrx_word' id='word_1_424' title='bbox 2238 4285 2337 4340; x_wconf 79' lang='grc' dir='ltr'><strong><em>καὶ</em></strong></span> <span class='ocrx_word' id='word_1_425' title='bbox 2368 4283 2463 4358; x_wconf 73' lang='grc' dir='ltr'><strong><em>ρη-</em></strong></span> 
     </span>
    </p>
   </div>
   <div class='ocr_carea' id='block_1_5' title="bbox 174 4363 2102 4444">
    <p class='ocr_par' dir='ltr' id='par_1_10' title="bbox 174 4363 2102 4444">
     <span class='ocr_line' id='line_1_46' title="bbox 174 4363 2102 4444; baseline -0.001 -19"><span class='ocrx_word' id='word_1_426' title='bbox 174 4368 365 4444; x_wconf 75' lang='grc' dir='ltr'><strong><em>τορικά</em></strong></span> <span class='ocrx_word' id='word_1_427' title='bbox 405 4388 472 4426; x_wconf 87' lang='lat' dir='ltr'><strong><em>ex</em></strong></span> <span class='ocrx_word' id='word_1_428' title='bbox 510 4369 728 4427; x_wconf 86' lang='lat' dir='ltr'><strong>duobus</strong></span> <span class='ocrx_word' id='word_1_429' title='bbox 767 4369 892 4426; x_wconf 78' lang='lat' dir='ltr'><strong>Par.-</strong></span> <span class='ocrx_word' id='word_1_430' title='bbox 929 4368 1054 4424; x_wconf 76' lang='lat' dir='ltr'><strong>add.</strong></span> <span class='ocrx_word' id='word_1_431' title='bbox 1093 4363 1393 4436; x_wconf 61' lang='grc' dir='ltr'><strong><em>Κάσιον-αἰ,</em></strong></span> <span class='ocrx_word' id='word_1_432' title='bbox 1431 4385 1540 4424; x_wconf 93' lang='lat' dir='ltr'><strong><em>om.</em></strong></span> <span class='ocrx_word' id='word_1_433' title='bbox 1578 4370 1673 4418; x_wconf 76' lang='lat' dir='ltr'><strong><em>BE</em></strong></span> <span class='ocrx_word' id='word_1_434' title='bbox 1710 4370 1769 4422; x_wconf 88' lang='lat' dir='ltr'><strong><em>et</em></strong></span> <span class='ocrx_word' id='word_1_435' title='bbox 1801 4367 1940 4422; x_wconf 80' lang='lat' dir='ltr'><strong>vett.</strong></span> <span class='ocrx_word' id='word_1_436' title='bbox 1979 4367 2102 4424; x_wconf 87' lang='lat' dir='ltr'><strong>edd.</strong></span> 
     </span>
    </p>
   </div>
  </div>
 </body>
</html>
