3025 4892
583 217 767 274 XVIII
1421 218 1989 278 PROLEGOMENA.

764 383 1011 449 Eodem
1080 407 1156 449 ex
1213 383 1692 471 Onomatologo
1768 387 1955 452 fluxit
2028 387 2226 452 etiam
2295 387 2517 472 glossa
2584 374 2883 452 Μελέαὲ

583 486 834 574 γροςῑ)
873 487 1144 576 (Jacobs
1165 491 1260 557 VI
1287 516 1348 577 p.
1376 491 1604 576 LXV),
1643 516 1770 577 qua
1804 494 1871 557 in
1909 494 2044 558 vita
2086 516 2249 577 eum,
2268 495 2397 578 'qui
2435 493 2883 580 Anthologiae

585 595 870 660 codicem
909 598 1198 681 scripsit,
1237 597 1657 684 adscripsisse
1697 599 1983 684 glossam
2013 601 2455 666 doctissimam
2484 605 2550 664 et
2599 601 2885 665 clarissi-

568 723 756 766 mam
823 703 899 766 de
961 701 1377 768 Constantini
1433 701 1757 788 Cephalae
1818 707 2363 792 epigrammatum
2421 707 2885 772 distributione

580 808 746 872 vidit
801 809 1081 874 Finsler:
1149 805 1316 875 ἀλλὰ
1365 815 1883 888 Κωνσταντῐνος
1940 807 1975 877 ὁ
2036 808 2606 904 ἐπονομαζόμενος
2653 817 2883 897 Κεφα-

581 914 700 990 λᾶς
763 916 1074 1000 συνέχεεν
1135 913 1334 994 αὐτος
1389 911 1723 1001 ἀφορίσας
1779 921 1873 995 εἰς
1920 915 2249 1003 κεφάλαια
2306 915 2603 1004 διάφορα
2664 915 2885 1003 ἤγουν

528 1076 534 1082 .
583 1017 864 1105 ἐρωτικὰ
924 1024 1113 1099 ἰδίως
1157 1022 1265 1088 καὶ
1313 1019 1669 1107 ἀνάθεμαν
1684 1021 1754 1110 (l.
1802 1019 2301 1110 άναθηματικὰ)
2357 1024 2469 1090 καὶ
2526 1023 2882 1110 ἐπιτύμβια

579 1119 690 1190 καὶ
739 1125 1170 1211 ἐπιδεικτικά,
1219 1124 1310 1205 ὡς
1346 1129 1474 1193 νῦν
1511 1124 1946 1196 ὑποτέτακται
1987 1131 2061 1196 ἐν
2106 1131 2195 1220 τῷ
2244 1127 2526 1213 παρόντι
2571 1136 2882 1220 πτυκτίςῡ.

761 1233 980 1300 Tertio
1030 1239 1248 1300 autem
1297 1237 1441 1300 loco
1484 1234 1797 1320 Hesychii
1844 1238 2202 1303 doctrinam
2242 1239 2669 1324 investigasse
2716 1240 2883 1303 mihi

580 1340 758 1404 visus
817 1363 985 1424 sum,
1041 1364 1187 1406 cum
1244 1341 1601 1408 scholiasta
1653 1367 1713 1428 p.
1746 1345 1873 1408 103
1932 1345 2011 1410 ad
2068 1344 2307 1410 lemma
2340 1347 2456 1422 σείς
2503 1345 2883 1430 Πολέμωνα

579 1443 692 1509 καὶ
738 1451 807 1510 K
815 1471 1107 1532 ρατητα
1155 1449 1351 1514 addat
1395 1444 1551 1526 τοὺς
1597 1446 2031 1533 φιλοσόφους.
2108 1447 2208 1516 ότι
2248 1447 2284 1517 ό
2330 1439 2595 1535 Κράτης
2634 1454 2881 1536 ἔγημεν

571 1545 962 1638 Ιππαρχίαν
1007 1552 1134 1639 τὴν
1170 1552 1571 1640 φιλόσοφον.
1634 1557 1735 1622 Ad
1774 1580 1936 1641 quae
1975 1559 2231 1622 monuit
2265 1557 2630 1622 Iacobsius.
2683 1557 2883 1642 quae

579 1662 846 1744 nuptiae
891 1662 1056 1726 nihil
1103 1663 1353 1728 faciunt
1399 1663 1479 1726 ad
1527 1657 1649 1727 hoc
1687 1685 1965 1748 carmen,
2010 1665 2325 1748 scriptum
2361 1665 2425 1728 in
2467 1664 2625 1729 duos
2662 1665 2881 1748 philo-

581 1767 846 1852 sophos,
891 1769 1050 1853 ‘qui‚
1115 1790 1259 1856 cum
1315 1769 1384 1833 in
1439 1790 1678 1854 magna
1733 1770 2186 1837 familiaritate
2243 1771 2584 1855 vixissent,
2650 1771 2880 1836 eodem

581 1874 822 1938 conditi
881 1879 1036 1940 sunt
1082 1875 1393 1960 tumulo’3
1443 1875 1701 1940 Finsler
1747 1899 1808 1960 p.
1845 1877 1994 1942 155:
2053 1877 2187 1943 Das
2238 1878 2514 1943 Gedicht
2562 1878 2689 1963 gab
2737 1879 2881 1942 also

491 2042 496 2047 .
579 1979 812 2045 keinen
869 1983 1106 2047 Anlass
1172 2005 1248 2046 zu
1283 1983 1557 2047 diesem
1613 1979 1947 2068 Scholion,
2012 1985 2309 2049 letzteres
2374 1986 2464 2050 ist
2527 1985 2666 2049 also
2723 2007 2878 2049 vom

406 3257 525 3336 §3

579 2085 1052 2153 Lemmatisten
1101 2113 1215 2154 aus
1265 2091 1410 2154 dem
1445 2089 1507 2154 V
1511 2090 1736 2155 orrath
1786 2091 2018 2176 oignon
2058 2091 2353 2158 Wissens
2395 2090 2488 2179 (ἲ)
2527 2092 2682 2157 oder
2720 2093 2879 2157 viel-

579 2193 782 2278 mehr,
831 2195 974 2259 weil
1024 2196 1138 2261 das
1189 2196 1561 2282 angesichts
1611 2197 1724 2260 der
1760 2201 1949 2261 unter
1994 2201 2024 2260 1
2068 2198 2495 2283 angefiihrten
2536 2197 2879 2264 Lemmata

579 2301 899 2366 durchaus
939 2301 1569 2367 unwahrscheinlich
1612 2303 1716 2385 ist,
1763 2302 1878 2366 auf
1910 2301 2141 2368 Grund
2172 2306 2339 2368 einer
2386 2304 2879 2388 Ueberlieferuny

577 2407 1046 2494 hinzugeffigt’.
1121 2409 1212 2474 At
1256 2413 1496 2474 temere
1546 2408 1969 2474 scholiastam
2017 2409 2139 2475 hoc
2178 2432 2255 2474 ex
2295 2409 2575 2476 Cratetis
2617 2411 2755 2476 vita
2794 2413 2875 2476 ab

575 2512 908 2598 Hesychio
972 2517 1300 2601 descripta
1357 2515 1711 2598 sumpsisse
1772 2517 2063 2599 suspicor
2110 2513 2214 2601 (cf.
2256 2538 2315 2581 V.
2354 2512 2680 2604 Κράτης),
2744 2519 2876 2582 nisi

577 2621 744 2686 forte
791 2622 978 2687 illum
1028 2646 1066 2686 a
1116 2623 1375 2688 Laertio
1413 2622 1707 2708 Diogene
1754 2623 1820 2688 id
1868 2627 2235 2690 mutuatum
2284 2646 2424 2690 esse
2470 2628 2794 2689 autumas.

754 2728 1004 2794 Dubito
1062 2731 1334 2815 denique
1393 2730 1627 2795 addere
1674 2730 1875 2796 verba
1930 2731 2008 2796 de
2062 2730 2646 2816 Euphorione
2702 2731 2879 2796 dicta

576 2856 640 2919 p.
675 2834 806 2899 406
863 2838 959 2912 εἰς
1001 2832 1121 2902 τὸν
1169 2833 1616 2920 Εὐφορίωνος
1668 2831 1923 2921 τάφον,
1979 2839 2100 2902 τοῦ
2155 2834 2413 2922 μύστου
2466 2839 2604 2904 τῶν
2649 2833 2877 2923 Ἑλλη-

575 2941 785 3005 νικῶν
839 2937 1206 3028 (Ἑλλήνων
1271 2944 1472 3028 ἱερῶν
1540 2943 1705 3009 coni.
1771 2943 2113 3031 Paulssen)
2181 2941 2764 3028 μυθολογημάτων
2832 2941 2875 3029 ἢ

573 3046 1263 3134 τελεσιουργημάτων,
1339 3051 1416 3114 de
1491 3051 1726 3140 quibus
1800 3051 1877 3116 cf.
1938 3051 2257 3136 Meineke‚
2330 3053 2516 3116 Anal.
2575 3052 2662 3117 32
2719 3074 2874 3137 seq„

579 3153 832 3220 Finsler
869 3157 912 3220 l.
941 3179 989 3221 c.

756 3261 1023 3328 Saeculo
1072 3263 1319 3329 decimo
1369 3269 1639 3329 exeunte
1682 3264 2037 3348 Epitomen
2084 3266 2464 3351 compilavit
2510 3264 2871 3347 Suidas.²)

721 3485 772 3553 1)
819 3481 922 3538 Cui
965 3482 1194 3552 appicta
1239 3485 1326 3538 est
1359 3483 1418 3536 in
1456 3482 1647 3537 codice
1692 3481 1835 3536 haec
1872 3483 2199 3539 correctoris
2237 3486 2397 3539 nota·
2449 3479 2536 3540 ὅτι
2573 3480 2604 3539 ὁ
2643 3483 2870 3539 Μελέα-

573 3580 705 3630 γρος
745 3559 1078 3630 Γαδαρηνός
1123 3553 1219 3631 ἦν,
1265 3558 1328 3616 τὸ
1367 3561 1532 3631 γένος
1569 3557 1769 3632 Σύρος.
1837 3558 2196 3634 ἐτελεύτησεν
2246 3561 2307 3618 ἐν
2352 3565 2449 3635 Κῷ
2497 3564 2565 3634 τῇ
2611 3561 2762 3636 νήσῳ
2815 3569 2875 3622 et

499 3644 504 3649 ⁴
571 3661 627 3711 p.
657 3647 724 3696 82
765 3641 1037 3695 eiusdem:
1079 3638 1414 3710 Γαδαρηνὸς
1441 3632 1513 3710 ἦν
1548 3662 1628 3703 ως
1660 3637 1721 3696 ἐν
1751 3649 1873 3704 ταῖς
1904 3641 2225 3712 ἔμπροσθεν
2257 3639 2431 3706 αύτός
2461 3640 2669 3699 ἑαυτοῦ
2700 3642 2871 3716 ἐμνη-

572 3717 866 3791 μόνευσεν.
939 3715 1194 3790 ἤκμασεν
1234 3718 1326 3774 ἐπὶ
1364 3717 1651 3775 Σελεύκου
1690 3723 1790 3775 τοῦ
1832 3719 2097 3792 ἐσχάτου,
2144 3727 2202 3778 et
2238 3725 2310 3779 ad
2347 3723 2469 3794 VII,
2505 3729 2610 3780 418
2650 3723 2729 3786 εἰς
2765 3723 2873 3780 τὸν

572 3799 904 3870 Μελέαγρον
940 3796 1042 3854 τὸν
1082 3795 1671 3872 ἕπιγραμματοφόρον.
1728 3793 1895 3866 οὗτος
1934 3799 1963 3856 ὁ
2002 3804 2333 3873 Μελέαγρος
2374 3799 2436 3858 ἐν
2474 3805 2569 3878 Κῷ
2608 3804 2673 3876 τῇ
2712 3801 2873 3876 νήσῳ

571 3877 968 3950 καταγηράσας
1005 3875 1382 3950 ἐτελεύτησεν.

714 3965 768 4030 2)
817 3960 1022 4016 Suidae
1069 3960 1258 4031 aliquo
1304 3961 1448 4016 libro
1493 3961 1999 4031 praestantissimo,
2051 3961 2287 4017 fortasse
2334 3979 2401 4017 eo
2449 3963 2782 4032 exemplari,
2838 3982 2875 4020 a

573 4059 682 4111 quo
721 4043 845 4096 Par.
883 4047 930 4094 Δ
967 4040 1280 4110 descendit,
1320 4059 1450 4095 usus
1491 4044 1575 4097 est
1602 4042 2187 4112 Pseudo-Hesychius,
2224 4059 2391 4111 quem
2427 4061 2587 4096 suum
2625 4043 2693 4098 de
2730 4042 2873 4099 viris

571 4121 884 4176 illustribus
928 4124 1232 4176 tractatum
1279 4139 1422 4178 saec.
1461 4123 1567 4176 XII
1602 4124 1981 4193 composuisse
2019 4123 2188 4178 docui
2215 4123 2388 4192 praef.
2418 4123 2547 4180 Hes.
2587 4142 2640 4192 p.
2670 4123 2721 4176 X
2750 4141 2871 4194 seq.

573 4201 868 4270 Conspirat
905 4201 1056 4257 enim
1091 4203 1279 4257 textus
1324 4201 1476 4258 illius
1514 4204 1843 4272 plerumque
1891 4221 2019 4258 cum
2054 4208 2101 4255 Δ
2137 4203 2230 4257 vel
2256 4209 2319 4269 V,
2358 4202 2510 4271 quod
2553 4202 2874 4258 luculenter

571 4283 916 4352 patefactum
962 4284 1056 4337 est·
1092 4300 1158 4337 ex
1206 4281 1406 4352 glossis
1447 4279 1737 4352 Διαγόρας
1784 4278 2098 4352 (ἐπεκλήθη
2137 4313 2203 4323 --
2253 4281 2382 4338 exit.
2422 4287 2523 4334 AV
2570 4299 2677 4336 om.
2725 4283 2873 4352 rel.),

571 4356 815 4429 Δράκων
861 4357 996 4428 (ὑπὸ
1035 4363 1146 4416 τῶν
1183 4361 1300 4430 Αἰγ.
1338 4363 1489 4416 solus
1528 4366 1595 4430 A)
1638 4358 1874 4416 Πλάτων
1922 4359 2149 4432 (ἔγκυος
2194 4363 2344 4418 solus
2384 4367 2428 4415 A
2478 4359 2677 4430 ἔγγυος
2714 4363 2869 4432 rel.);
