3025 4892
599 248 684 314 60
1518 249 1615 306 ΗΕ
1624 246 1946 304 SYCHIUS.

776 411 1080 496 CCXXX.
1156 418 1583 498 Δομντνος,
1630 407 2005 496 φιλόσοφος
2052 406 2303 496 Σύρος,
2353 403 2482 475 ἆπό
2528 433 2595 475 τε
2634 411 2855 474 Λαοδι-

481 518 490 525 ’
599 524 777 599 κείας
822 519 931 586 καὶ
980 524 1351 605 Λαρίσσης,
1397 517 1655 596 πόλεως
1698 521 1979 605 Συρίας,
2027 513 2335 603 μαθητὴς
2378 519 2720 600 Συριανοῦ
2762 514 2855 580 καὶ

598 624 915 712 Πρόκλου
980 623 1460 711 συμφοιτητής,
1526 621 1616 703 ὥς
1680 642 1847 710 φησι
1905 621 2315 709 Δαμάσκιος.
2416 627 2659 710 ἔγραψε
2713 618 2857 688 κατὰ

595 736 732 801 τῶν
776 735 898 800 τοῦ
944 730 1310 809 Πλάτωνος
1355 729 1809 818 δοξασμάτων.

545 857 570 897 ⁵
779 841 1118 908 CCXXXI.
1194 841 1492 926 Δοῦρις
1548 836 1897 927 ἱστορικός.
1990 842 2279 926 ἔγραψεν
2328 841 2632 925 ἱστορίαν
2676 842 2857 922 Λιβυ-

596 945 721 1033 κὴν
769 948 877 1014 καὶ
927 946 1284 1034 Περσικήν.

778 1055 1154 1124 CCXXXII.
1231 1052 1567 1141 Δράκων
1616 1052 1976 1139 Ἀθηναῖος
2040 1053 2431 1140 νομοθέτης.
2536 1044 2722 1130 οὗτος
2781 1055 2859 1128 εἰς

601 1156 906 1247 Αἴγιναν
949 1162 1051 1228 ἐπὶ
1107 1167 1519 1248 νομοθεσίας
1572 1159 2081 1248 εὐφημούμενος
2134 1157 2265 1227 ὑπὸ
2316 1163 2451 1227 τῶν
2504 1161 2859 1245 Αἰγινητῶν

600 1268 673 1335 ἐν
709 1272 799 1358 τῷ
838 1271 1121 1361 θεάτρῳ,
1167 1270 1665 1357 ἐπιρριψάντων
1702 1257 1881 1359 αὐτῷ
1923 1269 2026 1337 ἐπὶ
2065 1267 2187 1354 τὴν
2226 1263 2528 1356 κεφαλὴν
2567 1265 2861 1341 πετάσους

521 1394 572 1433 10
598 1381 908 1454 πλείονας
971 1377 1080 1443 καὶ
1146 1381 1429 1463 χιτῶνας
1487 1377 1597 1443 καὶ
1659 1375 1913 1463 ἱμάτια,
1977 1373 2342 1460 ἀπεπνίγη,
2406 1373 2517 1440 καὶ
2580 1375 2654 1440 ἐν
2704 1368 2860 1461 αὐτῷ

599 1480 807 1568 ἐτάφη
852 1486 942 1572 τῷ
988 1482 1273 1574 θεάτρῳ.
1355 1484 1590 1569 γέγονε
1638 1481 1712 1550 δὲ
1755 1496 1897 1562 τοῖς
1942 1481 2212 1568 χρόνοις
2256 1479 2419 1547 κατὰ
2466 1477 2627 1559 τοὺς
2672 1478 2721 1561 ζ’
2767 1497 2859 1544 σο-

598 1586 790 1673 φούς,
829 1585 870 1675 ἢ
911 1593 1168 1677 μᾶλλον
1206 1590 1314 1657 καὶ
1352 1588 1825 1676 πρεσβύτερος·
1863 1593 1942 1678 τῇ
1981 1591 2152 1674 γοῦν
2190 1586 2307 1655 λθ’
2340 1585 2699 1672 ὀλυμπιάδι
2724 1583 2861 1662 τοὺς

598 1694 849 1782 νόμους
888 1701 1079 1764 ἔθετο
1118 1694 1395 1784 γηραιὸς
1439 1691 1537 1764 ὢν
1574 1710 1714 1776 τοῖς
1748 1694 2150 1783 Ἀθηναίοις.
2208 1700 2500 1784 ἔγραψεν
2539 1690 2861 1779 ὑποθήκας

601 1804 692 1879 είς
740 1806 858 1887 ἔπη
906 1809 1251 1889 τρισχίλια.

520 1925 570 1965 15
777 1909 1188 1978 CCXXXIII.
1254 1913 1589 1998 Δράκων
1630 1907 2120 1994 Στρατονικεὺς
2156 1906 2624 1994 γραμματικός.
2678 1932 2860 1992 τεχνι-

597 2013 712 2099 κά,
769 2013 1274 2106 ὀρθογραφίαν,
1332 2019 1482 2104 περὶ
1540 2021 1674 2084 τῶν
1721 2014 1884 2084 κατὰ
1934 2021 2253 2099 συζυγίαν
2304 2012 2683 2101 ὀνομάτων,
2734 2012 2861 2095 περὶ

599 2118 1066 2210 ἄντωνυμιῶν,
1105 2124 1254 2213 περὶ
1293 2125 1573 2212 μέτρων,
1611 2123 1760 2210 περὶ
1801 2123 2131 2207 σατύρων,
2169 2122 2317 2209 περὶ
2355 2125 2491 2187 τῶν
2530 2119 2861 2206 Πινδάρου

597 2232 841 2316 μελῶν,
889 2231 1037 2316 περὶ
1084 2235 1216 2299 τῶν
1257 2234 1587 2318 Σαπφοῦς
1621 2232 1902 2318 μέτρων,
1948 2230 2097 2317 περὶ
2136 2231 2271 2296 τῶν
2304 2226 2614 2295 Ἀλκαίου
2650 2229 2861 2313 μελῶν.

778 2337 1180 2407 CCXXXIV.
1238 2337 1577 2423 Δράκων
1604 2339 1871 2416 υἰιδοῦς
1900 2333 2377 2421 Ἱπποκράτους
2402 2336 2528 2402 τοῦ
2556 2330 2862 2418 διασήμου

519 2461 572 2501 20
599 2448 855 2531 ἰατροῦ,
886 2443 1013 2513 ἀπὸ
1045 2445 1410 2530 Θεσσάλου,
1444 2443 1657 2530 πατὴρ
1690 2443 1765 2511 δὲ
1781 2441 2279 2529 Ιπποκράτους,
2311 2469 2393 2510 ου
2422 2440 2625 2509 πάλιν
2652 2442 2862 2526 γέγονε

599 2550 918 2639 Δράκων,
961 2551 1186 2640 ἰατρὸς
1221 2553 1331 2620 καὶ
1369 2549 1592 2636 αὐτός,
1633 2547 1706 2631 ὃς
1723 2547 2061 2636 Ῥωξάνην
2102 2547 2405 2637 ίάτρευσε
2432 2549 2861 2616 συνοικοῦσαν

590 2653 1001 2750 Ἀλεξάνδρω
1047 2686 1138 2727 τω
1188 2657 1559 2727 Μακεδόνι.

741 2799 982 2855 CCXXX
1029 2801 1263 2857 accessit
1307 2819 1375 2856 ex
1421 2802 1572 2856 Eud.
1621 2819 1676 2870 p.
1724 2806 1856 2869 239,
1909 2801 2171 2869 quoniam
2220 2800 2445 2855 Suidam
2494 2801 2605 2854 hoc
2650 2800 2766 2853 loco
2809 2811 2863 2848 ex

597 2879 894 2935 Damascio
937 2899 1038 2936 sua
1076 2881 1429 2951 descripsisse
1469 2879 1635 2935 docui
1674 2881 1894 2935 Unters.
1931 2900 1983 2950 p.
2026 2887 2109 2935 60.
2184 2881 2265 2935 Cf.
2303 2899 2353 2936 v.
2400 2879 2611 2940 Γέσιος.

742 2960 1007 3016 CCXXXI
1037 2961 1275 3017 accessit
1311 2979 1377 3016 ex
1406 2962 1555 3016 Eud.
1586 2980 1639 3029 p.
1672 2966 1793 3028 223,
1823 2960 1931 3014 nisi
1960 2963 2107 3028 quod
2138 2962 2239 3027 ill-a
2263 2960 2487 3030 scripsit
2508 2960 2707 3028 Δῶρις,
2736 2952 2864 3024 quod

598 3058 734 3095 corr.
777 3041 1102 3106 Hulleman,
1141 3043 1271 3096 Dur.
1310 3043 1376 3096 fr.
1406 3060 1460 3110 p.
1492 3048 1541 3108 3,
1592 3041 1865 3097 Westerm.
1906 3042 2032 3096 coll.
2074 3041 2224 3096 Suid.
2263 3060 2315 3096 v.
2354 3037 2616 3108 Λυγκεὺς
2653 3036 2859 3106 Σάμιος·

595 3121 832 3176 Falsarii
868 3123 1044 3177 vitam
1082 3139 1202 3176 esse
1230 3124 1394 3192 putat
1422 3122 1597 3176 ΡιιΖοῙι
1631 3140 1686 3189 p.
1711 3129 1778 3176 80
1798 3124 1913 3175 nob.
1969 3121 2165 3175 Priora
2199 3121 2371 3176 verba
2406 3137 2582 3189 usque
2622 3119 2692 3174 ad
2718 3118 2862 3188 Λιβυ-

597 3197 703 3268 κὴν
739 3201 963 3255 fluxisse
1011 3219 1076 3256 ex
1113 3202 1301 3272 glossa
1336 3198 1553 3271 Λάμια,
1600 3199 1699 3254 ubi
1738 3201 1945 3268 Δοῦρις
1993 3197 2055 3255 ἐν
2095 3197 2149 3272 β’
2192 3203 2455 3273 Λιβυκῶν
2490 3201 2751 3254 laudatur
2782 3193 2861 3264 (cf.

601 3280 785 3337 Schol.
815 3282 907 3336 Ar.
939 3282 1103 3349 Vesp.
1145 3287 1298 3350 1035,
1338 3281 1498 3336 Phot.
1539 3299 1590 3336 v,
1622 3276 1839 3349 Λάμια,
1880 3281 2105 3335 Tzetzes
2144 3279 2215 3334 ad
2244 3280 2373 3350 Lyc.
2404 3286 2527 3344 847,
2566 3279 2734 3334 schol.
2767 3276 2859 3328 vet.

595 3361 658 3414 in
693 3362 825 3429 Lyc.
864 3365 968 3415 848
1008 3361 1093 3418 ed.
1131 3362 1358 3428 Kinkel)
1395 3360 1672 3428 verbaque
1720 3359 1818 3413 καὶ
1858 3355 2143 3428 Περσικὴν
2178 3359 2430 3422 infirmae
2467 3360 2601 3412 fidei
2649 3375 2759 3413 esse
2793 3356 2861 3408 ab·

598 3458 704 3510 que
741 3441 976 3495 fortasse
1025 3460 1091 3496 ex
1130 3441 1322 3496 Dionis
1368 3441 1486 3496 vita
1529 3439 1879 3509 immigrasse
1924 3458 2039 3494 non
2077 3441 2340 3510 probavit
2377 3441 2562 3494 Daub.
2639 3437 2862 3492 Titulum

596 3516 818 3591 Λιβυκά
849 3525 1064 3589 partem
1095 3521 1365 3575 historiae
1386 3521 1715 3590 Agaizhoclis
1744 3519 2055 3588 significare
2089 3521 2236 3587 (coll.
2260 3519 2432 3573 schol.
2454 3519 2627 3573 Arist.-
2648 3544 2712 3563 --·=
2730 3517 2787 3569 fr.
2808 3517 2863 3566 35

597 3598 847 3667 Miiller),
896 3597 1145 3668 Περσικά
1192 3603 1411 3670 partem
1449 3599 1818 3654 Macedonum
1854 3599 2149 3665 historiae,
2199 3616 2310 3668 qua
2355 3599 2568 3652 bellum
2607 3597 2861 3652 Persicum

596 3683 884 3736 narratum
929 3681 1125 3749 fuerit,
1172 3681 1453 3750 sagaciter
1495 3681 1780 3748 perspexit
1818 3681 2153 3734 Gutschmid.
2229 3679 2486 3734 Ceterum
2536 3678 2733 3732 Suidas
2776 3677 2863 3729 hoc

596 3765 718 3818 loco
755 3761 985 3816 exhibet.
1021 3760 1262 3830 glossam
1305 3761 1539 3827 Δοῦρις,
1588 3755 1767 3829 ὄνομα
1806 3761 2069 3827 ποιητοῦ,
2116 3777 2258 3829 quae
2301 3761 2519 3828 spectat
2555 3759 2626 3813 ad
2664 3758 2864 3828 poetam

596 3843 843 3898 Elaitem
881 3843 970 3909 (cf.
1013 3841 1206 3911 steph.
1245 3840 1374 3909 Byz.
1412 3859 1464 3896 v.
1493 3837 1761 3910 Ἔφεσος,
1800 3840 1969 3894 Anizh.
2011 3841 2126 3894 Pal.
2166 3841 2270 3907 IX,
2310 3843 2435 3910 424)

741 3922 1039 3978 CCXXXII
1079 3938 1183 3975 om.
1216 3922 1488 3976 Westerm.
1557 3922 1637 3977 cf.
1676 3920 1864 3987 Daub‚
1906 3919 2061 3973 Stud.
2091 3939 2146 3989 p.
2179 3927 2280 3975 106
2463 3925 2492 3972 ’7
2541 3913 2776 3987 Δράκων
2809 3941 2862 3953 -

597 4000 882 4072 ἀπεπνίγη
919 4003 1213 4073 descripsit
1254 4003 1499 4057 Pseudo·
1513 4002 1745 4072 Hesych.
1786 4017 1829 4054 ο.
1871 4007 1938 4054 22
2077 4007 2108 4055 8
2146 3995 2259 4054 ὑπὸ
2296 4020 2342 4054 τ.
2381 3998 2497 4068 Αἰγ.
2538 3994 2865 4053 accesserunt

598 4104 666 4141 ex
703 4091 748 4138 A
787 4085 915 4138 Hes.
957 4101 1064 4138 om.
1104 4082 1202 4138 rel.
1341 4090 1372 4136 9
1411 4080 1617 4151 σκευήν
1653 4088 1700 4135 V
1849 4086 1909 4133 11
1952 4079 2020 4134 cf.
2060 4098 2109 4132 v.
2156 4083 2429 4146 Τυρταιος

742 4163 1065 4218 CCXXXIII
1093 4163 1244 4218 Eud.
1273 4182 1324 4232 Ρ.
1347 4168 1449 4216 231
1530 4167 1595 4216 15
1624 4161 1875 4231 γέγραφε
1898 4179 2007 4228 τεχ.
2029 4159 2181 4214 Eud.
2262 4163 2327 4212 18
2347 4160 2493 4210 Σαπ.
2518 4157 2699 4227 μελῶν
2717 4152 2864 4210 Daub

742 4242 1061 4297 CCXXXIV
1097 4243 1247 4296 Eud.
1289 4261 1342 4310 p
1381 4247 1488 4294 224
1635 4248 1699 4294 19
1738 4231 2177 4310 διασημοτάτου
2191 4239 2341 4306 Eud.
2487 4243 2557 4291 20
2594 4233 2705 4290 άπὸ
2747 4239 2863 4290 Θεσ-

599 4319 772 4376 σάλου
812 4354 878 4362 -
919 4317 1160 4388 Δράκων
1197 4338 1306 4376 om.
1347 4321 1498 4374 Eud.
1628 4317 1840 4386 πατρὸς
1876 4326 1921 4372 V
2056 4325 2123 4372 22
2163 4319 2237 4392 τῷ
2278 4314 2636 4372 Μακεδόνων
2674 4316 2870 4389 βασιλεῖ

601 4401 752 4454 Eud.
829 4400 910 4454 Cf.
950 4400 1150 4456 Suidas
1189 4419 1236 4454 v.
1269 4395 1639 4468 Ἱπποκράτης
1676 4398 1937 4467 τέταρτος
