3025 4892
1115 224 1543 281 HESYCHIUS.
2348 227 2474 293 149

223 410 434 471 χρονος
460 382 980 472 Ἀριστοφάνους
1013 389 1136 455 τοῦ
1173 391 1486 472 κωμικοῦ.
1544 390 1680 455 τῶν
1718 374 2077 477 δραμάτων
2114 388 2324 457 αὐτοῦ
2364 389 2475 457 καὶ

219 494 420 559 ταῦτα·
451 489 551 573 Ἐξ
569 489 809 560 ’Ἅιδου
837 491 1075 579 ἀνιών,
1098 490 1491 581 Ἀφροδίτης
1520 501 1738 581 γοναί,
1772 494 2127 584 Πανδώρα,
2151 492 2486 584 Ἐγχειροέ

216 597 530 686 γάστορες,
576 604 920 688 Σειρῆνες.
2268 662 2279 673 .

366 707 614 775 DLXV.
672 705 1125 795 Νικοχάρης
1167 710 1556 776 Φιλωνίδου
1596 712 1719 777 τοῦ
1754 712 2074 796 κωμικοῦ,
2116 706 2473 796 Ἀθηναῖος

212 812 499 899 κωμικός,
568 812 941 902 σύγχρονος
989 811 1530 899 Ἀριστοφάνους.
1628 816 1767 881 τῶν
1835 813 2194 902 δραμάτων
2260 813 2472 883 αὐτοῦ
2498 844 2525 883 5

210 915 557 1007 Ἀμυμώνη,
594 922 856 1005 Πέλοψ,
891 919 1242 1005 Γαλάτεια,
1270 917 1600 1005 Ἡρακλῆς
1636 923 1891 1007 γαμῶν,
1920 916 2247 1009 ἹΙρακλῆς
2278 947 2473 1010 χορη-

211 1024 338 1110 γός,
381 1029 663 1115 Κρῆτες,
711 1025 1056 1112 Λάκωνες,
1108 1025 1426 1114 Λήμνιαι,
1480 1028 1880 1113 Κένταυροι,
1928 1027 2469 1116 Χειρογάστορες.

363 1136 648 1203 DLXVI.
687 1139 794 1218 [Ν
798 1132 834 1202 ό
845 1160 1036 1213 ννος
1055 1140 1527 1220 Πανοπολίτης
1554 1135 1620 1215 ἐξ
1649 1133 2019 1220 Αἰγύπτου,
2049 1136 2473 1223 λογιώτατος,

213 1236 243 1306 ὁ
285 1242 384 1307 καὶ
429 1240 548 1309 τὸν
593 1242 942 1329 παρθένον
983 1236 1311 1326 Ἰωάννην
1357 1239 1801 1328 παραφράσας
1848 1237 1938 1307 δι’
1990 1238 2213 1324 ἐπῶν]

364 1350 682 1417 DLXVII.
741 1346 1212 1435 Νουμήνιος
1243 1344 1567 1433 Ἀπαμεὺς
1605 1345 1733 1416 άπὸ
1774 1352 2053 1434 Συρίας,
2100 1347 2474 1435 φιλόσοφος
2502 1376 2552 1414 ιο

205 1455 670 1543 Πυθαγόρειος.
765 1446 992 1539 [οὗτός
1049 1456 1229 1522 ἐστιν
1295 1450 1330 1519 ὁ
1379 1452 1505 1540 τὴν
1550 1456 1672 1521 τοῦ
1720 1453 2089 1533 Πλάτωνος
2136 1455 2472 1540 ἐξελέγξας

202 1560 492 1629 διάνοιαν
561 1560 650 1641 ὡς
709 1563 780 1629 ἐκ
835 1564 972 1629 τών
1029 1564 1420 1629 Μωσαϊκῶν
1475 1557 1557 1628 τὰ
1616 1559 1767 1647 περὶ
1822 1564 1995 1628 θεοῦ
2048 1561 2159 1629 καὶ
2215 1561 2473 1649 κόσμου

199 1669 498 1753 γενέσεως
553 1666 1094 1755 άποσυλήσασαν.
1185 1668 1295 1735 καὶ
1357 1665 1469 1735 διὰ
1527 1666 1724 1735 τοῦτό
1786 1688 1951 1753 φησι
2009 1669 2109 1735 ετί
2156 1667 2285 1755 γάρ
2334 1671 2471 1736 ἐστι

203 1773 472 1843 Πλάτων
519 1774 562 1861 ἢ
610 1780 869 1862 Μωσῆς
913 1772 1259 1855 άττικίζων
1282 1776 1350 1858 ;’]

353 1882 712 1951 DLXVIII.
782 1890 859 1949 N
876 1908 912 1950 ο
939 1880 1110 1967 υμή
1131 1908 1173 1948 ν
1201 1908 1224 1947 ι
1247 1907 1282 1947 ο
1309 1908 1342 1959 ς
1388 1879 1627 1969 ῥήτωρ.
1698 1881 1849 1967 περὶ
1894 1885 2032 1949 τῶν
2077 1886 2193 1968 τῆς
2239 1883 2473 1963 λέξεως
2502 1909 2551 1947 15

191 1986 562 2075 σχημάτων,
635 1986 993 2067 ὑποθέσεις
1067 1992 1202 2055 τῶν
1278 1991 1706 2055 Θουκυδίδου
1780 1988 1889 2055 καὶ
1958 1990 2472 2075 Δημοσθένους,

187 2098 416 2180 χρειῶν
462 2094 898 2183 συναγωγήν,
941 2092 1271 2186 Ἀδριανῷ
1317 2091 1877 2179 παραμυθητικὸν
1926 2098 2023 2173 εἰς
2062 2091 2425 2163 Ἀντίνοον.

351 2203 641 2271 DLXIX.
715 2201 1039 2288 Νύμφις
1087 2199 1508 2288 [Νύμφιδος]
1556 2197 1979 2287 Ξεναγόρου,
2018 2197 2474 2290 “Ηρακλεώτης

187 2310 254 2375 ἐκ
295 2308 602 2396 Πόντου,
659 2306 1011 2394 ἱστορικός.
1099 2307 1248 2395 περὶ
1291 2304 1732 2394 Ἀλεξάνδρου
1787 2306 1899 2373 καὶ
1944 2308 2081 2372 τῶν
2128 2307 2469 2393 διαδόχων

183 2415 285 2481 καὶ
332 2413 662 2501 ἐπιγόνων
709 2419 936 2501 βιβλία
981 2412 1117 2498 κδ’,
1163 2412 1312 2501 περὶ
1339 2410 1729 2501 Ἡρακλείας
1773 2417 1999 2517 βιβλία
2038 2411 2141 2499 ,ιγ’
2184 2414 2346 2499 (ἔχει
2393 2414 2467 2482 δὲ
2496 2443 2549 2481 20

181 2523 359 2608 μέχρι
395 2526 513 2609 τῆς
546 2523 1002 2610 καθαιρέσεως
1036 2523 1172 2588 τῶν
1212 2518 1572 2606 τυράννων
1611 2517 1691 2587 τὰ
1732 2518 1891 2605 μετὰ
1928 2517 2085 2597 τοὺς
2113 2518 2470 2606 ἐπιγόνους

183 2630 288 2695 καὶ
331 2631 521 2717 μέχρι
565 2632 688 2698 τοῦ
735 2633 964 2715 τρίτου
1009 2625 1484 2715 Πτολεμαίου).
2312 2664 2327 2677 ·

347 2739 605 2804 DLXX.
668 2734 984 2815 Ξάνθος
1028 2731 1461 2819 Κανδαύλου,
1511 2731 1738 2812 Λυδὸς
1791 2735 1862 2800 ἐκ
1899 2732 2247 2821 Σάρδεων,
2297 2736 2469 2801 ἱστο-

189 2948 320 2987 corr.
348 2932 624 2988 Kusterus
661 2925 978 3000 Νικόφρων
1014 2930 1160 2998 ναῖς.
1308 2935 1336 2983 1
1377 2929 1472 2983 καὶ
1509 2946 1625 3001 ecq.
1658 2946 1808 2998 susp.
1954 2936 1987 2983 2
2024 2924 2469 2999 Χειρογάστορες

181 3029 313 3067 corr.
352 3012 628 3068 Kasterus

311 3092 513 3147 DLXV
549 3093 702 3148 Eud.
741 3110 796 3161 p.
827 3096 948 3146 513.
1012 3091 1245 3146 Tractat
1280 3088 1541 3144 Meineke
1577 3090 1602 3142 Ι
1638 3107 1694 3158 p.
1724 3094 1827 3145 253
1850 3107 1961 3159 seq.
2082 3096 2116 3144 4
2155 3088 2254 3143 τοῦ
2296 3108 2465 3159 κωμι-

177 3173 276 3227 κοῦ
316 3174 446 3243 post
476 3168 574 3241 Ἄρ.
613 3172 743 3230 add.
770 3178 818 3225 V

312 3252 542 3307 DLXVI
580 3251 833 3309 Accessit
857 3268 926 3307 ex
951 3251 1106 3308 Eud.
1134 3271 1189 3322 p.
1209 3257 1333 3322 514,
1361 3269 1469 3307 om.
1501 3252 1706 3307 Suidae
1735 3251 1867 3306 libri
1891 3255 2009 3321 AV,
2035 3251 2245 3321 legitur
2273 3253 2468 3305 tamen

175 3332 233 3386 in
268 3332 366 3387 rel.
394 3332 552 3387 libris
581 3334 640 3389 et
666 3334 803 3388 vett.
831 3333 953 3388 edd.
984 3334 1136 3401 (Αἶά.
1161 3333 1314 3389 Port.
1337 3333 1559 3387 Kaster.
1583 3332 1888 3401 Gaisford.)
1920 3349 1963 3386 s,
1991 3332 2083 3388 fin.
2113 3332 2188 3401 gl.
2222 3328 2467 3402 Νόνναι,

176 3414 340 3467 antea
375 3412 584 3467 additis
621 3414 804 3469 verbis
843 3411 1028 3469 ἰστέον
1065 3411 1130 3469 δὲ
1170 3408 1245 3475 ὥς
1275 3411 1407 3467 ἔστι.
1464 3412 1677 3468 Eadem
1706 3413 1827 3468 vita
1864 3414 2020 3467 extat
2057 3412 2228 3466 etiam
2254 3411 2315 3465 in
2344 3410 2465 3466 cod.

175 3494 340 3549 Anth.
369 3494 515 3551 PaL:
553 3495 620 3549 cf.
664 3493 859 3549 Iacobs
886 3495 964 3549 VI
998 3514 1054 3565 p.
1082 3495 1251 3549 LXV.
1307 3495 1458 3550 Num
1494 3492 1766 3562 Hesychii
1802 3493 1900 3560 sit,
1938 3492 2197 3558 dubium,
2234 3508 2361 3545 cum
2399 3506 2467 3544 ea

174 3574 352 3628 forma.
386 3574 458 3628 ab
495 3573 595 3629 illo
622 3589 736 3628 non
763 3573 1032 3644 scriptam
1061 3591 1182 3629 esee
1209 3576 1407 3642 pateass
1516 3581 1547 3629 9
1584 3570 1851 3641 Ἰωάννην
1872 3571 2023 3625 Eud.
2050 3568 2331 3639 θεολόγον
2365 3570 2464 3624 rel.

312 3653 570 3707 DLXVII
606 3671 714 3708 om.
747 3654 1022 3709 Westerm.
1060 3654 1212 3710 Eud.
1252 3673 1304 3723 p.
1336 3659 1441 3710 508
1590 3657 1657 3707 10
1695 3648 2007 3720 φιλόσοφος
2044 3652 2199 3705 Πυθ.
2230 3678 2298 3689 -
2329 3649 2463 3703 exit.

173 3732 466 3803 descripsit
504 3734 996 3805 Pseudo-Hesych.
1035 3752 1082 3789 c.
1111 3741 1197 3790 47.
1273 3732 1574 3789 Addidisse
1610 3731 1751 3785 haec
1791 3729 2023 3785 Snidam
2060 3746 2130 3783 ex
2165 3729 2339 3785 Clem.
2370 3730 2462 3784 Al.

175 3812 374 3869 Strom.
411 3813 439 3866 I
473 3831 528 3883 p.
559 3819 663 3868 251
702 3812 794 3869 vel
821 3812 1022 3872 Euseb.
1060 3832 1250 3884 praep.
1289 3831 1374 3869 ev.
1410 3811 1489 3867 IX
1528 3828 1574 3867 c.
1614 3818 1664 3879 6,
1697 3816 1762 3869 17
1801 3809 1918 3865 dixi
1952 3809 2093 3865 Mus.
2130 3808 2308 3863 Rhcn.
2348 3810 2385 3863 l.
2416 3826 2461 3863 c.

311 3891 591 3947 DLXVlII
629 3892 778 3947 Eud.
809 3912 862 3963 Ρ.
893 3898 996 3947 511
1111 3899 1176 3948 15
1208 3891 1420 3963 ἔγραψε
1450 3892 1581 3961 περὶ
1607 3893 1750 3961 ναῖς.
1781 3891 1933 3947 Eud.
1976 3886 2189 3958 ἔγραψε
2222 3905 2333 3944 om.
2361 3893 2465 3942 ΔΥ

311 3969 540 4025 DLXIX
575 3971 728 4027 Eud.
764 3990 820 4042 p.
858 3977 980 4029 510.
1053 3973 1136 4029 Cf.
1173 3974 1378 4029 Mflner
1412 3972 1490 4026 111
1524 3991 1579 4042 p.
1615 3978 1679 4027 12
1827 3978 1893 4027 18
1930 3966 2237 4039 Νύμφιδος
2272 3968 2462 4040 inepte

175 4052 298 4107 add.
334 4050 468 4109 libri
493 4067 601 4106 om.
623 4051 777 4110 Eud.
833 4051 914 4109 Cf.
944 4072 996 4108 v.
1030 4047 1290 4124 Ἀραρώς,
1323 4051 1637 4120 Δέξιππος,
1664 4047 1872 4121 Ἴστρος
1993 4056 2058 4105 19
2089 4047 2301 4118 ἔγραψε
2334 4050 2464 4120 περὶ

176 4133 322 4189 Eud.
464 4139 527 4188 21
569 4128 638 4187 τὰ
675 4129 821 4187 κατὰ
859 4128 992 4197 τοῦς
1021 4132 1271 4204 Glinton,
1308 4133 1438 4191 fast.
1474 4134 1530 4189 II
1558 4134 1639 4203 Ip.
1668 4138 1755 4199 21,
1794 4130 1948 4186 cuius
1976 4130 2294 4199 improbata
2332 4146 2462 4184 con-

174 4213 386 4269 iectura
420 4212 515 4266 καὶ
553 4207 622 4267 τὰ
652 4209 793 4282 μετὰ
830 4213 1010 4269 altero
1046 4213 1145 4267 καὶ
1182 4217 1458 4284 expuncto
1492 4211 1742 4268 tentavit
1778 4211 1991 4279 Mallem·
2134 4214 2203 4263 22
2240 4228 2462 4278 τριπτο-

179 4294 511 4429 λεμαέοέΧΔΧ
545 4372 818 4429 Tractant
832 4371 1037 4427 Mfiller
1055 4374 1078 4426 I
1097 4393 1150 4444 p.
1168 4374 1287 4441 XX,
1307 4374 1522 4443 Rohde,
1552 4374 1692 4429 Mus.
1713 4374 1888 4429 Rhen.
1908 4370 2145 4428 XXXIII
2162 4390 2217 4442 p.
2230 4377 2337 4429 206
2348 4389 2461 4441 seq.
