3025 4892
923 241 1280 298 ADDENDA
1317 239 1411 294 ΕΤ
1450 239 1940 297 CORRIGENDA.
2406 237 2581 294 LXXI

277 407 427 460 tium
466 405 758 473 collocari,
807 407 870 459 ut
906 422 1016 474 quo
1051 404 1192 458 illud
1230 405 1448 474 spectet
1494 404 1821 474 ambiguum
1869 403 1966 471 sit,
2015 400 2333 458 observavit
2368 400 2575 466 Rohde,

279 485 430 542 Mus.
469 486 646 540 Rhen.
686 484 868 540 XXVI
904 504 959 554 p.
990 491 1092 540 569
1121 485 1236 539 not.

427 593 482 645 p.
525 581 624 629 179
666 575 1018 643 Πρατίνας
1053 573 1090 628 l.
1131 579 1180 627 9.
1255 573 1318 626 In
1354 577 1401 625 Δ
1438 573 1587 628 enim
1625 571 1832 642 legitur
1864 556 2020 641 21³³,
2068 588 2177 641 quo
2216 571 2283 624 de
2322 587 2583 640 compen-

281 655 384 711 dio
429 658 500 711 cf.
542 656 726 723 Cobet,
778 655 1006 710 Observ.
1055 654 1175 710 crit.
1214 672 1266 722 p.
1309 658 1428 720 147,
1488 652 1584 722 qui
1626 647 1883 722 Ἀθῆναι,
1926 647 2249 721 Ἀθήνησιν,
2294 645 2581 718 Ἀθηναῖοι

285 737 670 805 idsignificare
707 736 886 791 docet.

431 835 485 886 p.
529 822 628 871 188
679 811 985 876 Ῥιανός
1031 814 1067 868 l.
1111 820 1175 868 12
1227 809 1584 883 γραμματικά
1647 808 1861 882 ποίημά
1913 831 1971 866 τε
2018 809 2395 880 ‘Homul-saddoc
2442 811 2581 864 Gut-

281 898 522 963 schmid,
570 895 650 958 εἰς
687 892 1076 966 γραμματικήν
1123 914 1251 947 τινα
1290 893 1388 946 καὶ
1435 889 1717 964 ἐμμέτρως
1756 891 1983 946 Suidam
2030 891 2314 962 scripsisse
2362 891 2583 960 put-avit

281 977 487 1043 Daub,
532 976 602 1030 de
638 975 784 1031 Viol.
822 995 876 1046 p.
907 981 1002 1042 24,
1050 974 1148 1043 qui
1183 974 1356 1029 etiam
1402 975 1460 1029 in
1498 974 1619 1029 vita
1665 971 1784 1027 cod.
1824 972 1947 1028 Par.
1990 979 2129 1027 2600
2175 970 2577 1042 γραμματικός.

284 1048 456 1118 οὗτος
502 1053 776 1126 πρότερον
822 1048 895 1124 ἦν
936 1087 997 1094 -
1040 1053 1176 1108 olim
1232 1055 1401 1110 fuisse
1449 1057 1508 1109 et
1544 1055 1675 1124 post
1719 1050 2111 1122 γραμματικήν
2160 1053 2413 1108 additum
2452 1072 2577 1106 τινα

284 1136 548 1192 coniecit.

433 1237 488 1288 p.
529 1224 630 1272 193
669 1215 922 1282 Σέξτος
957 1217 1147 1282 Χαιρ.
1187 1214 1223 1270 l.
1258 1220 1287 1268 ⁷
1328 1231 1455 1268 cum
1485 1209 1851 1268 ἐπισκεπτικὰ
1887 1215 1947 1266 et
1974 1209 2243 1268 σκεπτικὰ
2275 1229 2582 1283 synonyma

284 1298 432 1366 sint,
461 1297 690 1352 Suidam
721 1297 900 1366 ipsum
928 1294 1080 1349 idem
1109 1311 1246 1366 opus
1275 1296 1363 1350 bis
1390 1294 1687 1349 adnotasse
1718 1295 1907 1346 monet
1934 1292 2277 1361 Gutschmid3
2310 1287 2581 1360 ἐφεκτικὰ

281 1378 592 1432 infeliciter
628 1378 772 1432 coni.
811 1378 1210 1448 Pappenheim‚
1250 1377 1322 1431 de
1359 1375 1510 1431 Sext.
1548 1375 1709 1444 Emp.
1748 1391 1802 1443 p.
1832 1377 1863 1426 8
1903 1372 2103 1438 (Berol.
2139 1375 2313 1440 1874).

434 1476 488 1527 p.
531 1463 631 1512 197
683 1458 1084 1526 Σιμωνίδης
1134 1451 1435 1526 Μάγνης.
1509 1455 1759 1522 Utroque
1810 1453 1935 1506 loco
1986 1451 2327 1507 Antiochum
2374 1452 2398 1504 1
2456 1468 2582 1504 cum

283 1537 498 1609 Magno
537 1554 572 1590 a
606 1536 782 1592 Suida
819 1537 929 1605 (vel
965 1536 1266 1605 Hesychio)
1307 1535 1595 1590 confusum
1634 1550 1753 1588 esse
1792 1535 1981 1587 censet
2021 1531 2359 1586 Gutsehmid.

433 1636 488 1687 p.
531 1623 631 1672 198
669 1618 1068 1686 Σιμωνίδης
1101 1611 1202 1686 Ἇμ.
1242 1615 1278 1670 1.
1310 1621 1342 1668 5
1380 1614 1439 1668 in
1475 1613 1633 1668 fonte
1671 1611 2033 1682 praecessisse
2063 1612 2255 1678 aliqua
2292 1611 2362 1665 de
2390 1605 2584 1666 Aroh'i-

283 1696 484 1764 locho,
523 1697 807 1751 conditore
842 1697 1041 1762 Thasi,
1089 1713 1156 1751 ex
1192 1695 1377 1750 verbis
1415 1691 1513 1748 καὶ
1551 1687 1724 1754 αὐτὸς
1769 1687 1995 1761 ἡγεμών
2032 1690 2207 1745 efficit
2246 1691 2583 1745 Gutsehmid.

434 1775 472 1828 1.
512 1781 544 1828 8
594 1771 734 1844 μετὰ
780 1772 917 1845 vqs'
958 1774 1047 1830 vel
1095 1771 1224 1845 vqs'
1267 1772 1363 1842 ἔτη
1411 1771 1734 1827 dubitanter
1781 1773 1921 1828 coni.
1961 1771 2177 1838 Rohde,
2224 1771 2366 1826 Mus.
2408 1773 2583 1828 Rhen.

289 1855 533 1909 XXXVI
567 1873 621 1925 p.
653 1860 756 1908 559
793 1860 909 1909 not.

437 1935 473 1989 l.
514 1941 544 1988 9
595 1932 808 2004 ἔγραψε
847 1931 992 1988 κατά
1031 1955 1188 1997 τινας
1223 1935 1438 2002 πρῶτος
1476 1931 1743 2005 ἰάμβους,
1781 1930 2183 2003 ἀρχαιολογίαν
2222 1953 2281 1988 τε
2319 1935 2430 1989 τῶν
2470 1937 2585 1988 Σα-

287 2017 440 2085 μίων
479 2012 576 2086 καὶ
611 2010 752 2068 ἄλλα
789 2011 1041 2082 διάφορα
1079 2013 1322 2068 tentavit
1357 2013 1706 2083 Bernhardy.

438 2112 492 2163 p.
536 2099 633 2146 199
674 2089 946 2158 Σκύλαξ
985 2093 1020 2146 l.
1062 2099 1092 2146 6
1131 2091 1484 2147 Heraclidem
1522 2091 1893 2161 Mylasensem
1929 2091 2201 2148 Herodoti
2240 2093 2307 2161 V,
2348 2100 2445 2148 121
2488 2112 2587 2162 pu-

289 2173 449 2228 tavit
483 2189 602 2227 esse
646 2171 993 2237 Gutsehmid,
1037 2171 1400 2240 impugnatus
1447 2190 1482 2226 a
1517 2169 1754 2225 Mullero
1800 2171 1835 2226 1.
1878 2187 1949 2237 c.;
1996 2172 2093 2226 ille
2139 2190 2273 2228 vero
2322 2174 2587 2243 dynastas

292 2253 644 2322 Mylasenses
681 2251 889 2306 saeculi
917 2252 984 2307 11.
1015 2267 1064 2306 a.
1095 2251 1239 2318 Chr.,
1277 2251 1443 2306 modo
1483 2269 1730 2319 unquam
1761 2251 2075 2320 extiterint,
2114 2269 2274 2322 reges
2312 2253 2587 2322 appellari

285 2332 544 2403 potuisse
591 2332 764 2400 negat
809 2333 868 2386 et
911 2330 1155 2400 priorem
1194 2331 1512 2401 opinionem
1552 2331 1856 2386 etiamnum
1895 2334 2108 2399 tuetur,
2157 2333 2225 2386 de
2265 2333 2449 2401 capite
2490 2333 2588 2386 ali·

292 2430 414 2482 quo
450 2411 720 2466 uberioris
759 2411 942 2480 operis
979 2411 1368 2480 logographici
1404 2411 1500 2480 agi
1538 2414 1757 2480 putans.

439 2511 492 2561 p.
522 2498 626 2546 200
664 2492 1028 2560 Σοφοκλῆς
1067 2492 1101 2544 1.
1138 2497 1201 2545 12
1241 2491 1308 2546 de
1347 2490 1773 2546 difficultatibus
1810 2490 1919 2544 loci
1958 2489 2026 2543 cf.
2058 2489 2127 2544 F.
2155 2489 2365 2554 Scho‘ll,
2397 2505 2481 2559 ep.
2514 2489 2587 2544 ad
2654 2489 2663 2496 ’

290 2572 401 2627 Ad.
443 2571 649 2626 Schell.
688 2590 741 2640 p.
774 2576 840 2625 59
873 2587 1005 2638 seq.,
1044 2571 1141 2639 qui
1177 2591 1229 2641 p.
1261 2576 1329 2626 65
1367 2571 1446 2625 sic
1482 2571 1670 2624 locum
1708 2568 2004 2639 descripsit
2043 2570 2095 2623 ὃ.
2132 2587 2189 2621 π.
2231 2571 2280 2625 δ.
2320 2564 2585 2638 ἀγωνίζε-

289 2657 458 2720 σθαι,
493 2647 617 2706 ἀλλ’
651 2646 720 2706 ου’
757 2648 868 2721 μὴν
897 2654 1409 2720 στρατολογεῖσθαι.
1473 2649 1571 2703 καὶ
1602 2647 1734 2719 ἔγρ.,
1771 2649 1943 2704 verba
1970 2643 2109 2704 ἀλλὰ
2141 2681 2205 2688 -
2243 2667 2426 2717 στρατ.
2466 2668 2589 2704 ver-

287 2737 423 2788 tens
459 2731 746 2802 „jedoch
784 2732 954 2786 ohne
992 2730 1360 2797 Polemik“,
1401 2747 1510 2798 quo
1542 2731 1767 2799 quidem
1795 2729 1940 2783 nihil
1970 2729 2250 2784 infelicius
2281 2730 2589 2800 excogitari

286 2815 499 2882 potest.
562 2813 766 2867 Veram
813 2809 1111 2866 lectionem
1153 2813 1616 2878 τετραλογεῖσθαι
1650 2827 1770 2865 esse
1817 2809 2038 2879 opinor3
2086 2810 2155 2864 de
2195 2810 2366 2864 simili
2402 2827 2586 2865 errore

289 2893 367 2948 cf.
407 2911 458 2947 v.
498 2888 737 2946 Πλάτων
775 2911 816 2948 s.
855 2893 949 2947 fin.

441 2993 496 3042 p.
536 2979 637 3027 203
677 2967 1023 3040 Συριανός
1059 2972 1095 3026 l.
1139 2977 1202 3026 17
1236 2965 1426 3039 Ἰσοκρ’.
1465 2974 1645 3038 AVB,
1684 2971 1831 3039 quod
1860 2973 2235 3039 Σωκρατείων
2265 2987 2385 3025 esse
2423 2972 2589 3040 putat

289 3054 644 3121 Gutsehmid,
683 3053 1040 3108 inserendum
1076 3050 1223 3105 illud
1260 3054 1389 3121 post
1428 3047 1490 3104 ἐν
1526 3045 1798 3118 Ἀθήναις.

443 3152 497 3203 p.
536 3139 636 3188 207
676 3128 1106 3202 Σωσιφάνης.
1162 3130 1350 3186 Verba
1385 3131 1618 3205 τελευτᾷ
1658 3162 1724 3170 -
1765 3127 1878 3199 ριδ’
1919 3149 2022 3202 pro
2060 3132 2380 3202 parenthesi
2415 3131 2590 3185 habet

293 3214 624 3270 Gutschmid
661 3214 733 3267 ad
770 3212 1094 3282 Philippum
1131 3212 1448 3280 referenda,
1494 3209 1553 3264 in
1600 3228 1715 3279 qua
1751 3207 1811 3264 οῖ
1843 3207 1907 3265 δὲ
1956 3210 2014 3264 in
2053 3206 2083 3264 ὁ
2122 3208 2185 3265 δὲ
2225 3212 2410 3265 mutat
2445 3210 2501 3278 (i.
2543 3229 2590 3266 e.

291 3293 654 3360 Alexander).
715 3291 963 3358 Quocum
994 3291 1362 3360 consentiam,
1397 3290 1565 3347 modo
1593 3292 1767 3345 verba
1792 3308 1903 3345 non
1932 3291 2229 3360 Hesychio,
2260 3291 2357 3345 sed
2387 3291 2590 3346 Suidae

295 3372 400 3428 vel
434 3373 634 3428 lectori
671 3373 840 3427 alicui
877 3371 1110 3427 dederit.

445 3470 499 3522 p.
537 3459 636 3506 221
681 3455 1077 3524 Φαβωρῖνος
1112 3471 1240 3523 app.
1281 3461 1337 3509 ὃς
1377 3451 1486 3506 del.
1526 3452 1611 3506 de.
1652 3447 1659 3454 ’

446 3551 500 3602 Ρ.
538 3539 641 3588 226
683 3534 1044 3587 Φιλιστίων
1080 3533 1117 3587 1.
1152 3541 1217 3588 13
1254 3530 1366 3589 ὑπὸ
1405 3533 1596 3588 tuetur
1625 3531 1969 3598 Gutschmid,
2008 3547 2132 3585 cum
2163 3531 2365 3600 agatur
2392 3529 2461 3583 de
2490 3529 2593 3585 So-

290 3615 455 3671 crate
505 3614 579 3686 τῷ
632 3613 876 3683 χρηστῷ,
932 3630 1062 3683 rege
1111 3613 1483 3683 Bithynorum
1540 3628 1591 3665 a.
1644 3615 1871 3678 92-90
1922 3628 1972 3664 a.
2026 3609 2181 3676 Chr.‚
2234 3609 2592 3663 interfectore

289 3693 593 3750 histrionis
629 3691 958 3748 Nicaeensis
997 3693 1116 3762 (qui
1153 3695 1224 3748 ab
1262 3694 1389 3748 aliis
1428 3692 1614 3746 dictus
1652 3692 1824 3746 fuerit
1860 3690 2183 3767 Prusensis).
2230 3721 2251 3740 0

443 3793 500 3844 p.
537 3779 644 3827 234
682 3769 970 3842 Φύλαρχος
1007 3773 1044 3826 l.
1077 3781 1140 3829 16
1179 3768 1412 3841 κατάγει
1447 3770 1510 3827 δὲ
1550 3772 1649 3826 καὶ
1687 3767 1759 3825 ἐν
1796 3771 2096 3841 βιβλίοις
2132 3764 2236 3837 κη’
2277 3765 2437 3836 μέχρι
2473 3767 2593 3836 τῆς

289 3856 660 3924 Πτολεμαίου
706 3853 806 3922 τρῦ
855 3848 1172 3922 Εὐεργέτου
1219 3851 1530 3921 κληθέντος
1576 3849 1674 3906 καὶ
1722 3852 2022 3919 Βερενίκης
2068 3848 2331 3916 τελευτῆς
2386 3847 2590 3900 rectius

285 3933 596 4006 proposuit
636 3931 970 3987 Gutschmid.
