<?xml version="1.0" encoding="UTF-8"?>
<!DOCTYPE html PUBLIC "-//W3C//DTD XHTML 1.0 Transitional//EN"
    "http://www.w3.org/TR/xhtml1/DTD/xhtml1-transitional.dtd">
<html xmlns="http://www.w3.org/1999/xhtml" xml:lang="en" lang="en">
 <head>
  <title>
</title>
<meta http-equiv="Content-Type" content="text/html;charset=utf-8" />
  <meta name='ocr-system' content='tesseract 3.04.00' />
  <meta name='ocr-capabilities' content='ocr_page ocr_carea ocr_par ocr_line ocrx_word'/>
</head>
<body>
  <div class='ocr_page' id='page_1' title='image "./hesychiimilesii04flacgoog_0079.png"; bbox 0 0 3025 4892; ppageno 0'>
   <div class='ocr_carea' id='block_1_1' title="bbox 1204 65 1467 90">
    <p class='ocr_par' dir='ltr' id='par_1_1' title="bbox 1204 65 1467 90">
     <span class='ocr_line' id='line_1_1' title="bbox 1204 65 1467 90; baseline 0 4802"><span class='ocrx_word' id='word_1_1' title='bbox 1204 65 1467 90; x_wconf 95' lang='lat' dir='ltr'><em> </em></span> 
     </span>
    </p>
   </div>
   <div class='ocr_carea' id='block_1_2' title="bbox 1011 71 1823 432">
    <p class='ocr_par' dir='ltr' id='par_1_2' title="bbox 1011 71 1823 432">
     <span class='ocr_line' id='line_1_2' title="bbox 1011 71 1823 432; baseline 0 -178"><span class='ocrx_word' id='word_1_2' title='bbox 1011 71 1823 432; x_wconf 95' lang='lat' dir='ltr'><em>  </em></span> 
     </span>
    </p>
   </div>
   <div class='ocr_carea' id='block_1_3' title="bbox 1203 303 1613 402">
    <p class='ocr_par' dir='ltr' id='par_1_3' title="bbox 1203 303 1613 402">
     <span class='ocr_line' id='line_1_3' title="bbox 1203 303 1613 402; baseline 0.015 -10"><span class='ocrx_word' id='word_1_3' title='bbox 1203 303 1613 402; x_wconf 59' lang='grc' dir='ltr'><em>ΟΑιιέὃηΝιΑι·</em></span> 
     </span>
    </p>
   </div>
   <div class='ocr_carea' id='block_1_4' title="bbox 1613 254 1823 432">
    <p class='ocr_par' dir='ltr' id='par_1_4' title="bbox 1613 254 1823 432">
     <span class='ocr_line' id='line_1_4' title="bbox 1613 254 1823 432; baseline 0 4460"><span class='ocrx_word' id='word_1_4' title='bbox 1613 254 1823 432; x_wconf 95' lang='lat' dir='ltr'><em> </em></span> 
     </span>
    </p>
   </div>
   <div class='ocr_carea' id='block_1_5' title="bbox 168 967 2587 2980">
    <p class='ocr_par' dir='ltr' id='par_1_5' title="bbox 168 967 2587 2442">
     <span class='ocr_line' id='line_1_5' title="bbox 393 967 2506 1060; baseline 0.002 -24"><span class='ocrx_word' id='word_1_5' title='bbox 393 971 442 1036; x_wconf 92' lang='grc' dir='ltr'><em>Ι.</em></span> <span class='ocrx_word' id='word_1_6' title='bbox 494 967 816 1057; x_wconf 77' lang='grc' dir='ltr'><em>’Ἀβαρις</em></span> <span class='ocrx_word' id='word_1_7' title='bbox 852 967 1166 1056; x_wconf 80' lang='grc' dir='ltr'><strong><em>Σκύθης,</em></strong></span> <span class='ocrx_word' id='word_1_8' title='bbox 1204 967 1486 1038; x_wconf 80' lang='grc' dir='ltr'><em>Σεύθου</em></span> <span class='ocrx_word' id='word_1_9' title='bbox 1519 968 1683 1050; x_wconf 83' lang='grc' dir='ltr'><em>υίός.</em></span> <span class='ocrx_word' id='word_1_10' title='bbox 1744 969 2209 1057; x_wconf 78' lang='grc' dir='ltr'><em>συνεγράψατο</em></span> <span class='ocrx_word' id='word_1_11' title='bbox 2246 971 2319 1040; x_wconf 74' lang='grc' dir='ltr'><em>δὲ</em></span> <span class='ocrx_word' id='word_1_12' title='bbox 2355 997 2506 1060; x_wconf 85' lang='grc' dir='ltr'><em>χρη-</em></span> 
     </span>
     <span class='ocr_line' id='line_1_6' title="bbox 197 1073 2508 1167; baseline 0.003 -26"><span class='ocrx_word' id='word_1_13' title='bbox 197 1073 426 1161; x_wconf 79' lang='grc' dir='ltr'><em>σμοὺς</em></span> <span class='ocrx_word' id='word_1_14' title='bbox 479 1075 637 1155; x_wconf 83' lang='grc' dir='ltr'><em>τοὺς</em></span> <span class='ocrx_word' id='word_1_15' title='bbox 691 1079 1148 1164; x_wconf 81' lang='grc' dir='ltr'><strong><em>καλουμένους</em></strong></span> <span class='ocrx_word' id='word_1_16' title='bbox 1201 1075 1594 1156; x_wconf 86' lang='grc' dir='ltr'><em>Σκυθικοὺς</em></span> <span class='ocrx_word' id='word_1_17' title='bbox 1646 1077 1757 1144; x_wconf 82' lang='grc' dir='ltr'><em>καὶ</em></span> <span class='ocrx_word' id='word_1_18' title='bbox 1818 1077 2034 1165; x_wconf 77' lang='grc' dir='ltr'><em>γάμον</em></span> <span class='ocrx_word' id='word_1_19' title='bbox 2078 1077 2331 1167; x_wconf 72' lang='grc' dir='ltr'><em>’Ἕβρου</em></span> <span class='ocrx_word' id='word_1_20' title='bbox 2384 1085 2508 1148; x_wconf 82' lang='grc' dir='ltr'><em>τοῦ</em></span> 
     </span>
     <span class='ocr_line' id='line_1_7' title="bbox 193 1180 2507 1272; baseline 0.002 -25"><span class='ocrx_word' id='word_1_21' title='bbox 193 1185 518 1268; x_wconf 84' lang='grc' dir='ltr'><em>ποταμοῦ</em></span> <span class='ocrx_word' id='word_1_22' title='bbox 580 1182 691 1249; x_wconf 82' lang='grc' dir='ltr'><em>καὶ</em></span> <span class='ocrx_word' id='word_1_23' title='bbox 754 1180 1148 1272; x_wconf 81' lang='grc' dir='ltr'><em>καθαρμοὺς</em></span> <span class='ocrx_word' id='word_1_24' title='bbox 1209 1183 1320 1250; x_wconf 88' lang='grc' dir='ltr'><em>καὶ</em></span> <span class='ocrx_word' id='word_1_25' title='bbox 1385 1188 1755 1270; x_wconf 76' lang='grc' dir='ltr'><em>θεογονίαν</em></span> <span class='ocrx_word' id='word_1_26' title='bbox 1828 1184 2324 1272; x_wconf 75' lang='grc' dir='ltr'><em>καταλογάδην,</em></span> <span class='ocrx_word' id='word_1_27' title='bbox 2398 1186 2507 1253; x_wconf 88' lang='grc' dir='ltr'><em>καὶ</em></span> 
     </span>
     <span class='ocr_line' id='line_1_8' title="bbox 189 1283 2507 1380; baseline 0.003 -27"><span class='ocrx_word' id='word_1_28' title='bbox 189 1283 628 1368; x_wconf 80' lang='grc' dir='ltr'><em>’Λπόλλωνος</em></span> <span class='ocrx_word' id='word_1_29' title='bbox 681 1287 914 1376; x_wconf 78' lang='grc' dir='ltr'><em>ἄφιξιν</em></span> <span class='ocrx_word' id='word_1_30' title='bbox 969 1294 1064 1368; x_wconf 82' lang='grc' dir='ltr'><em>είς</em></span> <span class='ocrx_word' id='word_1_31' title='bbox 1108 1287 1595 1379; x_wconf 60' lang='grc' dir='ltr'><em>“Τπερβορέους</em></span> <span class='ocrx_word' id='word_1_32' title='bbox 1655 1291 2004 1380; x_wconf 80' lang='grc' dir='ltr'><strong><em>ἐμμέτρως.</em></strong></span> <span class='ocrx_word' id='word_1_33' title='bbox 2098 1283 2241 1378; x_wconf 85' lang='grc' dir='ltr'><em>[ἧκε</em></span> <span class='ocrx_word' id='word_1_34' title='bbox 2302 1291 2377 1360; x_wconf 74' lang='grc' dir='ltr'><em>δὲ</em></span> <span class='ocrx_word' id='word_1_35' title='bbox 2437 1293 2507 1360; x_wconf 81' lang='grc' dir='ltr'><em>ἐκ</em></span> 
     </span>
     <span class='ocr_line' id='line_1_9' title="bbox 199 1392 2560 1485; baseline 0.003 -26"><span class='ocrx_word' id='word_1_36' title='bbox 199 1397 519 1461; x_wconf 87' lang='grc' dir='ltr'><em>Σκυθῶν</em></span> <span class='ocrx_word' id='word_1_37' title='bbox 557 1399 653 1474; x_wconf 85' lang='grc' dir='ltr'><em>εἰς</em></span> <span class='ocrx_word' id='word_1_38' title='bbox 688 1392 992 1464; x_wconf 87' lang='grc' dir='ltr'><em>Ἑλλάδα.</em></span> <span class='ocrx_word' id='word_1_39' title='bbox 1075 1395 1320 1464; x_wconf 84' lang='grc' dir='ltr'><em>τούτου</em></span> <span class='ocrx_word' id='word_1_40' title='bbox 1366 1393 1401 1465; x_wconf 86' lang='grc' dir='ltr'>ὁ</span> <span class='ocrx_word' id='word_1_41' title='bbox 1442 1397 2042 1485; x_wconf 70' lang='grc' dir='ltr'><em>μυθολογοίμενος</em></span> <span class='ocrx_word' id='word_1_42' title='bbox 2084 1395 2337 1482; x_wconf 76' lang='grc' dir='ltr'><em>ὀϊστός,</em></span> <span class='ocrx_word' id='word_1_43' title='bbox 2383 1401 2506 1466; x_wconf 83' lang='grc' dir='ltr'><em>τοῦ</em></span> <span class='ocrx_word' id='word_1_44' title='bbox 2534 1427 2560 1468; x_wconf 82' lang='lat'><strong>5</strong></span> 
     </span>
     <span class='ocr_line' id='line_1_10' title="bbox 199 1498 2508 1593; baseline 0.002 -27"><span class='ocrx_word' id='word_1_45' title='bbox 199 1503 584 1587; x_wconf 82' lang='grc' dir='ltr'><em>πετομένου</em></span> <span class='ocrx_word' id='word_1_46' title='bbox 623 1498 752 1570; x_wconf 83' lang='grc' dir='ltr'><em>άπὸ</em></span> <span class='ocrx_word' id='word_1_47' title='bbox 795 1505 910 1588; x_wconf 81' lang='grc' dir='ltr'><em>τῆς</em></span> <span class='ocrx_word' id='word_1_48' title='bbox 937 1498 1258 1582; x_wconf 80' lang='grc' dir='ltr'><em>Ἑλλάδος</em></span> <span class='ocrx_word' id='word_1_49' title='bbox 1293 1503 1482 1590; x_wconf 84' lang='grc' dir='ltr'><em>μέχρι</em></span> <span class='ocrx_word' id='word_1_50' title='bbox 1520 1507 1656 1571; x_wconf 90' lang='grc' dir='ltr'><em>τῶν</em></span> <span class='ocrx_word' id='word_1_51' title='bbox 1684 1500 2143 1593; x_wconf 74' lang='grc' dir='ltr'><em>Ὑπερβορέων</em></span> <span class='ocrx_word' id='word_1_52' title='bbox 2181 1507 2508 1572; x_wconf 78' lang='grc' dir='ltr'><em>Σκυθῶν·</em></span> 
     </span>
     <span class='ocr_line' id='line_1_11' title="bbox 197 1605 2509 1702; baseline 0.001 -27"><span class='ocrx_word' id='word_1_53' title='bbox 197 1607 424 1693; x_wconf 81' lang='grc' dir='ltr'><em>ἐδόθη</em></span> <span class='ocrx_word' id='word_1_54' title='bbox 474 1606 548 1675; x_wconf 74' lang='grc' dir='ltr'><em>δὲ</em></span> <span class='ocrx_word' id='word_1_55' title='bbox 587 1605 779 1702; x_wconf 76' lang='grc' dir='ltr'><em>αὐτῷ.</em></span> <span class='ocrx_word' id='word_1_56' title='bbox 807 1606 985 1694; x_wconf 77' lang='grc' dir='ltr'><em>παρὰ</em></span> <span class='ocrx_word' id='word_1_57' title='bbox 1023 1613 1145 1676; x_wconf 84' lang='grc' dir='ltr'><em>τοῦ</em></span> <span class='ocrx_word' id='word_1_58' title='bbox 1188 1606 1622 1691; x_wconf 78' lang='grc' dir='ltr'><em>Ἀπόλλωνος.</em></span> <span class='ocrx_word' id='word_1_59' title='bbox 1696 1609 1942 1679; x_wconf 84' lang='grc' dir='ltr'><em>τούτου</em></span> <span class='ocrx_word' id='word_1_60' title='bbox 1987 1611 2097 1678; x_wconf 80' lang='grc' dir='ltr'><em>καὶ</em></span> <span class='ocrx_word' id='word_1_61' title='bbox 2136 1610 2509 1700; x_wconf 78' lang='grc' dir='ltr'><em>Γρηγόριος</em></span> 
     </span>
     <span class='ocr_line' id='line_1_12' title="bbox 198 1711 2506 1810; baseline 0.003 -30"><span class='ocrx_word' id='word_1_62' title='bbox 198 1711 240 1780; x_wconf 85' lang='grc' dir='ltr'><em>ὃ</em></span> <span class='ocrx_word' id='word_1_63' title='bbox 291 1713 626 1801; x_wconf 79' lang='grc' dir='ltr'><em>θεολόγος</em></span> <span class='ocrx_word' id='word_1_64' title='bbox 671 1715 745 1782; x_wconf 86' lang='grc' dir='ltr'><em>έν</em></span> <span class='ocrx_word' id='word_1_65' title='bbox 791 1719 882 1808; x_wconf 77' lang='grc' dir='ltr'><em>τῷ</em></span> <span class='ocrx_word' id='word_1_66' title='bbox 922 1719 1016 1796; x_wconf 81' lang='grc' dir='ltr'><em>εἰς</em></span> <span class='ocrx_word' id='word_1_67' title='bbox 1051 1714 1171 1784; x_wconf 84' lang='grc' dir='ltr'><em>τὸν</em></span> <span class='ocrx_word' id='word_1_68' title='bbox 1210 1717 1421 1803; x_wconf 80' lang='grc' dir='ltr'><em>μέγαν</em></span> <span class='ocrx_word' id='word_1_69' title='bbox 1460 1721 1819 1785; x_wconf 81' lang='grc' dir='ltr'><em>Βασίλειον</em></span> <span class='ocrx_word' id='word_1_70' title='bbox 1864 1718 2186 1810; x_wconf 74' lang='grc' dir='ltr'><em>ἐπιταφίῳ</em></span> <span class='ocrx_word' id='word_1_71' title='bbox 2234 1718 2506 1806; x_wconf 84' lang='grc' dir='ltr'><em>μνήμην</em></span> 
     </span>
     <span class='ocr_line' id='line_1_13' title="bbox 199 1819 2507 1912; baseline 0.003 -26"><span class='ocrx_word' id='word_1_72' title='bbox 199 1827 582 1908; x_wconf 85' lang='grc' dir='ltr'><em>πεποίηται.</em></span> <span class='ocrx_word' id='word_1_73' title='bbox 656 1823 823 1908; x_wconf 89' lang='grc' dir='ltr'><em>φασὶ</em></span> <span class='ocrx_word' id='word_1_74' title='bbox 871 1823 977 1907; x_wconf 87' lang='grc' dir='ltr'><em>δέ,</em></span> <span class='ocrx_word' id='word_1_75' title='bbox 1026 1819 1128 1890; x_wconf 82' lang='grc' dir='ltr'><em>ὅτι</em></span> <span class='ocrx_word' id='word_1_76' title='bbox 1175 1826 1418 1908; x_wconf 80' lang='grc' dir='ltr'><em>λοιμοῦ</em></span> <span class='ocrx_word' id='word_1_77' title='bbox 1464 1821 1630 1891; x_wconf 75' lang='grc' dir='ltr'><em>κατὰ</em></span> <span class='ocrx_word' id='word_1_78' title='bbox 1664 1827 1888 1891; x_wconf 80' lang='grc' dir='ltr'><em>πᾶσαν</em></span> <span class='ocrx_word' id='word_1_79' title='bbox 1934 1823 2056 1911; x_wconf 86' lang='grc' dir='ltr'><em>τὴν</em></span> <span class='ocrx_word' id='word_1_80' title='bbox 2105 1826 2507 1912; x_wconf 80' lang='grc' dir='ltr'><em>οἰκουμένην</em></span> 
     </span>
     <span class='ocr_line' id='line_1_14' title="bbox 193 1926 2587 2018; baseline 0.002 -24"><span class='ocrx_word' id='word_1_81' title='bbox 193 1927 567 2013; x_wconf 79' lang='grc' dir='ltr'><em>γεγονότος</em></span> <span class='ocrx_word' id='word_1_82' title='bbox 603 1927 870 1997; x_wconf 78' lang='grc' dir='ltr'><em>ἀνεῖλεν</em></span> <span class='ocrx_word' id='word_1_83' title='bbox 918 1926 954 1996; x_wconf 87' lang='grc' dir='ltr'>ὁ</span> <span class='ocrx_word' id='word_1_84' title='bbox 1007 1927 1347 1998; x_wconf 86' lang='grc' dir='ltr'><em>Ἀπόλλων</em></span> <span class='ocrx_word' id='word_1_85' title='bbox 1403 1931 1923 2018; x_wconf 85' lang='grc' dir='ltr'><em>μαντευομένοις</em></span> <span class='ocrx_word' id='word_1_86' title='bbox 1960 1929 2244 2018; x_wconf 69' lang='grc' dir='ltr'><em>’Ἕλλησί</em></span> <span class='ocrx_word' id='word_1_87' title='bbox 2280 1958 2350 1999; x_wconf 88' lang='grc' dir='ltr'><em>τε</em></span> <span class='ocrx_word' id='word_1_88' title='bbox 2394 1932 2504 1999; x_wconf 89' lang='grc' dir='ltr'><em>καὶ</em></span> <span class='ocrx_word' id='word_1_89' title='bbox 2537 1960 2587 1999; x_wconf 85' lang='grc' dir='ltr'><em>ιο</em></span> 
     </span>
     <span class='ocr_line' id='line_1_15' title="bbox 193 2033 2506 2126; baseline 0.003 -26"><span class='ocrx_word' id='word_1_90' title='bbox 193 2033 577 2124; x_wconf 78' lang='grc' dir='ltr'><em>βαρβάροις</em></span> <span class='ocrx_word' id='word_1_91' title='bbox 630 2034 752 2104; x_wconf 87' lang='grc' dir='ltr'><em>τὸν</em></span> <span class='ocrx_word' id='word_1_92' title='bbox 801 2033 1183 2121; x_wconf 79' lang='grc' dir='ltr'><em>Ἀθηναίων</em></span> <span class='ocrx_word' id='word_1_93' title='bbox 1242 2039 1461 2123; x_wconf 80' lang='grc' dir='ltr'><em>δῆμον</em></span> <span class='ocrx_word' id='word_1_94' title='bbox 1516 2034 1683 2123; x_wconf 75' lang='grc' dir='ltr'><em>ὑπὲρ</em></span> <span class='ocrx_word' id='word_1_95' title='bbox 1739 2038 2013 2105; x_wconf 87' lang='grc' dir='ltr'><em>πάντων</em></span> <span class='ocrx_word' id='word_1_96' title='bbox 2070 2034 2266 2126; x_wconf 78' lang='grc' dir='ltr'><em>εὐχὰς</em></span> <span class='ocrx_word' id='word_1_97' title='bbox 2318 2039 2506 2125; x_wconf 85' lang='grc' dir='ltr'><em>ποιή-</em></span> 
     </span>
     <span class='ocr_line' id='line_1_16' title="bbox 196 2141 2507 2231; baseline 0.002 -23"><span class='ocrx_word' id='word_1_98' title='bbox 196 2150 481 2211; x_wconf 84' lang='grc' dir='ltr'><em>σασθαι.</em></span> <span class='ocrx_word' id='word_1_99' title='bbox 553 2143 1109 2229; x_wconf 85' lang='grc' dir='ltr'><em>πρεσβευομένων</em></span> <span class='ocrx_word' id='word_1_100' title='bbox 1149 2141 1223 2210; x_wconf 74' lang='grc' dir='ltr'><em>δὲ</em></span> <span class='ocrx_word' id='word_1_101' title='bbox 1270 2145 1540 2210; x_wconf 79' lang='grc' dir='ltr'><em>πολλῶν</em></span> <span class='ocrx_word' id='word_1_102' title='bbox 1587 2143 1814 2211; x_wconf 85' lang='grc' dir='ltr'><em>έθνῶν</em></span> <span class='ocrx_word' id='word_1_103' title='bbox 1859 2143 2029 2231; x_wconf 91' lang='grc' dir='ltr'><em>πρὸς</em></span> <span class='ocrx_word' id='word_1_104' title='bbox 2073 2142 2351 2230; x_wconf 83' lang='grc' dir='ltr'><em>αὐτούς,</em></span> <span class='ocrx_word' id='word_1_105' title='bbox 2396 2147 2507 2214; x_wconf 88' lang='grc' dir='ltr'><em>καὶ</em></span> 
     </span>
     <span class='ocr_line' id='line_1_17' title="bbox 168 2245 2505 2338; baseline 0.002 -22"><span class='ocrx_word' id='word_1_106' title='bbox 168 2247 473 2337; x_wconf 77' lang='grc' dir='ltr'><em>’Ἄβαριν</em></span> <span class='ocrx_word' id='word_1_107' title='bbox 521 2250 587 2330; x_wconf 78' lang='grc' dir='ltr'><em>ἐξ</em></span> <span class='ocrx_word' id='word_1_108' title='bbox 624 2245 1085 2338; x_wconf 70' lang='grc' dir='ltr'><em>Ὑπερβορέων</em></span> <span class='ocrx_word' id='word_1_109' title='bbox 1132 2247 1549 2338; x_wconf 83' lang='grc' dir='ltr'><em>πρεσβευτὴν</em></span> <span class='ocrx_word' id='word_1_110' title='bbox 1596 2247 1960 2336; x_wconf 77' lang='grc' dir='ltr'><em>ἀφικέσθαι</em></span> <span class='ocrx_word' id='word_1_111' title='bbox 2015 2252 2284 2337; x_wconf 77' lang='grc' dir='ltr'><em>λέγουσι</em></span> <span class='ocrx_word' id='word_1_112' title='bbox 2342 2249 2505 2320; x_wconf 80' lang='grc' dir='ltr'><em>κατὰ</em></span> 
     </span>
     <span class='ocr_line' id='line_1_18' title="bbox 203 2353 962 2442; baseline 0 -20"><span class='ocrx_word' id='word_1_113' title='bbox 203 2353 338 2442; x_wconf 83' lang='grc' dir='ltr'><em>τὴν</em></span> <span class='ocrx_word' id='word_1_114' title='bbox 383 2353 488 2440; x_wconf 79' lang='grc' dir='ltr'><em>νγ’</em></span> <span class='ocrx_word' id='word_1_115' title='bbox 536 2353 962 2441; x_wconf 87' lang='grc' dir='ltr'><em>ὀλυμπιάδα.]</em></span> 
     </span>
    </p>

    <p class='ocr_par' dir='ltr' id='par_1_6' title="bbox 199 2459 2585 2656">
     <span class='ocr_line' id='line_1_19' title="bbox 381 2459 2585 2551; baseline 0.002 -25"><span class='ocrx_word' id='word_1_116' title='bbox 381 2463 465 2530; x_wconf 93' lang='lat' dir='ltr'><em>II.</em></span> <span class='ocrx_word' id='word_1_117' title='bbox 526 2459 614 2528; x_wconf 78' lang='lat' dir='ltr'><em>”A</em></span> <span class='ocrx_word' id='word_1_118' title='bbox 621 2468 764 2549; x_wconf 91' lang='grc' dir='ltr'><em>βας</em></span> <span class='ocrx_word' id='word_1_119' title='bbox 820 2461 1157 2550; x_wconf 81' lang='grc' dir='ltr'><em>σοφιστής.</em></span> <span class='ocrx_word' id='word_1_120' title='bbox 1243 2462 1545 2549; x_wconf 75' lang='grc' dir='ltr'><em>ἱστορικὰ</em></span> <span class='ocrx_word' id='word_1_121' title='bbox 1600 2460 2045 2551; x_wconf 81' lang='grc' dir='ltr'><em>ὑπομνήματα</em></span> <span class='ocrx_word' id='word_1_122' title='bbox 2093 2465 2207 2530; x_wconf 78' lang='grc' dir='ltr'><em>καὶ</em></span> <span class='ocrx_word' id='word_1_123' title='bbox 2263 2464 2503 2550; x_wconf 82' lang='grc' dir='ltr'><em>τέχνην</em></span> <span class='ocrx_word' id='word_1_124' title='bbox 2535 2491 2585 2531; x_wconf 82' lang='lat'><em>15</em></span> 
     </span>
     <span class='ocr_line' id='line_1_20' title="bbox 199 2567 1016 2656; baseline 0 -20"><span class='ocrx_word' id='word_1_125' title='bbox 199 2567 571 2656; x_wconf 78' lang='grc' dir='ltr'><em>ῥητορικὴν</em></span> <span class='ocrx_word' id='word_1_126' title='bbox 616 2567 1016 2638; x_wconf 75' lang='grc' dir='ltr'><em>καταλιπών.</em></span> 
     </span>
    </p>

    <p class='ocr_par' dir='ltr' id='par_1_7' title="bbox 198 2671 2505 2980">
     <span class='ocr_line' id='line_1_21' title="bbox 381 2671 2505 2765; baseline 0.001 -22"><span class='ocrx_word' id='word_1_127' title='bbox 381 2679 503 2743; x_wconf 93' lang='grc' dir='ltr'><strong>ΙΙΙ.</strong></span> <span class='ocrx_word' id='word_1_128' title='bbox 575 2673 880 2765; x_wconf 71' lang='grc' dir='ltr'><em>’Ἅβρων</em></span> <span class='ocrx_word' id='word_1_129' title='bbox 949 2674 1132 2764; x_wconf 82' lang='grc' dir='ltr'><em>Φρὺξ</em></span> <span class='ocrx_word' id='word_1_130' title='bbox 1195 2671 1238 2763; x_wconf 81' lang='grc' dir='ltr'><strong><em>ἢ</em></strong></span> <span class='ocrx_word' id='word_1_131' title='bbox 1293 2673 1585 2763; x_wconf 87' lang='grc' dir='ltr'><em>Ῥόδιος,</em></span> <span class='ocrx_word' id='word_1_132' title='bbox 1652 2677 2131 2765; x_wconf 77' lang='grc' dir='ltr'><em>γραμματικός,</em></span> <span class='ocrx_word' id='word_1_133' title='bbox 2196 2678 2505 2765; x_wconf 81' lang='grc' dir='ltr'><em>μαθητὴς</em></span> 
     </span>
     <span class='ocr_line' id='line_1_22' title="bbox 203 2781 2504 2873; baseline 0.002 -24"><span class='ocrx_word' id='word_1_134' title='bbox 203 2781 614 2871; x_wconf 83' lang='grc' dir='ltr'><em>Τρύφωνος,</em></span> <span class='ocrx_word' id='word_1_135' title='bbox 671 2783 1116 2870; x_wconf 86' lang='grc' dir='ltr'><em>σοφιστεύσας</em></span> <span class='ocrx_word' id='word_1_136' title='bbox 1171 2784 1245 2850; x_wconf 78' lang='grc' dir='ltr'><em>ἐν</em></span> <span class='ocrx_word' id='word_1_137' title='bbox 1290 2781 1541 2873; x_wconf 73' lang='grc' dir='ltr'><em>Ῥώμῃ,</em></span> <span class='ocrx_word' id='word_1_138' title='bbox 1605 2783 1901 2870; x_wconf 82' lang='grc' dir='ltr'><em>γεγονῶς</em></span> <span class='ocrx_word' id='word_1_139' title='bbox 1958 2784 2033 2853; x_wconf 74' lang='grc' dir='ltr'><em>δὲ</em></span> <span class='ocrx_word' id='word_1_140' title='bbox 2088 2786 2158 2853; x_wconf 81' lang='grc' dir='ltr'><em>ἐκ</em></span> <span class='ocrx_word' id='word_1_141' title='bbox 2216 2784 2504 2871; x_wconf 83' lang='grc' dir='ltr'><em>δούλων,</em></span> 
     </span>
     <span class='ocr_line' id='line_1_23' title="bbox 198 2887 991 2980; baseline 0.004 -23"><span class='ocrx_word' id='word_1_142' title='bbox 198 2887 295 2969; x_wconf 72' lang='grc' dir='ltr'><em>ω”ς</em></span> <span class='ocrx_word' id='word_1_143' title='bbox 346 2909 555 2977; x_wconf 87' lang='grc' dir='ltr'><em>φησιν</em></span> <span class='ocrx_word' id='word_1_144' title='bbox 603 2887 991 2980; x_wconf 69' lang='grc' dir='ltr'><em>’Ἕρμιππος</em></span> 
     </span>
    </p>
   </div>
   <div class='ocr_carea' id='block_1_6' title="bbox 199 3019 636 3030">
    <p class='ocr_par' dir='ltr' id='par_1_8' title="bbox 199 3019 636 3030">
     <span class='ocr_line' id='line_1_24' title="bbox 199 3019 636 3030; baseline 0 0"><span class='ocrx_word' id='word_1_145' title='bbox 199 3019 636 3030; x_wconf 95' lang='lat' dir='ltr'><em> </em></span> 
     </span>
    </p>
   </div>
   <div class='ocr_carea' id='block_1_7' title="bbox 193 3085 2645 4437">
    <p class='ocr_par' dir='ltr' id='par_1_9' title="bbox 195 3085 2645 3716">
     <span class='ocr_line' id='line_1_25' title="bbox 355 3085 2645 3157; baseline 0.002 -19"><span class='ocrx_word' id='word_1_146' title='bbox 355 3086 381 3138; x_wconf 94' lang='grc' dir='ltr'>Ι</span> <span class='ocrx_word' id='word_1_147' title='bbox 427 3089 608 3141; x_wconf 76' lang='lat' dir='ltr'><strong>totam</strong></span> <span class='ocrx_word' id='word_1_148' title='bbox 648 3085 826 3142; x_wconf 80' lang='lat' dir='ltr'>vitam</span> <span class='ocrx_word' id='word_1_149' title='bbox 874 3103 981 3141; x_wconf 89' lang='lat' dir='ltr'><em>om.</em></span> <span class='ocrx_word' id='word_1_150' title='bbox 1024 3086 1298 3140; x_wconf 63' lang='lat' dir='ltr'><em>Wessterm.</em></span> <span class='ocrx_word' id='word_1_151' title='bbox 1356 3085 1439 3141; x_wconf 83' lang='lat' dir='ltr'><em>Cf.</em></span> <span class='ocrx_word' id='word_1_152' title='bbox 1479 3085 1687 3142; x_wconf 78' lang='lat' dir='ltr'><strong>Zonar.</strong></span> <span class='ocrx_word' id='word_1_153' title='bbox 1724 3105 1778 3157; x_wconf 90' lang='lat' dir='ltr'><em>p.</em></span> <span class='ocrx_word' id='word_1_154' title='bbox 1821 3093 1867 3142; x_wconf 85' lang='lat'><em>5.</em></span> <span class='ocrx_word' id='word_1_155' title='bbox 2024 3095 2052 3140; x_wconf 92' lang='lat'>1</span> <span class='ocrx_word' id='word_1_156' title='bbox 2103 3085 2501 3157; x_wconf 77' lang='grc' dir='ltr'><em>συνεγράψατο</em></span> <span class='ocrx_word' id='word_1_157' title='bbox 2602 3104 2645 3142; x_wconf 76' lang='grc' dir='ltr'><em>ο</em></span> 
     </span>
     <span class='ocr_line' id='line_1_26' title="bbox 203 3164 2502 3237; baseline 0.001 -18"><span class='ocrx_word' id='word_1_158' title='bbox 203 3197 272 3204; x_wconf 91' lang='lat'><em>——-</em></span> <span class='ocrx_word' id='word_1_159' title='bbox 313 3169 628 3235; x_wconf 77' lang='grc' dir='ltr'><em>θεογονίαν</em></span> <span class='ocrx_word' id='word_1_160' title='bbox 663 3167 928 3237; x_wconf 72' lang='lat' dir='ltr'><strong>leguntur</strong></span> <span class='ocrx_word' id='word_1_161' title='bbox 963 3165 1115 3220; x_wconf 73' lang='lat' dir='ltr'><em>Eud.</em></span> <span class='ocrx_word' id='word_1_162' title='bbox 1153 3184 1204 3235; x_wconf 90' lang='lat' dir='ltr'><em>p.</em></span> <span class='ocrx_word' id='word_1_163' title='bbox 1245 3171 1341 3235; x_wconf 86' lang='lat'><em>34,</em></span> <span class='ocrx_word' id='word_1_164' title='bbox 1379 3181 1446 3218; x_wconf 82' lang='lat' dir='ltr'><em>ex</em></span> <span class='ocrx_word' id='word_1_165' title='bbox 1484 3164 1689 3222; x_wconf 81' lang='lat' dir='ltr'><strong>Suidae</strong></span> <span class='ocrx_word' id='word_1_166' title='bbox 1726 3166 2034 3237; x_wconf 80' lang='lat' dir='ltr'><strong>exemplari</strong></span> <span class='ocrx_word' id='word_1_167' title='bbox 2068 3167 2369 3223; x_wconf 70' lang='lat' dir='ltr'><strong>manifesto</strong></span> <span class='ocrx_word' id='word_1_168' title='bbox 2406 3168 2502 3222; x_wconf 78' lang='lat' dir='ltr'><em>ad·</em></span> 
     </span>
     <span class='ocr_line' id='line_1_27' title="bbox 204 3245 2501 3318; baseline 0.001 -19"><span class='ocrx_word' id='word_1_169' title='bbox 204 3245 438 3315; x_wconf 75' lang='lat' dir='ltr'><strong>scripta.</strong></span> <span class='ocrx_word' id='word_1_170' title='bbox 495 3247 578 3301; x_wconf 81' lang='lat' dir='ltr'><em>De</em></span> <span class='ocrx_word' id='word_1_171' title='bbox 613 3245 703 3300; x_wconf 80' lang='lat' dir='ltr'><em>his</em></span> <span class='ocrx_word' id='word_1_172' title='bbox 741 3245 928 3301; x_wconf 77' lang='lat' dir='ltr'>verbis</span> <span class='ocrx_word' id='word_1_173' title='bbox 965 3247 1034 3300; x_wconf 83' lang='lat' dir='ltr'><em>cf.</em></span> <span class='ocrx_word' id='word_1_174' title='bbox 1074 3246 1322 3314; x_wconf 85' lang='lat' dir='ltr'>Lobeck,</span> <span class='ocrx_word' id='word_1_175' title='bbox 1362 3246 1641 3316; x_wconf 83' lang='lat' dir='ltr'><em>Aglaoph.</em></span> <span class='ocrx_word' id='word_1_176' title='bbox 1681 3247 1787 3316; x_wconf 90' lang='lat' dir='ltr'><em>Ip.</em></span> <span class='ocrx_word' id='word_1_177' title='bbox 1818 3253 1948 3314; x_wconf 74' lang='lat'><strong>3143</strong></span> <span class='ocrx_word' id='word_1_178' title='bbox 1986 3245 2218 3314; x_wconf 84' lang='lat' dir='ltr'>Kinkel,</span> <span class='ocrx_word' id='word_1_179' title='bbox 2255 3247 2320 3303; x_wconf 87' lang='lat' dir='ltr'><em>fr.</em></span> <span class='ocrx_word' id='word_1_180' title='bbox 2360 3249 2501 3318; x_wconf 86' lang='lat' dir='ltr'><strong>ep.I</strong></span> 
     </span>
     <span class='ocr_line' id='line_1_28' title="bbox 197 3320 2499 3397; baseline 0.001 -16"><span class='ocrx_word' id='word_1_181' title='bbox 197 3343 254 3394; x_wconf 85' lang='lat' dir='ltr'><em>p.</em></span> <span class='ocrx_word' id='word_1_182' title='bbox 296 3332 401 3380; x_wconf 77' lang='lat'><em>242</em></span> <span class='ocrx_word' id='word_1_183' title='bbox 431 3343 547 3395; x_wconf 81' lang='lat' dir='ltr'><strong>seq.</strong></span> <span class='ocrx_word' id='word_1_184' title='bbox 687 3331 718 3379; x_wconf 84' lang='lat'>2</span> <span class='ocrx_word' id='word_1_185' title='bbox 757 3327 1086 3388; x_wconf 80' lang='grc' dir='ltr'><em>Σκυθίνους</em></span> <span class='ocrx_word' id='word_1_186' title='bbox 1122 3330 1169 3378; x_wconf 99' lang='lat' dir='ltr'>A</span> <span class='ocrx_word' id='word_1_187' title='bbox 1204 3321 1535 3388; x_wconf 74' lang='grc' dir='ltr'><em>Σκυθινοὺς</em></span> <span class='ocrx_word' id='word_1_188' title='bbox 1570 3331 1689 3380; x_wconf 81' lang='lat' dir='ltr'><em>Ald.</em></span> <span class='ocrx_word' id='word_1_189' title='bbox 1824 3323 2015 3397; x_wconf 78' lang='grc' dir='ltr'><em>Εὔρου</em></span> <span class='ocrx_word' id='word_1_190' title='bbox 2052 3331 2099 3379; x_wconf 99' lang='lat' dir='ltr'>A</span> <span class='ocrx_word' id='word_1_191' title='bbox 2136 3320 2327 3397; x_wconf 75' lang='grc' dir='ltr'><em>Εῧρου</em></span> <span class='ocrx_word' id='word_1_192' title='bbox 2356 3345 2499 3397; x_wconf 71' lang='lat' dir='ltr'><em>pars</em></span> 
     </span>
     <span class='ocr_line' id='line_1_29' title="bbox 195 3405 2499 3476; baseline 0.002 -18"><span class='ocrx_word' id='word_1_193' title='bbox 195 3407 327 3459; x_wconf 77' lang='lat' dir='ltr'><strong>libr.</strong></span> <span class='ocrx_word' id='word_1_194' title='bbox 359 3406 512 3461; x_wconf 75' lang='lat' dir='ltr'><em>Eud.</em></span> <span class='ocrx_word' id='word_1_195' title='bbox 557 3413 621 3461; x_wconf 80' lang='lat'><em>1⁷</em></span> <span class='ocrx_word' id='word_1_196' title='bbox 659 3407 824 3476; x_wconf 83' lang='lat' dir='ltr'><strong>Greg.</strong></span> <span class='ocrx_word' id='word_1_197' title='bbox 862 3407 995 3460; x_wconf 75' lang='lat' dir='ltr'><strong>Naz.</strong></span> <span class='ocrx_word' id='word_1_198' title='bbox 1035 3422 1109 3460; x_wconf 89' lang='lat' dir='ltr'><em>or.</em></span> <span class='ocrx_word' id='word_1_199' title='bbox 1149 3411 1218 3459; x_wconf 80' lang='lat'><em>20</em></span> <span class='ocrx_word' id='word_1_200' title='bbox 1256 3423 1310 3474; x_wconf 91' lang='lat' dir='ltr'><em>p.</em></span> <span class='ocrx_word' id='word_1_201' title='bbox 1340 3411 1442 3459; x_wconf 85' lang='lat'><em>331</em></span> <span class='ocrx_word' id='word_1_202' title='bbox 1632 3413 1667 3460; x_wconf 84' lang='lat'>4</span> <span class='ocrx_word' id='word_1_203' title='bbox 1704 3424 1818 3476; x_wconf 76' lang='lat' dir='ltr'><strong>seq.</strong></span> <span class='ocrx_word' id='word_1_204' title='bbox 1866 3407 2022 3462; x_wconf 79' lang='lat' dir='ltr'>Haeo</span> <span class='ocrx_word' id='word_1_205' title='bbox 2068 3405 2247 3476; x_wconf 75' lang='lat' dir='ltr'><strong>ipsius</strong></span> <span class='ocrx_word' id='word_1_206' title='bbox 2294 3407 2499 3462; x_wconf 75' lang='lat' dir='ltr'><strong>Suidae</strong></span> 
     </span>
     <span class='ocr_line' id='line_1_30' title="bbox 199 3481 2498 3557; baseline 0.001 -19"><span class='ocrx_word' id='word_1_207' title='bbox 199 3485 592 3541; x_wconf 58' lang='lat' dir='ltr'><strong>additamenta</strong></span> <span class='ocrx_word' id='word_1_208' title='bbox 629 3504 750 3542; x_wconf 79' lang='lat' dir='ltr'>esse</span> <span class='ocrx_word' id='word_1_209' title='bbox 788 3486 954 3549; x_wconf 79' lang='lat' dir='ltr'>docui</span> <span class='ocrx_word' id='word_1_210' title='bbox 989 3485 1130 3542; x_wconf 78' lang='lat' dir='ltr'><strong>Mus.</strong></span> <span class='ocrx_word' id='word_1_211' title='bbox 1161 3487 1336 3540; x_wconf 88' lang='lat' dir='ltr'><strong>Rhen.</strong></span> <span class='ocrx_word' id='word_1_212' title='bbox 1367 3484 1573 3542; x_wconf 87' lang='lat' dir='ltr'>XXXV</span> <span class='ocrx_word' id='word_1_213' title='bbox 1611 3505 1666 3557; x_wconf 88' lang='lat' dir='ltr'><em>p.</em></span> <span class='ocrx_word' id='word_1_214' title='bbox 1699 3493 1798 3541; x_wconf 89' lang='grc'><em>191</em></span> <span class='ocrx_word' id='word_1_215' title='bbox 1922 3493 1953 3541; x_wconf 82' lang='grc'><em>’1</em></span> <span class='ocrx_word' id='word_1_216' title='bbox 1995 3481 2177 3555; x_wconf 77' lang='grc' dir='ltr'><em>ἐδόθη</em></span> <span class='ocrx_word' id='word_1_217' title='bbox 2214 3517 2285 3526; x_wconf 90' lang='grc'><strong>-</strong></span> <span class='ocrx_word' id='word_1_218' title='bbox 2316 3482 2498 3541; x_wconf 75' lang='grc' dir='ltr'><em>Ἀπόλ-</em></span> 
     </span>
     <span class='ocr_line' id='line_1_31' title="bbox 198 3564 2499 3636; baseline 0.001 -19"><span class='ocrx_word' id='word_1_219' title='bbox 198 3569 381 3628; x_wconf 79' lang='grc' dir='ltr'><em>λωνος</em></span> <span class='ocrx_word' id='word_1_220' title='bbox 429 3583 534 3623; x_wconf 89' lang='lat' dir='ltr'><em>om.</em></span> <span class='ocrx_word' id='word_1_221' title='bbox 573 3571 620 3619; x_wconf 95' lang='lat' dir='ltr'>A</span> <span class='ocrx_word' id='word_1_222' title='bbox 665 3567 895 3621; x_wconf 76' lang='lat' dir='ltr'><strong>seclusit</strong></span> <span class='ocrx_word' id='word_1_223' title='bbox 932 3567 1200 3634; x_wconf 75' lang='lat' dir='ltr'><strong><em>Gaisford</em></strong></span> <span class='ocrx_word' id='word_1_224' title='bbox 1390 3573 1422 3620; x_wconf 84' lang='lat'>9</span> <span class='ocrx_word' id='word_1_225' title='bbox 1463 3566 1606 3636; x_wconf 81' lang='grc' dir='ltr'><em>φασὶ</em></span> <span class='ocrx_word' id='word_1_226' title='bbox 1651 3564 1715 3621; x_wconf 74' lang='grc' dir='ltr'><em>δὲ</em></span> <span class='ocrx_word' id='word_1_227' title='bbox 1764 3583 1878 3636; x_wconf 78' lang='lat' dir='ltr'><strong>seq.</strong></span> <span class='ocrx_word' id='word_1_228' title='bbox 1926 3583 1993 3620; x_wconf 82' lang='lat' dir='ltr'><em>ex</em></span> <span class='ocrx_word' id='word_1_229' title='bbox 2037 3565 2499 3636; x_wconf 76' lang='lat' dir='ltr'><strong>Harpocrationis</strong></span> 
     </span>
     <span class='ocr_line' id='line_1_32' title="bbox 199 3645 1036 3716; baseline 0.004 -18"><span class='ocrx_word' id='word_1_230' title='bbox 199 3645 387 3700; x_wconf 86' lang='lat' dir='ltr'>lexico</span> <span class='ocrx_word' id='word_1_231' title='bbox 427 3645 732 3716; x_wconf 75' lang='lat' dir='ltr'><strong>compilata.</strong></span> <span class='ocrx_word' id='word_1_232' title='bbox 1029 3683 1036 3690; x_wconf 83' lang='lat'><em>-</em></span> 
     </span>
    </p>

    <p class='ocr_par' dir='ltr' id='par_1_10' title="bbox 195 3722 2501 4119">
     <span class='ocr_line' id='line_1_33' title="bbox 346 3722 2497 3798; baseline 0 -20"><span class='ocrx_word' id='word_1_233' title='bbox 346 3725 397 3779; x_wconf 95' lang='lat' dir='ltr'><em>II</em></span> <span class='ocrx_word' id='word_1_234' title='bbox 436 3725 587 3781; x_wconf 72' lang='lat' dir='ltr'><em>Eud.</em></span> <span class='ocrx_word' id='word_1_235' title='bbox 616 3745 671 3796; x_wconf 89' lang='lat' dir='ltr'><em>p.</em></span> <span class='ocrx_word' id='word_1_236' title='bbox 709 3731 802 3795; x_wconf 88' lang='lat'><em>88,</em></span> <span class='ocrx_word' id='word_1_237' title='bbox 841 3742 986 3795; x_wconf 78' lang='lat' dir='ltr'><strong>quae</strong></span> <span class='ocrx_word' id='word_1_238' title='bbox 1014 3726 1251 3795; x_wconf 73' lang='lat' dir='ltr'><strong>praebet</strong></span> <span class='ocrx_word' id='word_1_239' title='bbox 1277 3723 1528 3795; x_wconf 74' lang='grc' dir='ltr'><em>ἱστορικὰ</em></span> <span class='ocrx_word' id='word_1_240' title='bbox 1564 3722 1943 3798; x_wconf 76' lang='grc' dir='ltr'><em>ὑπομνήματα</em></span> <span class='ocrx_word' id='word_1_241' title='bbox 1980 3727 2079 3780; x_wconf 76' lang='grc' dir='ltr'><em>καὶ</em></span> <span class='ocrx_word' id='word_1_242' title='bbox 2115 3723 2367 3795; x_wconf 80' lang='grc' dir='ltr'><em>μέθοδον</em></span> <span class='ocrx_word' id='word_1_243' title='bbox 2404 3722 2497 3795; x_wconf 66' lang='lat'><em>6011-</em></span> 
     </span>
     <span class='ocr_line' id='line_1_34' title="bbox 197 3801 2501 3876; baseline -0 -17"><span class='ocrx_word' id='word_1_244' title='bbox 197 3803 432 3875; x_wconf 81' lang='grc' dir='ltr'><em>τορικὴν</em></span> <span class='ocrx_word' id='word_1_245' title='bbox 467 3803 622 3860; x_wconf 84' lang='grc' dir='ltr'><em>πάνυ</em></span> <span class='ocrx_word' id='word_1_246' title='bbox 659 3801 959 3875; x_wconf 74' lang='grc' dir='ltr'><em>γλαφυρὰν</em></span> <span class='ocrx_word' id='word_1_247' title='bbox 995 3803 1312 3862; x_wconf 81' lang='grc' dir='ltr'><em>κατέλιπεν.</em></span> <span class='ocrx_word' id='word_1_248' title='bbox 1389 3805 1468 3862; x_wconf 85' lang='lat' dir='ltr'><em>cf.</em></span> <span class='ocrx_word' id='word_1_249' title='bbox 1499 3807 1718 3863; x_wconf 70' lang='lat' dir='ltr'><strong>Untere.</strong></span> <span class='ocrx_word' id='word_1_250' title='bbox 1766 3825 1819 3876; x_wconf 89' lang='lat' dir='ltr'><em>p.</em></span> <span class='ocrx_word' id='word_1_251' title='bbox 1869 3813 1937 3862; x_wconf 85' lang='lat'><em>44</em></span> <span class='ocrx_word' id='word_1_252' title='bbox 1972 3807 2087 3861; x_wconf 74' lang='lat' dir='ltr'><strong>not.</strong></span> <span class='ocrx_word' id='word_1_253' title='bbox 2124 3811 2193 3862; x_wconf 81' lang='lat'><em>2..</em></span> <span class='ocrx_word' id='word_1_254' title='bbox 2230 3804 2501 3860; x_wconf 71' lang='lat' dir='ltr'><strong>Tractant</strong></span> 
     </span>
     <span class='ocr_line' id='line_1_35' title="bbox 197 3884 2497 3957; baseline 0 -17"><span class='ocrx_word' id='word_1_255' title='bbox 197 3885 387 3954; x_wconf 80' lang='lat' dir='ltr'>Walz,</span> <span class='ocrx_word' id='word_1_256' title='bbox 438 3887 602 3944; x_wconf 67' lang='lat' dir='ltr'><strong>Rhet„</strong></span> <span class='ocrx_word' id='word_1_257' title='bbox 641 3884 744 3940; x_wconf 90' lang='lat' dir='ltr'><em>VII</em></span> <span class='ocrx_word' id='word_1_258' title='bbox 780 3905 834 3957; x_wconf 90' lang='lat' dir='ltr'><em>p.</em></span> <span class='ocrx_word' id='word_1_259' title='bbox 875 3891 1004 3953; x_wconf 83' lang='lat'>203,</span> <span class='ocrx_word' id='word_1_260' title='bbox 1051 3887 1278 3955; x_wconf 70' lang='lat' dir='ltr'>Ml‘iller,</span> <span class='ocrx_word' id='word_1_261' title='bbox 1322 3887 1388 3942; x_wconf 86' lang='lat' dir='ltr'><em>fr.</em></span> <span class='ocrx_word' id='word_1_262' title='bbox 1426 3887 1557 3944; x_wconf 74' lang='lat' dir='ltr'><strong>hist.</strong></span> <span class='ocrx_word' id='word_1_263' title='bbox 1596 3886 1672 3941; x_wconf 90' lang='lat' dir='ltr'><em>IV</em></span> <span class='ocrx_word' id='word_1_264' title='bbox 1717 3905 1771 3956; x_wconf 92' lang='lat' dir='ltr'><em>p.</em></span> <span class='ocrx_word' id='word_1_265' title='bbox 1820 3891 1937 3940; x_wconf 82' lang='lat'><strong>278.</strong></span> <span class='ocrx_word' id='word_1_266' title='bbox 2015 3887 2098 3941; x_wconf 83' lang='lat' dir='ltr'><em>De</em></span> <span class='ocrx_word' id='word_1_267' title='bbox 2144 3884 2275 3940; x_wconf 72' lang='lat' dir='ltr'><strong>stilo</strong></span> <span class='ocrx_word' id='word_1_268' title='bbox 2322 3886 2497 3954; x_wconf 77' lang='lat' dir='ltr'><strong>epito-</strong></span> 
     </span>
     <span class='ocr_line' id='line_1_36' title="bbox 195 3959 2498 4037; baseline 0.001 -19"><span class='ocrx_word' id='word_1_269' title='bbox 195 3964 435 4020; x_wconf 73' lang='lat' dir='ltr'><strong>matoris</strong></span> <span class='ocrx_word' id='word_1_270' title='bbox 481 3967 549 4020; x_wconf 85' lang='lat' dir='ltr'><em>cf.</em></span> <span class='ocrx_word' id='word_1_271' title='bbox 590 3985 641 4022; x_wconf 83' lang='lat' dir='ltr'><em>v.</em></span> <span class='ocrx_word' id='word_1_272' title='bbox 686 3960 935 4035; x_wconf 70' lang='grc' dir='ltr'><em>Ἀκύλας,</em></span> <span class='ocrx_word' id='word_1_273' title='bbox 977 3959 1189 4036; x_wconf 74' lang='grc' dir='ltr'><em>”Ηρων,</em></span> <span class='ocrx_word' id='word_1_274' title='bbox 1246 3963 1639 4036; x_wconf 82' lang='grc' dir='ltr'><em>Πολυκράτης,</em></span> <span class='ocrx_word' id='word_1_275' title='bbox 1694 3963 1991 4037; x_wconf 82' lang='grc' dir='ltr'><em>Σωρανός,</em></span> <span class='ocrx_word' id='word_1_276' title='bbox 2043 3962 2316 4034; x_wconf 84' lang='grc' dir='ltr'><em>Σωτάδης</em></span> <span class='ocrx_word' id='word_1_277' title='bbox 2368 3959 2498 4031; x_wconf 59' lang='lat'><strong>243..</strong></span> 
     </span>
     <span class='ocr_line' id='line_1_37' title="bbox 201 4041 2186 4119; baseline 0 -20"><span class='ocrx_word' id='word_1_278' title='bbox 201 4047 480 4114; x_wconf 73' lang='grc' dir='ltr'><em>Τεῦκρος,</em></span> <span class='ocrx_word' id='word_1_279' title='bbox 523 4041 713 4116; x_wconf 79' lang='grc' dir='ltr'><em>Τίμων</em></span> <span class='ocrx_word' id='word_1_280' title='bbox 753 4049 877 4116; x_wconf 85' lang='grc' dir='ltr'><em>Φλ.,</em></span> <span class='ocrx_word' id='word_1_281' title='bbox 916 4042 1237 4117; x_wconf 77' lang='grc' dir='ltr'><em>Φιλάγριος,</em></span> <span class='ocrx_word' id='word_1_282' title='bbox 1277 4043 1601 4117; x_wconf 85' lang='grc' dir='ltr'><em>Χαιρήμων.</em></span> <span class='ocrx_word' id='word_1_283' title='bbox 1751 4053 1815 4100; x_wconf 83' lang='grc'><em>15</em></span> <span class='ocrx_word' id='word_1_284' title='bbox 1848 4041 2108 4119; x_wconf 84' lang='grc' dir='ltr'><em>Ἀβαρνός</em></span> <span class='ocrx_word' id='word_1_285' title='bbox 2143 4052 2186 4098; x_wconf 75' lang='grc' dir='ltr'><em>Ε</em></span> 
     </span>
    </p>

    <p class='ocr_par' dir='ltr' id='par_1_11' title="bbox 193 4123 2533 4437">
     <span class='ocr_line' id='line_1_38' title="bbox 343 4123 2499 4197; baseline 0 -17"><span class='ocrx_word' id='word_1_286' title='bbox 343 4126 424 4180; x_wconf 94' lang='grc' dir='ltr'><em>ΙΙΙ</em></span> <span class='ocrx_word' id='word_1_287' title='bbox 461 4127 611 4183; x_wconf 77' lang='lat' dir='ltr'><em>Eud.</em></span> <span class='ocrx_word' id='word_1_288' title='bbox 658 4145 710 4195; x_wconf 92' lang='lat' dir='ltr'><em>p.</em></span> <span class='ocrx_word' id='word_1_289' title='bbox 755 4132 882 4193; x_wconf 79' lang='grc' dir='ltr'><em>106ς</em></span> <span class='ocrx_word' id='word_1_290' title='bbox 923 4127 1127 4181; x_wconf 76' lang='lat' dir='ltr'><strong>Zonar.</strong></span> <span class='ocrx_word' id='word_1_291' title='bbox 1175 4145 1227 4196; x_wconf 93' lang='lat' dir='ltr'><em>p.</em></span> <span class='ocrx_word' id='word_1_292' title='bbox 1270 4134 1299 4182; x_wconf 85' lang='grc'><strong>7</strong></span> <span class='ocrx_word' id='word_1_293' title='bbox 1526 4133 1589 4183; x_wconf 85' lang='grc'><em>17</em></span> <span class='ocrx_word' id='word_1_294' title='bbox 1625 4123 1831 4197; x_wconf 77' lang='grc' dir='ltr'><em>’Ἅβρων</em></span> <span class='ocrx_word' id='word_1_295' title='bbox 1876 4128 2021 4196; x_wconf 76' lang='lat' dir='ltr'><strong><em>vuly.</em></strong></span> <span class='ocrx_word' id='word_1_296' title='bbox 2070 4142 2206 4183; x_wconf 77' lang='lat' dir='ltr'><strong>corr.</strong></span> <span class='ocrx_word' id='word_1_297' title='bbox 2254 4126 2499 4181; x_wconf 75' lang='lat' dir='ltr'><strong>editores</strong></span> 
     </span>
     <span class='ocr_line' id='line_1_39' title="bbox 199 4199 2533 4275; baseline 0.003 -17"><span class='ocrx_word' id='word_1_298' title='bbox 199 4211 270 4258; x_wconf 90' lang='lat'><em>18</em></span> <span class='ocrx_word' id='word_1_299' title='bbox 312 4199 710 4274; x_wconf 78' lang='grc' dir='ltr'><em>ἔσοφίστευσεν</em></span> <span class='ocrx_word' id='word_1_300' title='bbox 741 4237 804 4246; x_wconf 92' lang='lat'><em>·-—</em></span> <span class='ocrx_word' id='word_1_301' title='bbox 838 4203 1072 4275; x_wconf 73' lang='grc' dir='ltr'><em>γέγονεν</em></span> <span class='ocrx_word' id='word_1_302' title='bbox 1110 4207 1260 4262; x_wconf 74' lang='lat' dir='ltr'><em>Eud.</em></span> <span class='ocrx_word' id='word_1_303' title='bbox 1371 4204 1615 4263; x_wconf 75' lang='grc' dir='ltr'><em>δούλωνε</em></span> <span class='ocrx_word' id='word_1_304' title='bbox 1653 4206 1947 4275; x_wconf 85' lang='lat' dir='ltr'><strong>Hermippi</strong></span> <span class='ocrx_word' id='word_1_305' title='bbox 1974 4205 2187 4274; x_wconf 79' lang='lat' dir='ltr'><strong>Berytii</strong></span> <span class='ocrx_word' id='word_1_306' title='bbox 2215 4207 2285 4262; x_wconf 81' lang='lat' dir='ltr'><em>de</em></span> <span class='ocrx_word' id='word_1_307' title='bbox 2313 4206 2533 4264; x_wconf 71' lang='lat' dir='ltr'><strong>doctis·</strong></span> 
     </span>
     <span class='ocr_line' id='line_1_40' title="bbox 195 4284 2495 4355; baseline 0 -16"><span class='ocrx_word' id='word_1_308' title='bbox 195 4284 374 4339; x_wconf 77' lang='lat' dir='ltr'>servis</span> <span class='ocrx_word' id='word_1_309' title='bbox 421 4284 675 4339; x_wconf 84' lang='lat' dir='ltr'>libellum</span> <span class='ocrx_word' id='word_1_310' title='bbox 730 4285 1172 4354; x_wconf 73' lang='lat' dir='ltr'>intellegendum</span> <span class='ocrx_word' id='word_1_311' title='bbox 1221 4288 1424 4343; x_wconf 76' lang='lat' dir='ltr'><strong>docent</strong></span> <span class='ocrx_word' id='word_1_312' title='bbox 1475 4287 1697 4352; x_wconf 74' lang='lat' dir='ltr'><strong>Mfiller,</strong></span> <span class='ocrx_word' id='word_1_313' title='bbox 1744 4286 1823 4339; x_wconf 92' lang='lat' dir='ltr'><em>III</em></span> <span class='ocrx_word' id='word_1_314' title='bbox 1869 4303 1923 4355; x_wconf 94' lang='lat' dir='ltr'><em>p.</em></span> <span class='ocrx_word' id='word_1_315' title='bbox 1962 4291 2031 4340; x_wconf 82' lang='lat'><em>35</em></span> <span class='ocrx_word' id='word_1_316' title='bbox 2070 4287 2213 4352; x_wconf 61' lang='lat' dir='ltr'><em>not„</em></span> <span class='ocrx_word' id='word_1_317' title='bbox 2260 4286 2495 4341; x_wconf 79' lang='lat' dir='ltr'><strong>Wachs-</strong></span> 
     </span>
     <span class='ocr_line' id='line_1_41' title="bbox 193 4367 1060 4437; baseline 0.001 -18"><span class='ocrx_word' id='word_1_318' title='bbox 193 4368 390 4434; x_wconf 83' lang='lat' dir='ltr'>muth,</span> <span class='ocrx_word' id='word_1_319' title='bbox 430 4367 618 4436; x_wconf 79' lang='lat' dir='ltr'><strong>Symb.</strong></span> <span class='ocrx_word' id='word_1_320' title='bbox 656 4369 830 4421; x_wconf 86' lang='lat' dir='ltr'><strong>Bonn.</strong></span> <span class='ocrx_word' id='word_1_321' title='bbox 869 4385 922 4437; x_wconf 90' lang='lat' dir='ltr'><em>p.</em></span> <span class='ocrx_word' id='word_1_322' title='bbox 959 4374 1060 4421; x_wconf 77' lang='lat'><em>140</em></span> 
     </span>
    </p>
   </div>
   <div class='ocr_carea' id='block_1_8' title="bbox 311 4462 2064 4518">
    <p class='ocr_par' dir='ltr' id='par_1_12' title="bbox 311 4462 2064 4518">
     <span class='ocr_line' id='line_1_42' title="bbox 311 4462 2064 4518; baseline 0.004 -14"><span class='ocrx_word' id='word_1_323' title='bbox 311 4466 614 4518; x_wconf 65' lang='lat' dir='ltr'><em>Ennomus,</em></span> <span class='ocrx_word' id='word_1_324' title='bbox 643 4466 710 4506; x_wconf 82' lang='lat' dir='ltr'><em>ed.</em></span> <span class='ocrx_word' id='word_1_325' title='bbox 739 4466 898 4506; x_wconf 76' lang='lat' dir='ltr'><strong>Flach.</strong></span> <span class='ocrx_word' id='word_1_326' title='bbox 2044 4462 2064 4506; x_wconf 88' lang='lat' dir='ltr'>l</span> 
     </span>
    </p>
   </div>
  </div>
 </body>
</html>
