3025 4892
975 1097 1443 1170 ADDENDA
1502 1098 1629 1170 ΕΤ
1688 1098 2324 1174 CORRIGENDA.

645 1395 866 1449 Priores
904 1395 1165 1464 plagulas
1205 1410 1292 1448 me
1331 1395 1561 1449 absente
1598 1395 1768 1463 paulo
1806 1395 2197 1466 neglegentius
2224 1399 2501 1452 correctas
2542 1415 2663 1454 esse
2703 1400 2811 1454 do—

507 1477 627 1530 lens
664 1475 983 1545 praemitte.

643 1573 696 1625 p.
737 1562 768 1609 2
818 1550 1115 1624 Ἀγάθων
1162 1553 1198 1610 l.
1251 1561 1316 1608 12
1370 1558 1703 1611 Παυσανίου
1759 1555 1897 1629 (καὶ
1951 1559 2265 1627 Ευριπίδου
2324 1559 2468 1630 τοῦ)
2526 1561 2811 1629 τραγικοῦ

507 1636 649 1691 coni.
689 1636 912 1691 Cramer
949 1636 984 1691 l.
1027 1652 1071 1690 e.

643 1733 700 1785 p.
737 1723 769 1770 9
797 1711 1043 1780 ’Ἀλεξις
1079 1716 1115 1769 l.
1160 1720 1222 1769 17
1262 1715 1370 1783 leg.
1410 1713 1703 1783 πάτρως.

645 1814 698 1864 p.
742 1803 808 1850 10
853 1790 1249 1864 Ἀλκιδάμας
1294 1793 1332 1850 l.
1375 1801 1439 1849 19
1479 1813 1605 1850 cum
1644 1795 1781 1850 satis
1820 1795 2022 1850 mirum
2069 1797 2165 1865 sit,
2216 1815 2355 1866 opus
2399 1799 2582 1852 notari
2622 1800 2813 1868 patris

507 1875 913 1930 Alcidamantis
949 1874 1166 1928 nullum
1211 1874 1412 1943 ipsine,
1459 1876 1519 1928 in
1563 1875 1719 1930 fonte
1759 1877 1963 1930 Suidae
2010 1877 2262 1932 extitisse
2312 1873 2343 1931 ὁ
2384 1881 2673 1933 Μουσεῖον
2713 1899 2811 1948 γε·

503 1952 732 2024 γραφώς
778 1953 1092 2024 suspicatur
1130 1955 1477 2026 Gutschmid,
1530 1955 1843 2025 comparari
1889 1956 2087 2011 iubens
2124 1956 2507 2012 Nietzschium
2557 1957 2615 2012 in
2654 1957 2809 2016 Mus,

505 2036 681 2090 Rhcn.
720 2034 875 2089 XXV
912 2053 968 2104 p.
999 2041 1103 2089 538
1134 2053 1245 2104 seq.

642 2111 1031 2185 Ἀλκιμένης
1068 2134 1197 2185 app.
1236 2115 1378 2170 adde
1417 2117 1613 2171 verba:
1662 2115 1774 2184 qui
1820 2117 2079 2172 comico
2129 2149 2192 2158 —
2239 2118 2562 2173 laudatas
2608 2119 2666 2173 in
2720 2137 2812 2175 se—

512 2199 774 2264 quentem
813 2194 1124 2264 plagellam
1162 2195 1411 2265 delapsa.
1456 2234 1462 2240 -

646 2295 700 2345 p.
744 2282 803 2329 11
843 2270 1116 2345 Ἀλκμοὶν
1154 2276 1187 2330 l.
1229 2284 1261 2331 6
1299 2278 1401 2331 τοῦ
1441 2276 1783 2333 Σαδυάττου
1822 2278 1965 2331 coni.
2005 2277 2341 2333 Gutschmid.
2392 2273 2409 2283 ’

643 2351 939 2425 Ἀμέλιος
977 2372 1104 2424 app.
1145 2356 1344 2425 corrig.
1387 2363 1461 2410 13
1504 2374 1605 2425 pro
1648 2363 1728 2411 14.

644 2455 697 2506 p.
743 2442 807 2490 12
853 2430 1219 2505 Ἀνακρέων
1268 2436 1305 2491 l.
1345 2443 1376 2491 9
1423 2436 1647 2492 Kusteri
1699 2437 2147 2492 emendationem
2201 2437 2404 2507 probat
2455 2439 2806 2508 Gutschmid‚

503 2517 599 2585 qui
637 2517 705 2571 de
735 2514 936 2571 Dielsii
964 2515 1194 2570 invento
1235 2511 1419 2585 ἀκμῆς
1457 2533 1601 2570 anno
1642 2517 2073 2586 quadragesimo
2109 2515 2367 2587 illigatae
2405 2519 2653 2572 nondum
2690 2521 2811 2575 sibi

505 2597 644 2652 satis
682 2599 936 2650 constare
973 2595 1198 2650 fatetur.
1276 2594 1534 2650 Ceterum
1572 2596 1779 2650 rectius
1818 2595 2073 2649 secludas
2112 2595 2208 2648 καὶ
2246 2593 2567 2666 συνέγραψε
2602 2629 2664 2635 ——
2705 2599 2811 2656 fin.

644 2695 700 2746 p.
742 2683 806 2730 13
849 2670 1380 2745 Ἀναξανδρίδης
1425 2676 1462 2730 l.
1505 2684 1532 2729 1
1574 2674 1709 2745 ρια’
1758 2676 2104 2730 Gutschmid:
2149 2675 2408 2744 intellegi
2455 2678 2605 2732 enim
2654 2676 2809 2730 cele-

503 2757 771 2812 berrimos
800 2770 1009 2825 agonas
1037 2754 1319 2823 Aegenses
1356 2755 1539 2824 (Diod.
1572 2756 1727 2823 XVI,
1757 2757 1875 2825 92),
1917 2773 2152 2823 quorum
2182 2757 2475 2812 occasione
2502 2755 2814 2825 Philippus

503 2837 716 2892 occisus
755 2838 866 2902 est,
907 2836 963 2888 et
1000 2835 1314 2890 confirmari
1351 2836 1458 2890 hoc
1497 2836 1824 2904 corruptela
1862 2833 1975 2905 ριδ’
2017 2855 2067 2893 v.
2102 2830 2514 2905 Ἀριστοφάνης.

647 2933 775 2985 app.
816 2914 952 2970 del.:
993 2911 1058 2968 δὲ
1098 2931 1204 2970 om.
1244 2921 1307 2972 Δ.

642 2991 1169 3064 Ἀναξίμανδρος
1205 3013 1332 3068 app.
1371 2998 1507 3067 leg.:
1552 3003 1626 3052 15
1665 2996 1782 3051 καὶ
1821 2997 1983 3050 ante
2020 2995 2193 3065 περὶ.

648 3095 700 3146 p.
736 3081 800 3130 14
831 3069 1224 3144 Ἀνάχαρσις
1253 3077 1289 3130 l.
1312 3083 1346 3130 4
1375 3077 1484 3146 leg.
1514 3079 1850 3146 Καδουία.
1890 3076 2149 3130 Ceterum
2178 3075 2349 3130 verba
2378 3071 2523 3129 κατὰ
2553 3074 2617 3131 δέ
2646 3096 2843 3140 τινας,

507 3187 569 3196 -—-
609 3158 701 3211 fin.
741 3173 868 3209 cum
907 3172 942 3208 a
986 3154 1193 3208 nostris
1233 3156 1446 3212 Laertii
1482 3157 1891 3227 exemplaribus
1929 3153 2138 3222 absint,
2186 3155 2412 3210 aliunde
2458 3155 2640 3225 petita
2678 3173 2806 3212 esse

504 3237 780 3291 videntur.
854 3235 890 3290 l.
935 3241 966 3289 6
1005 3230 1251 3288 διελθὼν
1288 3234 1417 3305 περὶ
1455 3234 1597 3291 coni.
1630 3236 1964 3292 Gutschmid.

643 3332 695 3384 p.
736 3319 804 3368 15
847 3309 1356 3384 Ἀνδροκλείδης
1403 3317 1438 3370 1.
1483 3323 1510 3370 1
1560 3316 1668 3387 leg.
1716 3316 1845 3369 τῶν
1891 3332 1992 3384 pro
2040 3315 2167 3384 τοῦ,
2220 3332 2347 3369 cum
2400 3314 2481 3369 sic
2534 3318 2799 3372 emenda—

513 3391 661 3448 verit
701 3392 920 3448 Portus.
1599 3425 1614 3433 -

640 3469 1038 3542 Ἀνδροτίων
1078 3475 1146 3529 cf.
1188 3475 1358 3531 etiam
1394 3475 1590 3544 mass,
1628 3477 1746 3532 Att.
1787 3475 1908 3531 Ber.
1947 3474 2053 3542 ΙΙΙ,
2094 3481 2125 3528 2
2165 3493 2219 3544 p.
2252 3481 2370 3529 342.

640 3547 1024 3623 Ἀντίμαχος
1071 3555 1109 3610 l.
1147 3562 1216 3610 20
1264 3573 1391 3610 cum
1435 3556 1578 3611 nihil
1627 3557 1814 3612 obstet
1860 3553 2152 3624 quominus
2200 3569 2390 3610 servus
2441 3555 2653 3610 domini
2714 3557 2803 3612 sui

503 3633 728 3688 auditor
774 3633 871 3702 sit,
923 3633 983 3688 in
1026 3635 1389 3702 sequentibus
1429 3635 1877 3691 coniunctionem
1924 3652 2051 3689 cum
2086 3634 2398 3703 Panyaside
2445 3636 2792 3706 chronologi-

503 3715 582 3768 cis
631 3713 964 3783 quibusdam
1011 3713 1324 3771 rationibus
1371 3715 1555 3770 refelli
1594 3717 1787 3771 censet
1827 3713 2175 3783 Gutschmid,
2223 3712 2416 3784 itaque
2460 3709 2639 3770 αὐτοῦ
2677 3732 2799 3770 cor-

504 3794 732 3864 ruptum
771 3811 890 3848 esse
929 3795 986 3848 et
1021 3793 1201 3848 latere
1238 3812 1442 3849 nomen
1478 3795 1791 3865 proprium,
1831 3793 2067 3848 fortasse
2101 3789 2341 3849 Ἀνύτου.

644 3893 700 3944 p.
743 3879 808 3926 16
840 3867 1280 3941 Ἀντισθένης
1315 3889 1442 3944 app.
1484 3875 1519 3928 l.
1560 3881 1629 3928 20
1668 3876 1805 3944 leg.·:
1844 3873 2203 3943 Διογένης.

644 3974 697 4025 p.
737 3962 805 4009 22
842 3949 1113 4021 ’Ἄρατος
1149 3953 1186 4008 1.
1227 3960 1293 4008 21
1333 3955 1575 4008 Uxorem
1606 3956 1877 4025 Antigoni
1913 3953 2153 4022 Philam,
2192 3953 2230 4009 f.
2261 3954 2495 4023 Seleuci,
2535 3955 2803 4010 confundi

502 4052 629 4089 cum
667 4035 815 4104 regis
853 4034 1034 4088 matre
1071 4033 1260 4102 Phila,
1298 4037 1338 4089 f.
1377 4034 1689 4104 Antipatri,
1726 4037 1919 4089 monet
1955 4034 2288 4090 Gutschmid.

645 4134 698 4184 p.
737 4121 808 4168 24
839 4109 1178 4183 Ἀριστέας
1214 4115 1250 4169 1.
1285 4119 1350 4170 19
1389 4132 1516 4168 cum
1544 4115 1788 4180 Abadde
1826 4113 2090 4170 confundi
2124 4113 2404 4169 Aristeam
2438 4117 2633 4168 censet
2662 4115 2801 4169 Gut-

500 4195 736 4261 schmid,
775 4212 900 4249 cum
939 4193 1100 4248 testis
1139 4194 1615 4264 locupletissimus
1652 4195 1857 4250 Herod.
1896 4193 1990 4262 IV,
2032 4199 2097 4248 15
2137 4210 2265 4247 eum
2304 4192 2454 4246 circa
2490 4209 2539 4247 a.
2573 4199 2677 4248 696
2715 4192 2801 4248 vi—

501 4274 646 4326 xisse
686 4274 875 4328 tradat
912 4275 970 4328 et
1007 4291 1132 4328 cum
1169 4278 1564 4345 argumentum
1604 4273 1865 4330 carminis
1916 4273 1987 4326 ab
2026 4275 2219 4328 eodem
2260 4271 2629 4343 descriptum,
2676 4274 2801 4328 tum

501 4350 694 4404 fabula
731 4353 803 4406 dc
840 4351 1082 4408 Homero
1121 4352 1238 4408 eius
1277 4353 1555 4424 discipulo
1594 4355 1652 4409 id
1688 4355 1873 4424 ipsum
1912 4354 2252 4416 confirment.
