3025 4892
1113 228 1478 287 HESYOHIU
1486 233 1539 287 S.
2343 232 2373 292 1
2384 231 2464 293 41

174 392 303 455 τῶν
351 388 428 455 δὲ
478 387 838 475 δραμάτων
887 387 1097 457 αὐτοῦ
1143 391 1282 457 ἐστι
1329 394 1566 457 ταῦτα·
1622 381 1843 476 Αὖραι
1889 385 1931 473 ἢ
1971 387 2468 475 Μαμμάκυθος,

176 497 701 581 Θουριοπέρσαι,
753 494 1168 583 Φιλοθύτης,
1197 492 1517 583 Ὅμηρος,
1568 492 1666 583 [ἢ]
1710 494 2031 582 Ἀσκηταί.

339 604 645 670 DXXIX.
715 602 1264 689 Μητροφοξνης
1311 600 1699 688 Εὐκαρπίας
1742 606 1860 688 τῆς
1911 608 2226 689 Φρυγίας,
2275 622 2467 688 σοφι-

172 707 337 794 στής.
416 714 668 795 ἔγραψε
715 710 868 796 περὶ
911 713 1030 796 τῆς
1077 715 1377 795 Φρυγίας
1423 707 1631 797 αὐτῆς
1673 714 1902 795 βιβλία
1938 708 2032 794 β’,
2076 709 2226 795 περὶ
2267 712 2469 776 ίδεῶν

172 814 394 901 λόγου,
444 817 598 903 περὶ
647 815 967 900 στάσεων,
1015 820 1109 895 εἰς
1153 815 1278 903 τὴν
1317 817 1759 903 Ἑρμογένους
1806 817 2047 903 τέχνην
2083 812 2467 902 ὑπόμνημα,

173 925 259 1000 εἰς
303 922 432 991 τὸν
479 922 894 1011 Ἀριστείδην
939 919 1316 1010 ὑπόμνημα.

341 1032 616 1099 DXXX.
710 1028 1300 1117 Μητροφάνης
1359 1034 1839 1117 Κορνηλιανοῦ
1889 1028 2200 1117 ῥήτορος,
2258 1035 2463 1115 Λεβα-

174 1135 324 1215 δεύς
380 1136 610 1224 (πόλις
667 1137 740 1205 δὲ
787 1142 1115 1215 Βοιωτίας
1167 1132 1208 1221 ἡ
1259 1135 1655 1223 Λεβάδεια),
1710 1136 2053 1223 σοφιστής.
2143 1138 2293 1224 περὶ
2334 1140 2469 1205 τῶν

171 1242 612 1329 χαρακτήρων
641 1241 1030 1327 Πλάτωνος,
1069 1244 1532 1328 Ξενοφῶντος,
1572 1242 2059 1329 Νικοστράτου,
2104 1242 2469 1331 Φιλοστρά-

175 1374 324 1433 του,
363 1352 674 1435 μελέτας,
720 1349 964 1436 λόγους
1009 1348 1528 1437 πανηγυρικούς.

341 1458 648 1523 DXXXI.
732 1464 820 1524 M
831 1462 1031 1524 ίθαι
1051 1482 1090 1523 κ
1111 1483 1148 1524 ο
1172 1483 1205 1535 ς
1239 1456 1727 1544 γραμματικός.
1835 1464 2125 1548 ἔγραψεν
2183 1455 2469 1547 ὀψαρτυ-

170 1562 310 1629 τικᾶ
324 1614 344 1649 ,
396 1561 800 1650 κυνηγετικὰ
847 1563 957 1629 καὶ
1005 1560 1191 1630 ἄλλα.

339 1672 685 1738 DXXXII.
774 1675 1317 1757 Μίμνερμος
1381 1670 1874 1758 Λιγυρτιαδου,
1931 1669 2375 1757 Κολοφώνιος
2428 1667 2469 1756 ἢ

171 1781 570 1864 Σμυρναῖος
618 1773 661 1860 ἢ
696 1774 1229 1861 Ἀστυπαλαιεύς,
1277 1776 1737 1862 ἐλεγειοποιός.
1810 1780 2046 1865 γέγονε
2094 1777 2167 1846 δὲ
2216 1778 2320 1845 ἐπὶ
2357 1780 2475 1863 τῆς

169 1881 262 1962 λζ’
311 1880 762 1971 ὀλυμπιάδος,
811 1879 900 1961 ὡς
942 1884 1368 1969 προτερεύειν
1413 1888 1553 1952 τῶν
1601 1883 1654 1966 ζ’
1705 1876 1965 1972 σοῴὥν·
2012 1885 2188 1965 τινὲς
2234 1883 2309 1952 δὲ
2355 1882 2471 1952 αὐ-

173 2002 310 2068 τοῖς
355 1992 474 2058 καὶ
523 2004 921 2079 συγχρονεῖν
970 1990 1302 2075 λέγουσιν.
1394 1993 1683 2059 ἐκαλεῖτο
1738 1992 1812 2059 δὲ
1866 1993 1975 2060 καὶ
2025 1993 2474 2079 Λιγυστιοῖδης

171 2094 278 2162 διὰ
335 2096 415 2165 τὸ
481 2098 754 2187 ἐμμελὲς
796 2097 906 2165 καὶ
953 2094 1127 2183 λιγύ.
1219 2102 1464 2184 ἔγραψε
1511 2102 1739 2185 βιβλία
1784 2102 1990 2167 ταῦτα
2040 2099 2335 2183 [πολλοὶ]·
2367 2153 2381 2167 .
2412 2153 2427 2169 .
2457 2153 2472 2168 .

311 2301 338 2346 1
393 2288 578 2349 αὐτοῦ
619 2296 704 2363 δρ.
739 2293 869 2348 libri
1016 2286 1052 2361 ἢ
1090 2294 1221 2362 post
1255 2282 1435 2361 Αύραι
1481 2294 1609 2348 add.
1650 2294 1901 2349 Meineke
1936 2295 2062 2350 coll.
2102 2294 2304 2349 Athen.
2342 2295 2472 2349 VIII

172 2386 222 2437 p.
245 2376 350 2426 355
382 2376 444 2427 et
474 2374 606 2428 XIII
634 2393 686 2444 p.
710 2380 810 2428 571
843 2368 1282 2442 Μαμμάκουθος
1299 2372 1453 2428 Eud.
1485 2374 1635 2441 quod
1664 2374 1836 2428 etiam
1866 2373 2037 2428 schol.
2060 2375 2151 2430 Ar.
2171 2372 2309 2427 Rau.
2336 2380 2472 2429 1017

171 2448 380 2519 legitur
419 2450 856 2523 (μαρμοὶκουθος
890 2468 1081 2507 errans
1113 2452 1264 2519 Vile.)
1408 2460 1440 2507 2
1480 2446 1514 2521 ἢ
1555 2456 1873 2523 suspectum
1904 2454 2208 2522 Meinekio,
2245 2454 2474 2507 sustulit

175 2527 342 2585 Daub
443 2528 679 2604 Ὁμὲρης
715 2533 867 2587 Eud.
926 2531 1185 2586 Ceterum
1224 2533 1291 2588 cf.
1333 2534 1504 2589 schol.
1536 2533 1753 2588 Platon.
1786 2533 1862 2587 VI
1890 2552 1943 2603 p.
1974 2538 2077 2587 228
2107 2534 2320 2587 Herum
2358 2530 2470 2587 Λύ-

171 2628 282 2662 κων
322 2612 522 2681 μέντοι
557 2610 742 2684 πατὴρ
779 2604 851 2681 ἦν
881 2607 1230 2681 Αὐτολύκου,
1258 2608 1384 2668 Ἴων
1418 2614 1607 2683 γένος,
1646 2610 1841 2683 δήμων
1872 2614 2160 2683 Θορίκιος,
2197 2610 2374 2683 πένης
2402 2644 2469 2653 —-

171 2693 442 2761 κωμῳδεῖ
473 2724 540 2731 —-
579 2690 920 2761 Μεταγένης
956 2686 1012 2744 δ’
1046 2686 1266 2763 Ὁμήρῳ
1305 2711 1420 2762 seq.

315 2768 554 2826 DXXIX
594 2774 744 2828 Eud.
783 2791 839 2842 p.
878 2777 999 2826 497.
1067 2770 1149 2826 Cf.
1186 2773 1389 2826 Mffller
1425 2772 1504 2826 IV
1540 2792 1595 2843 p.
1634 2779 1738 2828 453
1909 2782 1941 2827 3
1982 2769 2345 2841 Εύκαρπείας
2381 2775 2475 2828 vel

173 2843 520 2920 Εὖκαρπεύς
553 2854 723 2908 Daub
867 2858 902 2905 4
938 2852 1039 2920 τῆς
1075 2846 1252 2921 αὐτῆς
1290 2855 1537 2922 Φρυγίας
1575 2853 1897 2909 Gutsehmid
2041 2860 2073 2909 5
2111 2850 2281 2924 λόγου
2319 2859 2470 2907 AVB

176 2926 355 2999 λόγων
392 2936 542 3003 vuly.
583 2934 734 2988 Eud.
812 2932 894 2989 Cf.
933 2951 982 2986 v.
1015 2927 1355 3003 Ἑρμογένης
1501 2939 1533 2987 6
1571 2929 1671 2987 τὸν
1709 2950 1815 2989 om.
1853 2939 1900 2986 A

312 3013 526 3067 DXXX
563 3015 713 3069 Eud.
753 3013 790 3069 l.
830 3030 876 3067 c.
915 3029 1058 3080 quae
1095 3012 1297 3082 incipit
1331 3013 1430 3066 καὶ
1469 3010 1657 3081 ἕτερος
1684 3015 1866 3080 Μητρ.
1933 3012 2016 3066 De
2054 3030 2121 3068 eo
2159 3014 2227 3069 cf.
2256 3015 2471 3081 Rohde‚

174 3087 261 3145 Gr.
301 3092 526 3148 Roman
561 3114 616 3164 p.
658 3100 760 3149 326
797 3095 911 3147 not.
1097 3099 1129 3148 8
1175 3092 1306 3161 περὶ
1341 3112 1396 3147 τ.
1435 3112 1558 3161 χαρ.
1600 3094 1772 3145 Πλατ.
1815 3089 2026 3161 ἔγραψε
2076 3089 2229 3147 πάνυ
2270 3094 2473 3160 καλῶς,

176 3169 556 3241 Ξενοφῶντός
583 3194 641 3229 τε
673 3172 770 3228 καὶ
800 3168 1210 3240 Νικοστράτου,
1239 3172 1487 3240 μελέτας,
1527 3167 1729 3241 λόγους
1757 3172 2178 3242 πανηγυρικοὺς
2203 3174 2301 3228 καὶ
2330 3168 2470 3227 ἀλλὰ

174 3248 354 3319 Eud„
405 3252 508 3308 ubi
545 3250 698 3307 πάνυ
746 3253 929 3313 καλῶς
963 3251 1144 3320 ipsam
1181 3252 1485 3307 Eudociam
1533 3251 1591 3305 in
1628 3252 1879 3307 Platonis
1928 3253 2148 3323 scriptis
2194 3254 2472 3308 versatam

179 3330 467 3389 addidisse
502 3337 669 3404 putat
705 3333 875 3387 Βοιώ

314 3412 554 3468 DXXXI
589 3414 738 3469 Eud.
769 3432 822 3484 p.
853 3418 974 3468 502.
1031 3412 1289 3467 Fortasse
1329 3414 1599 3469 articulus
1626 3414 1786 3469 fluxit
1814 3432 1881 3469 ex
1907 3414 2113 3470 Athen.
2143 3416 2245 3470 XII
2273 3434 2328 3484 p.
2348 3422 2471 3470 516.

177 3486 256 3543 Of.
297 3491 647 3562 Volkmann,
689 3495 880 3563 Symb.
915 3511 972 3562 p.
1013 3498 1115 3547 719
1267 3499 1328 3547 11
1368 3489 1653 3565 ὄψαρτικά
1694 3495 1844 3549 Eud.

316 3572 582 3629 DXXXII
616 3575 769 3630 Eud.
808 3592 862 3645 p.
892 3580 1014 3643 499,
1052 3590 1194 3643 quae
1225 3590 1352 3629 cum
1381 3574 1533 3644 vulg.
1568 3574 1916 3645 Μίμερμνος,
1953 3575 2283 3644 Μίμνερμος
2318 3578 2473 3627 ABV

181 3653 243 3702 16
273 3652 372 3707 καὶ
405 3654 530 3711 add.
559 3660 660 3708 Av
689 3672 796 3710 om.
825 3656 970 3724 vulg.
1068 3650 1430 3723 Λιγιστιάδης
1456 3659 1503 3706 A
1540 3650 1949 3723 Λιγειαστοξδης
1967 3658 2115 3707 BVE
2152 3650 2472 3722 Λιγυαστά-

179 3730 279 3797 δης
305 3736 444 3791 vett.
475 3735 600 3789 edd.
628 3736 774 3806 vulg.
795 3734 947 3789 Eud.
985 3730 1361 3802 Λιγυρτιοὶδης
1387 3733 1591 3789 maluit
1609 3735 1978 3791 Hemsterhm.
2112 3740 2175 3789 17
2216 3732 2472 3801 equidem

177 3823 320 3866 nunc
357 3811 534 3869 πολλοί
575 3815 644 3869 ab
682 3814 890 3869 lectore
929 3813 1184 3868 additum
1222 3815 1386 3882 puto,
1427 3817 1725 3885 postquam
1760 3815 1959 3870 tabula
1988 3815 2295 3870 carminum
2335 3814 2470 3868 olim

181 3894 439 3948 voculam
493 3896 674 3949 ταῦτα
733 3898 926 3949 secuta.
986 3894 1197 3949 librarii
1248 3894 1464 3949 incuria
1516 3894 1888 3960 interciderit;
1946 3896 2014 3951 cf.
2068 3914 2119 3951 v.
2170 3897 2473 3963 Πίνδαρος,

185 3969 572 4043 Πολυδεύκης,
610 3976 967 4043 Σπίνθαρος,
1005 3969 1303 4042 Στράττις,
1353 3976 1706 4044 Φαβωρῖνος,
1748 3972 2020 4045 Φρύνιχος
2057 3996 2223 4045 κωμ.·,
2260 3972 2472 4044 Χαιρή-

183 4067 299 4115 μων
335 4052 505 4121 alter,
541 4056 800 4124 Χοιρίλος
836 4057 983 4124 Σαμ.
1031 4055 1090 4109 et
1134 4052 1369 4108 similem
1421 4053 1856 4125 discrepantiam
1902 4074 1954 4109 v.
1996 4052 2253 4111 Πλάτων.
2294 4058 2473 4110 ταῦτα

184 4145 286 4187 om.
325 4150 455 4202 pars
493 4134 652 4187 codd.
685 4133 854 4203 Eud„
892 4133 1420 4203 praebent-ABVE‚
1461 4135 1571 4189 del.
1600 4135 1901 4201 Kusterus,
1938 4131 2095 4204 παρὰ
2133 4135 2311 4189 ταῦτα
2349 4137 2471 4187 tan—

184 4225 346 4275 quam
375 4216 543 4267 antea
569 4214 841 4282 quaedam
869 4214 1208 4279 exciderint,
1237 4214 1529 4281 Halmius,
1566 4214 1695 4268 lect.
1726 4214 1921 4267 Aesch.
1957 4218 1983 4265 1
2018 4209 2201 4285 βιβλιά
2234 4209 2472 4282 ἐρωτικὰ

186 4286 251 4341 τὰ
279 4288 454 4346 πολλὰ
483 4293 765 4363 flagitavit
787 4294 1137 4363 Bernhardy,
1165 4294 1402 4347 τοιαῦτα
1432 4289 1609 4347 πολλοὶ
1638 4293 1851 4363 Meyer,
1878 4292 2019 4347 Mus.
2040 4292 2217 4346 Rhen.
2239 4292 2471 4346 XXXlII

186 4384 236 4452 p.
271 4377 400 4442 691,
439 4373 536 4442 qui
571 4374 644 4427 ad
672 4370 905 4445 ἐμμελὲς
942 4373 1037 4428 καὶ
1071 4368 1196 4441 λιγὺ
1233 4374 1341 4427 hoc
1368 4370 1561 4425 referri
1591 4372 1798 4425 monet.
1855 4370 2038 4427 Antea
2066 4370 2247 4425 autin
2277 4368 2471 4439 πολλοὶ,

2497 837 2523 877 6

2500 1372 2550 1411 1⁰

2501 1905 2551 1945 15
