3025 4892
1099 242 1524 299 HESYCHIUS.
2330 246 2362 307 1
2376 244 2457 307 73

167 404 250 471 δὲ
309 402 462 473 κατὰ
521 412 948 492 Πτολεμαῖον
999 403 1122 473 τὸν
1171 402 1521 492 Ἐπιφανῆ.
1618 402 1786 472 κατὰ
1846 404 1921 472 δὲ
1970 401 2457 491 Ἀσκληπιάδην

161 508 291 579 τὸν
341 509 744 600 Μυρλεανὸν
815 511 1296 599 συνεχρόνισεν
1357 508 1823 599 Ἀριστοφάνει
1880 516 1971 604 τῷ
2026 517 2456 605 γραμματικῷ

159 618 282 684 καὶ
335 618 644 704 διήκουσε
697 619 808 686 καὶ
863 623 986 687 τοῦ
1032 616 1298 687 Ῥοδίου
1355 620 1751 687 Παναιτίου.
1845 624 2090 706 ἔγραψε
2145 618 2457 707 περιήγη-

162 744 284 791 σιν
317 722 512 793 Ἰλίου
559 728 636 793 ἐν
681 730 970 811 βιβλίοις
1013 724 1104 811 γ’,
1163 724 1282 811 <td
1329 724 1496 811 πρὸς
1536 724 1807 795 Ἀδαῖον
1850 727 1961 795 καὶ
2004 724 2457 813 Ἀντίγονον,>

159 838 398 911 κτίσεις
439 836 580 901 τῶν
625 835 700 900 ἐν
751 836 1007 900 Φωκίδι
1051 832 1316 901 πόλεων
1359 834 1470 901 καὶ
1517 834 1669 921 περὶ
1704 836 1823 920 τῆς
1856 831 2025 921 πρὸς
2056 831 2459 919 Ἀθηναίους
2484 850 2511 891 ⁵

161 945 550 1025 συγγενείας
597 937 852 1024 [αὐτῶν
897 944 1168 1025 κτίσεις]
1214 944 1352 1007 τῶν
1400 942 1472 1007 ἐν
1511 940 1757 1031 Πόντῳ
1802 940 2088 1025 πόλεων,
2133 940 2284 1026 περὶ
2320 944 2457 1007 τῶν

163 1048 239 1113 ἐν
315 1051 768 1133 Λακεδαίμονι
850 1048 962 1115 καὶ
1031 1044 1199 1115 αλλα
1263 1055 1567 1132 πλεῖστα,
1642 1049 1715 1115 έν
1791 1042 1891 1129 οἷς
1957 1048 2069 1115 καὶ
2130 1046 2462 1134 κοσμικὴν

162 1152 560 1239 περιήγησιν
605 1180 753 1240 ητοι
800 1158 1246 1241 γεωγραφίαν.

338 1262 520 1329 DGL.
598 1261 993 1347 Πολέμων
1041 1259 1444 1347 Λαοδικεύς,
1502 1288 1719 1347 ηγουν
1774 1263 1847 1330 ἐκ
1892 1264 2293 1343 Λαοδικείας
2344 1266 2461 1349 τῆς

157 1365 328 1453 πρὸς
369 1371 456 1458 τῷ
500 1365 705 1457 Λύκῳ
751 1371 1047 1457 ποταμῷ,
1093 1366 1314 1455 ῥήτωρ
1350 1368 1463 1435 καὶ
1500 1368 1844 1456 σοφιστής,
1892 1370 2339 1457 σοφιστεύσας
2385 1372 2457 1437 ἐν
2488 1386 2537 1425 1⁰

161 1471 480 1563 Σμύρνῃ,
537 1475 942 1553 διδάσκαλος
981 1470 1392 1560 Ἀριστείδου
1437 1477 1563 1541 τοῦ
1606 1473 1905 1561 ῥήτορος.
1983 1467 2071 1562 ἦν
2118 1475 2192 1543 δὲ
2238 1477 2353 1544 ἐπί
2391 1503 2460 1544 τε

163 1584 504 1665 Τραϊανοῦ
530 1580 641 1646 καὶ
670 1576 810 1666 μετ’
843 1576 1083 1663 αὐτόν,
1114 1575 1419 1665 μαθητὴς
1447 1578 1523 1646 δὲ
1552 1580 1812 1665 ἐγένετο
1855 1580 2311 1669 Τιμοκράτους
2337 1586 2459 1649 τοῦ

157 1686 224 1765 ἐξ
263 1680 656 1772 Ἡρακλείας
699 1689 815 1772 τῆς
859 1687 936 1753 ἐν
969 1689 1062 1777 τῷ
1102 1684 1346 1775 Πόντῳ
1395 1685 1784 1772 φιλοσόφου
1827 1688 1939 1755 καὶ
1986 1693 2457 1757 Σκοπελιανοῦ

152 1796 280 1859 τοῦ
327 1796 676 1878 σοφιστοῦ.
751 1790 1130 1878 ἐτελεύτησε
1169 1791 1243 1859 δὲ
1282 1790 1347 1867 ς’
1393 1792 1504 1859 καὶ
1550 1791 1620 1859 ν’
1670 1794 2016 1863 ἐνιαυτῶν.
2078 1792 2346 1879 [ἑαυτὸν
2384 1797 2458 1863 ἐν
2570 1810 2576 1815 “

153 1901 246 1989 τῷ
293 1898 486 1991 τάφῳ
535 1896 841 1987 ἐμβαλὼν
883 1899 995 1966 καὶ
1047 1895 1589 1986 άποκαρτερήσας
1639 1899 1755 1968 διὰ
1800 1899 1875 1970 τὸ
1931 1904 2333 1989 συνέχεσθαι
2378 1914 2457 1993 τῇ
2488 1919 2539 1959 15

153 2002 503 2092 άρθρίτιδι
531 2005 732 2098 νόσῳ.
791 2004 899 2074 διὸ
927 2006 1040 2073 καὶ
1068 2009 1206 2073 τῶν
1235 2010 1583 2091 συγγενῶν
1609 2008 1720 2075 καὶ
1756 2014 1979 2095 φίλων
2004 2008 2456 2097 θρηνούντων

153 2113 416 2199 λέγεται
453 2117 666 2181 εἰπεῖν
697 2111 880 2200 ’πρὸς
914 2108 1160 2193 αὐτοὺς
1197 2111 1320 2181 τὸν
1358 2114 1733 2200 Πολέμωνα
1781 2113 1967 2183 ‘dove
2013 2142 2128 2202 μοι
2173 2118 2455 2205 [ἕτερον]

159 2223 354 2306 σῶμα
379 2220 492 2288 καὶ
521 2219 1064 2308 μετεμβήσομαι’.
1107 2220 1218 2287 καὶ
1245 2233 1386 2299 τοῖς
1417 2224 1671 2304 ἰατροῖς
1698 2220 1804 2288 ἐπὶ
1834 2225 2059 2313 συχνῷ
2092 2223 2456 2308 τέμνουσιν

156 2324 372 2395 αὐτὸν
411 2332 636 2414 ἔλεγεν
669 2328 1039 2415 ’ἐκτέμνετε
1065 2322 1182 2405 τὰς
1211 2327 1619 2414 Πολέμωνος
1645 2332 1961 2413 λατομίας
1988 2324 2081 2407 ὥς
2104 2327 2455 2415 τάχιστα’.]

335 2437 560 2504 DOLI.
631 2444 709 2502 Π
721 2462 756 2503 ο
778 2442 816 2502 λ
838 2437 875 2502 έ
887 2461 934 2521 μ
955 2460 1068 2500 ων
1126 2430 1160 2500 ὁ
1218 2431 1571 2519 νεώτερος,
1628 2432 1967 2521 σοφιστής.
2056 2435 2290 2522 γέγονε
2344 2438 2455 2505 καὶ
2485 2452 2537 2491 20

159 2540 366 2621 αὐτὸς
415 2542 520 2609 ἐπὶ
565 2542 912 2630 Κομόδου.

301 2719 330 2766 1
381 2713 453 2766 de
491 2712 826 2781 Asclepiade
878 2712 947 2765 of.
986 2712 1175 2779 Βοιὼ,
1223 2710 1291 2765 de
1331 2709 1482 2765 Suid.
1520 2728 1577 2779 p.
1612 2714 1716 2763 459
1858 2716 1891 2764 8
1939 2710 2037 2764 καὶ
2081 2708 2345 2781 διήκουσε
2387 2742 2459 2751 --

157 2795 306 2851 Παν.
356 2797 458 2849 aut
502 2792 744 2848 delenda
781 2794 879 2845 aut
924 2791 1282 2845 scribendum
1319 2784 1376 2844 δ’
1409 2784 1588 2842 αὐτοῦ
1635 2784 1665 2842 ὃ
1707 2784 1919 2853 Ῥόδιος
1958 2793 2270 2853 Παναίτιος
2314 2792 2456 2846 coni.

159 2873 400 2927 Ionsius
437 2871 528 2939 (cf.
559 2872 772 2926 Preller
798 2890 851 2940 p.
885 2873 966 2940 7),
1002 2871 1234 2925 nomina
1264 2868 1551 2924 Posidonii
1588 2870 1644 2923 et
1672 2868 1990 2924 Polemonis
2029 2870 2261 2926 confusa,
2295 2874 2460 2942 putat

154 2952 510 3020 Gutschmid‚
549 2947 955 3022 Ἀριστοφάνει,
996 2942 1063 3004 οὗ
1099 2951 1198 3005 καὶ
1237 2947 1523 3021 διήκουσε,
1562 2952 1661 3004 καὶ
1697 2951 1772 3020 τῷ
1804 2948 1996 3021 Ῥοδίῳ
2027 2953 2173 3005 Παν.
2203 2952 2373 3007 Daub

156 3038 189 3085 4
226 3028 298 3087 τὰ
339 3028 482 3101 πρὸς
513 3028 732 3086 Ἀδαῖον
769 3032 868 3084 καὶ
910 3026 1247 3101 (Ἀντίγονον
1291 3032 1521 3101 supplet
1554 3032 1909 3101 Bernhardy)
1954 3033 2086 3100 post
2128 3030 2457 3101 περιήγησιν

158 3113 291 3167 add.
321 3118 368 3164 V
407 3112 497 3180 (cf.
527 3113 731 3167 Athen.
771 3112 848 3165 lX
874 3130 928 3181 p.
961 3114 1116 3181 410),
1155 3110 1253 3166 sed
1291 3111 1429 3165 olim
1466 3113 1599 3165 ante
1631 3113 1838 3173 κτίσεις
1872 3110 2045 3165 fuisse
2074 3111 2460 3182 coniungenda
2488 3120 2512 3143 ⁸

156 3210 286 3247 cum
325 3192 514 3247 verbis
563 3192 795 3246 seclusis
843 3188 1033 3244 αὐτῶν
1075 3192 1306 3258 κτίσεις,
1353 3208 1589 3260 quorum
1635 3190 1779 3245 illud
1828 3194 2151 3260 corruptum
2200 3195 2349 3247 esset
2392 3209 2459 3246 ex

149 3266 482 3341 Ἀντίγονον,
520 3273 628 3327 hoc
667 3271 1038 3340 adscriptum,
1072 3272 1139 3323 ut
1174 3272 1412 3326 lectores
1439 3272 1617 3326 verba
1642 3266 1712 3325 τά
1746 3302 1812 3311 —-
1846 3267 2152 3341 Ἀντίγονον
2182 3275 2315 3327 ante
2347 3275 2460 3327 κτί-

155 3369 274 3415 σεις
322 3352 670 3421 supplerent,
719 3350 937 3406 censuit
973 3350 1296 3405 Gutschmid
1473 3359 1506 3405 6
1544 3346 1758 3419 αὐτῶν,
1799 3353 2006 3414 κτίσεις
2045 3370 2113 3407 ex
2152 3352 2288 3407 Par.
2328 3352 2457 3405 add.

155 3431 460 3499 Kastermt,
501 3448 609 3489 om.
647 3434 792 3501 vuly.
830 3432 983 3487 Eud.
1023 3430 1130 3484 del.
1164 3431 1487 3485 Gutschmid
1605 3428 1827 3484 πόλεων
1862 3433 1993 3501 post
2018 3432 2227 3485 Λακεδ.
2269 3449 2374 3485 om.
2413 3437 2460 3483 V

156 3508 420 3565 πινάκων
439 3512 731 3567 Reinesius
758 3512 917 3583 ναῶν
935 3512 1260 3566 Gutschmid
1287 3512 1491 3574 κτίσεις
1521 3532 1566 3565 τ.
1599 3508 1661 3565 ἐν
1688 3517 1752 3565 Λ.
1781 3515 1903 3566 πολ.
1927 3511 2253 3579 dubitanter
2270 3514 2460 3580 Daub,

157 3609 503 3661 quamquam
530 3610 643 3648 non
670 3592 955 3647 diversum
985 3608 1102 3646 esse
1131 3609 1167 3645 a
1191 3592 1337 3647 libro
1356 3592 1484 3659 περὶ
1505 3612 1551 3647 τ.
1576 3588 1639 3646 ἐν
1658 3593 1867 3647 Λακεδ.
1890 3586 2283 3660 ἀναθημάτων
2300 3595 2461 3661 patet

303 3671 446 3726 DCL
483 3674 636 3728 Eud.
675 3692 730 3742 p.
761 3678 881 3726 590.
958 3672 1038 3727 cf.
1078 3690 1128 3726 v.
1174 3667 1518 3742 Ἀριστείδης.
1592 3672 1675 3726 De
1718 3670 2121 3725 additamentis
2166 3670 2282 3725 dixi
2316 3673 2458 3726 Mus.

154 3752 337 3809 Rhen.
372 3754 409 3807 l.
439 3770 485 3807 c.
595 3760 627 3807 9
665 3751 843 3822 ἤγουν
881 3785 947 3793 -
985 3754 1216 3825 ποταμῷ
1257 3769 1364 3808 om.
1393 3753 1546 3807 Eud.
1670 3758 1735 3806 12
1773 3752 1873 3805 καὶ
1909 3747 2033 3822 μετ’
2076 3746 2253 3806 αὐτὸν
2284 3760 2459 3807 om.V

159 3827 568 3903 Δημοκράτους
605 3849 711 3886 om.
745 3827 971 3900 ἐγένετο
999 3837 1046 3883 V
1159 3837 1225 3884 14
1264 3828 1342 3885 ὢν
1372 3835 1505 3902 post
1534 3828 1613 3887 ἐν.
1645 3832 1773 3888 add.
1803 3833 1974 3887 Daub
2086 3839 2151 3887 15
2188 3834 2329 3889 haec
2356 3834 2459 3888 flu-

158 3914 364 3966 xerunt
399 3929 464 3966 ex
493 3912 757 3966 Philostr.
786 3911 900 3966 Vit.
931 3912 974 3979 1,
1003 3916 1070 3964 25
1101 3913 1176 3980 (p.
1206 3918 1310 3966 233
1338 3912 1548 3982 Kays.)‚
1586 3914 1733 3968 unde
1763 3913 1999 3967 fortasse
2028 3914 2153 3969 tota
2177 3914 2299 3968 vita
2325 3932 2459 3984 pen-

163 3991 262 4046 det
381 3999 446 4047 17
487 3990 681 4061 ἕτερον
710 4009 836 4045 oum
865 3990 1129 4045 Philostr.
1159 3984 1267 4046 del.
1297 3993 1633 4063 Bernhardy
1744 3999 1807 4048 18
1848 3989 2056 4062 συχνὸν
2090 3994 2455 4049 HemsterhuS.

301 4071 471 4127 DCLI
498 4071 752 4125 Eundem
772 4072 1011 4127 fortasse
1031 4090 1151 4129 esse
1172 4091 1299 4128 cum
1318 4091 1384 4129 eo
1405 4074 1728 4142 Polemone,
1756 4090 1923 4141 quem
1944 4072 2198 4126 laudavit
2214 4072 2457 4127 Lauren-

164 4150 272 4205 tius
310 4152 513 4221 Lydus,
551 4153 620 4205 de
653 4152 803 4221 Mag.
829 4152 935 4219 ΙΙΙ,
959 4157 1028 4207 46
1069 4151 1340 4221 Πολέμων
1390 4148 1453 4206 ἐν
1500 4150 1725 4223 πέμπτη
1770 4148 2117 4220 Ἐξηγήσεων
2165 4153 2263 4221 τῆς
2310 4170 2457 4205 κατα

165 4227 462 4286 Λουκανόν
499 4228 600 4285 τὸν
628 4227 912 4301 Ρωμαίων
962 4227 1250 4301 ἐμφυλίων
1289 4234 1616 4303 συγγραφῆς
1657 4233 1882 4302 putavit
1911 4232 2261 4302 Bernhardy,
2308 4232 2460 4299 quod

164 4310 258 4363 vix
292 4311 585 4380 probabile
615 4314 704 4365 est
809 4318 878 4365 20
906 4312 1006 4365 καὶ
1037 4310 1250 4367 delevit
1275 4315 1577 4380 Kuster‚w8
1617 4313 1714 4367 sed
1752 4312 1821 4366 cf.
1852 4312 2073 4379 Rohde,
2108 4311 2248 4366 Mus.
2278 4310 2456 4367 Rhen.

175 4389 401 4445 XXXIV
429 4409 483 4461 p.
513 4396 618 4444 620
689 4388 1029 4462 Κομωδῳῗ
