3025 4892
563 174 692 236 114
1495 138 1961 226 HESYCHIUS.‘

560 324 690 400 οὗν
737 334 918 401 ἐστιν
955 334 1190 419 ἔτερος.
1264 334 1558 422 γέγραφε
1598 330 1672 398 δὲ
1707 335 1946 399 ταῦτα·
1994 329 2193 397 λύσιν
2231 332 2567 417 ἐρωτικῶν
2606 335 2844 397 παθῶν

549 438 617 506 δ’
663 439 773 506 καὶ
816 428 1120 518 Ἀττικὰς
1153 441 1448 523 ἱστορίας
1495 436 1615 519 ις’.

727 546 1180 614 CCCCXXIV.
1255 550 1684 623 Καικίλιος
1738 542 2147 629 Σικελιώτης
2207 551 2629 624 Καλακτῖνος
2674 547 2841 631 (Κα-

550 653 752 739 λάκτη
812 652 886 719 δὲ
931 651 1125 731 πόλις
1170 652 1545 739 Σικελίας),
1604 650 1822 737 ῥήτωρ
1872 648 2317 737 σοφιστεύσας
2364 654 2437 719 έν
2474 650 2692 739 Ῥώμῃ
2738 652 2845 718 ἐπὶ

497 761 522 801 ⁵
549 764 672 828 τοῦ
711 764 1060 846 Σεβαστοῦ
1089 763 1432 846 Καίσαρος
1475 758 1612 841 [καὶ
1652 759 1772 836 ἕως
1808 755 2196 845 Ἀδριανοῦ]
2238 757 2351 824 καὶ
2390 756 2521 825 άπὸ
2560 757 2844 842 δούλων,

549 895 641 946 ως
686 892 859 945 τινες
907 865 1326 951 ἱστορήκασι,
1372 865 1484 931 καὶ
1530 863 1857 953 πρότερον
1904 863 2025 951 μὲν
2073 864 2489 951 καλούμενος
2530 863 2842 951 Ἀρχάγα-

549 984 709 1059 θος,
758 971 880 1058 τὴν
928 972 1001 1039 δὲ
1050 971 1255 1053 δόξαν
1298 969 1642 1051 Ἰουδαῖος.
1735 976 1964 1057 βιβλία
2013 970 2087 1038 δὲ
2132 968 2343 1039 αὐτοῦ
2390 972 2627 1039 πολλά·
2674 969 2837 1037 κατὰ

556 1084 850 1168 Φρυγῶν
901 1078 969 1165 β’
1021 1084 1184 1163 [ἔστι
1235 1078 1307 1146 δὲ
1353 1076 1519 1146 κατὰ
1568 1082 1925 1165 στοιχεῖον]
1977 1074 2313 1158 ἀπόδειξις
2358 1081 2481 1145 τοῦ
2530 1081 2841 1165 εἰρῆσθαι

550 1192 772 1255 πᾶσαν
823 1188 1002 1268 λέξιν
1060 1180 1687 1275 καλλιρρημοσύνης
1743 1186 1909 1273 (ἔστι
1967 1182 2041 1251 δὲ
2101 1184 2337 1272 ἐκλογὴ
2386 1185 2626 1265 λέξεων
2680 1182 2844 1252 κατὰ

473 1296 522 1333 ¹⁰
554 1294 938 1383 στοιχεῖον),
986 1295 1332 1381 σύγκρισις
1371 1294 1864 1378 Δημοσθένους
1907 1292 2019 1358 καὶ
2068 1294 2475 1379 Κικέρωνος,
2520 1298 2655 1360 τίνι
2680 1296 2843 1382 ὓδια-

548 1404 736 1489 φέρει
793 1398 828 1468 ὁ
881 1399 1168 1480 Ἀττικὸς
1225 1404 1411 1486 ζῆλος
1464 1403 1588 1465 τοῦ
1638 1396 1983 1483 Ἀσιανοῦ,
2042 1398 2192 1486 περὶ
2246 1403 2369 1466 τοῦ
2430 1401 2842 1487 χαρακτῆρος

546 1511 682 1575 τῶν
731 1503 782 1573 ι’
831 1509 1154 1595 ῥητόρων,
1206 1506 1553 1592 σύγκρισις
1600 1507 2095 1592 Λημοσθένους
2138 1506 2251 1572 καὶ
2288 1509 2638 1592 Αἰσχίνου,
2680 1506 2832 1593 περὶ

549 1618 1068 1701 Δημοσθένους,
1124 1628 1305 1682 ποῖοι
1363 1610 1572 1679 αὐτοῦ
1626 1611 1893 1697 γνήσιοι
1948 1610 2140 1697 λόγοι
2194 1613 2305 1679 καὶ
2363 1624 2547 1680 ποῖοι
2619 1610 2843 1695 νόθοι,

547 1721 700 1806 περὶ
761 1725 898 1788 τῶν
962 1717 1123 1787 καθ’
1193 1724 1498 1806 ἱστορίαν
1562 1712 1602 1805 ἢ
1674 1715 1829 1807 παρ’
1902 1720 2202 1806 ἱστορίαν
2266 1721 2635 1808 εἰρημένων
2693 1732 2834 1795 τοῖς

466 1822 515 1859 ¹⁵
544 1818 821 1906 ῥήτορσι
880 1819 990 1885 καὶ
1049 1817 1218 1885 ἄλλα
1271 1824 1561 1884 πλεῖστα.
1656 1818 1821 1899 [πῶς
1876 1814 1951 1882 δὲ
2006 1814 2333 1897 Ἰουδαῖος
2400 1816 2613 1904 σοφὸς
2658 1814 2829 1884 οὕτω

549 1917 631 1985 τὰ
672 1914 1056 2002 Ἑλληνικά,
1104 1918 1301 1983 τοῦτο
1350 1913 1717 2001 θαυμάζω]

727 2022 1149 2091 CCCCXXV.
1223 2028 1537 2107 Καῖσαρ
1594 2022 1972 2109 Τιβέριος.
2044 2026 2333 2111 ἔγραψεν
2384 2022 2837 2109 ἐπιγράμματα

551 2121 660 2187 καὶ
707 2120 949 2206 τέχνην
997 2119 1375 2208 ῥητορικήν.

697 2269 724 2316 1
764 2262 1015 2333 γέγραφε
1046 2268 1092 2315 Δ
1123 2260 1336 2332 ἔγραφε
1358 2268 1403 2315 V
1435 2258 1649 2331 ἔγραψε
1678 2260 1822 2329 vuly.
1924 2258 2083 2315 λύσιν
2115 2256 2394 2331 ἐρωτικῶν
2424 2262 2631 2316 παθῶν
2660 2266 2706 2313 Δ
2726 2265 2835 2314 ΔΙᾱ.

553 2342 703 2419 Eud.
742 2344 953 2397 παθῶν
992 2360 1099 2399 om.
1126 2347 1339 2395 VBEH
1377 2337 1556 2403 ἰάσεις
1583 2340 1916 2409 πυρωτικῶν
1944 2344 2087 2396 καθ’.
2112 2343 2323 2396 Mallem·
2360 2340 2631 2411 συλλογὴν
2662 2338 2837 2412 ἔρωτι-

517 2467 524 2475 .
551 2425 667 2478 κῶν
695 2424 1030 2493 Bernhardy
1058 2416 1256 2475 ἅλυσιν
1288 2418 1364 2486 ἐρ.
1395 2440 1452 2474 π.
1483 2420 1768 2489 ingeniose
1798 2420 1940 2475 coni.
1961 2420 2167 2491 Rohde,
2198 2421 2290 2476 Gr.
2314 2422 2530 2476 Roman
2553 2422 2590 2477 1.
2616 2439 2662 2480 c.
2682 2424 2790 2477 not.
2812 2430 2835 2475 1
2916 2444 2924 2447 “

551 2510 583 2557 2
622 2500 703 2557 ιδ’
734 2509 789 2555 H
815 2509 934 2557 Ald.
964 2503 1115 2557 Eud.
1155 2499 1216 2557 δ’
1256 2506 1458 2554 ABVE
1571 2496 1634 2554 ἐν
1672 2501 1905 2570 βιβλίοις
1940 2495 2022 2556 ις’
2054 2500 2205 2556 Eud.
2336 2496 2571 2555 Ἀττικαὶ
2610 2497 2837 2571 ’ἱστορίαι

556 2584 626 2638 ad
662 2584 886 2637 fabulas
925 2582 1164 2637 eroticas
1203 2584 1455 2651 spectare
1491 2581 1697 2649 pussant
1733 2578 1938 2633 Μιῖῖῑεν
1974 2578 2025 2632 ΙΙ
2062 2598 2115 2649 p.
2154 2587 2189 2634 4
2228 2584 2287 2635 eb
2323 2581 2647 2637 G'utschmid

697 2661 1060 2718 CCCCXXIV
1098 2662 1252 2717 Eud.
1289 2680 1347 2731 p.
1387 2666 1508 2715 439.
1586 2659 1667 2715 Cf.
1705 2660 1894 2725 Daub,
1931 2658 2087 2715 Stud.
2118 2679 2171 2729 p.
2202 2666 2269 2715 57
2294 2677 2409 2729 seq.
2524 2668 2556 2715 3
2594 2665 2839 2723 Κεκίλιος

552 2746 702 2797 recte
732 2748 882 2796 ABE
923 2742 1146 2811 scripsit
1174 2742 1449 2796 Westerm.
1487 2758 1685 2795 vocem
1716 2757 1823 2795 om.
1854 2744 1909 2791 m
1940 2743 2292 2803 Καλακτῖνος
2330 2742 2387 2794 et
2413 2737 2681 2811 Καλάκτη
2709 2760 2838 2797 corr.

552 2824 875 2877 Holste‘nius
899 2818 1292 2876 Καλλαντιανό
1299 2842 1326 2883 ς
1345 2823 1426 2891 (et
1445 2818 1777 2889 Κάλλαντις)
1801 2822 1945 2891 vuly.
1962 2818 2351 2883 Καλλατιανός
2369 2827 2462 2874 ΒΕ
2494 2820 2839 2885 Καλατιανός

552 2908 597 2954 V
627 2899 968 2963 καλατιανός
996 2903 1076 2969 (eh
1104 2899 1388 2970 κάλαντις)
1410 2902 1561 2955 Eud.
1664 2906 1695 2953 5
1724 2900 1897 2954 verba
1923 2899 2021 2953 καὶ
2052 2898 2156 2963 ἕως
2179 2896 2466 2971 Ἀδριανοῦ
2496 2903 2663 2956 fidem
2693 2920 2836 2957 exce-

552 2983 683 3036 dere
711 2982 856 3037 vidit
873 2982 1162 3049 Καείετιιε,
1191 2982 1383 3049 itaque
1404 2979 1661 3049 expunxi,
1678 2977 1773 3041 εἷς
1792 2980 1903 3033 τῶν
1927 2978 2032 3041 ἕως
2055 2974 2192 3050 Ἆδρ.
2213 2981 2459 3036 tentavit
2475 2982 2667 3051 Daub,
2696 2979 2730 3051 ἢ
2752 2982 2838 3037 καὶ

553 3060 767 3125 πόλεως
791 3058 1055 3132 Ἀδρανοῦ
1076 3063 1396 3117 Gutschmid
1423 3061 1523 3115 καὶ
1550 3054 1663 3114 άπὸ
1696 3057 1914 3115 δούλων
1936 3092 2001 3100 —
2024 3056 2347 3132 ἷστορήκασι
2369 3080 2474 3119 om.
2495 3064 2672 3130 Eud.;
2703 3066 2836 3119 cete-

551 3162 674 3197 rum
704 3142 771 3199 cf.
794 3142 1183 3207 Wachsmut-h,
1215 3142 1403 3211 symb.
1425 3160 1478 3211 p.
1505 3146 1604 3195 141
1718 3146 1749 3194 8
1783 3140 1897 3195 ἔστι
1926 3138 1989 3196 δὲ
2020 3139 2165 3195 κατὰ
2196 3150 2471 3212 στοιχεῖον
2497 3146 2695 3213 utpote
2724 3160 2836 3213 per-

553 3240 745 3292 peram
773 3241 839 3277 ex
871 3224 1198 3291 insequente
1226 3222 1370 3277 libro
1398 3220 1703 3291 repetitum
1733 3223 1973 3291 expunxi
2060 3216 2228 3275 ἄποδ.
2258 3219 2718 3293 καλορημοσύνης
2745 3223 2835 3277 τοῦ

555 3300 819 3370 εἰρῆσθαι
849 3304 1039 3356 πᾶσαν
1067 3300 1246 3371 λέξιν,
1283 3300 1397 3356 ἔστι
1429 3334 1490 3341 -
1525 3308 1800 3369 στοιχεῖον
1836 3303 2120 3357 Hermann
2150 3297 2351 3371 ἐκλογὴ
2382 3300 2605 3370 λέξεων,
2636 3302 2752 3358 ε”στι
2778 3302 2834 3357 δὲ

552 3377 844 3447 ἀπόδειξις
880 3384 979 3436 τοῦ
1007 3388 1043 3449 †
1071 3384 1260 3437 πᾶσαν
1298 3381 1447 3448 λέξιν
1480 3379 1997 3451 καλλιρρημοσύνης
2033 3378 2179 3435 κατὰ
2210 3388 2484 3450 στοιχεῖον
2512 3382 2836 3452 Bernhardy

553 3456 1032 3527 άποδείξειςΕτιά.
1057 3481 1200 3531 quae
1217 3480 1322 3517 om.
1338 3458 1538 3530 ἐκλογὴ
1562 3461 1786 3529 λέξεων,
1805 3457 2835 3531 Kauaquomjvn„Wohlredenheiv‘

553 3541 780 3595 titulum
810 3543 980 3597 fuisse
1011 3543 1292 3612 opusculi,
1321 3543 1378 3595 in
1407 3558 1517 3609 quo
1546 3540 1621 3595 ad
1647 3541 1969 3595 facundiam
1998 3542 2138 3595 bene
2168 3541 2534 3596 exercendam
2560 3543 2835 3597 inducere-

552 3624 661 3692 tur,
697 3622 920 3692 putavit
947 3622 1162 3689 Rohde,
1203 3622 1294 3677 Gr.
1324 3622 1544 3675 Roman
1572 3639 1624 3689 p.
1658 3627 1761 3675 326
1790 3623 1903 3675 not.
2016 3627 2047 3675 9
2086 3621 2194 3674 hoc
2230 3620 2451 3675 lexicon
2487 3622 2751 3693 laudatur
2785 3622 2835 3675 in

552 3702 799 3756 fontibus
829 3701 1038 3757 Suidae
1147 3708 1214 3756 10
1253 3698 1536 3771 σύγκρισις
1566 3734 1629 3739 -
1662 3697 1913 3771 ῥητόρων
1952 3718 2057 3755 om.
2087 3706 2180 3753 BE
2294 3708 2355 3755 11
2387 3702 2487 3755 τοῦ
2528 3702 2655 3756 add.
2694 3706 2791 3755 Av

559 3790 622 3838 12
660 3786 771 3838 tria
807 3786 1059 3839 extrema
1095 3781 1326 3836 Caecilii
1375 3781 1585 3851 scripta
1629 3784 1817 3851 partes
1862 3782 1993 3835 libri
2029 3781 2157 3849 περὶ
2194 3782 2295 3835 τοῦ
2344 3782 2698 3850 χαρακτῆρος
2736 3782 2835 3835 τῶν

553 3861 588 3916 ι’
629 3861 881 3933 ῤἠτόρων
917 3863 1090 3916 fuisse
1126 3863 1294 3931 patah
1330 3862 1499 3916 Daub
1540 3860 1665 3915 add.
1706 3861 1803 3915 καὶ
1840 3862 1969 3915 ante
2006 3867 2163 3914 ποῖοι
2199 3856 2378 3915 αὐτοῦ
2537 3868 2602 3915 15
2644 3861 2833 3916 Suidae

545 3944 998 3997 additamentum
1027 3942 1145 4003 πῶς
1175 3940 1238 3996 δὲ
1271 3937 1543 4003 Ἰουδαῖος
1573 3937 1750 4008 σοφὸς
1778 3934 1925 3994 οὕτω
1958 3938 2027 3995 τὰ
2047 3936 2345 4009 Ἑλληνικὰ
2374 3941 2539 3995 τοῦτο
2568 3937 2833 4011 θαυμάζω

553 4024 746 4078 Eud.*
785 4023 874 4093 (cf.
904 4023 1081 4077 Puloh
1115 4042 1170 4092 p.
1203 4026 1316 4091 76),
1357 4020 1507 4091 quod
1544 4020 1747 4090 recepi,
1784 4021 1902 4083 πῶς
1940 4020 2003 4075 δὲ
2038 4016 2309 4083 Ἰουδαῖος
2345 4022 2511 4076 τοῦτο
2548 4017 2834 4092 θαυμάζω,

548 4098 824 4165 Ἰουδαῖος
871 4099 1048 4171 σοφὸς
1093 4100 1163 4156 τὰ
1207 4098 1503 4171 Ἑλληνικά
1550 4107 1647 4153 VE
1684 4104 1801 4153 Ald.
1858 4100 1977 4162 πῶς
2023 4097 2087 4153 δὲ
2138 4096 2411 4163 Ἰουδαῖος
2461 4099 2741 4171 θαυμάζω
2780 4104 2832 4151 Δ.

553 4184 722 4237 τοῦτο
763 4180 826 4237 δὲ
865 4179 1172 4254 θαυμάζω,
1210 4183 1329 4245 πῶς
1361 4178 1636 4244 Ἰουδαῖος
1674 4177 1849 4250 σοφὸς
1886 4176 1954 4235 τά
1988 4176 2599 4248 “Ελληνικά’Κιιείεντιε

645 4262 1029 4386 3gCCCXXV
1068 4280 1174 4317 om.
1207 4264 1479 4317 Westerm.
1510 4263 1663 4317 Eud.
1694 4281 1747 4331 p.
1778 4268 1900 4318 443.
1949 4262 2210 4317 Tracssavi
2238 4260 2375 4318 Mus,
2408 4262 2579 4318 Rhen.
2611 4260 2833 4317 XXXVI

553 4348 604 4399 p.
