3025 4892
1115 230 1545 290 HESYOHIUS.
2390 229 2473 292 31

168 396 287 464 καὶ
357 398 640 486 Μάρκου
699 397 808 465 καὶ
851 394 1257 464 Ἀντωνίνου
1309 399 1446 464 τῶν
1499 393 1866 480 βασιλέων,
1920 392 2031 458 καὶ
2086 387 2478 478 ἀξιωμάτων

171 503 570 590 μεταλαβὼν
635 504 744 572 καὶ
806 505 1032 592 μέχρις
1097 499 1307 571 αὐτοῦ
1373 503 1494 570 τοῦ
1560 497 1957 584 ὑπατεῦσαι,
2022 495 2201 565 καθά
2268 517 2476 583 φησιν

159 609 576 696 Ἑλικώνιος,
615 611 726 678 διὰ
763 609 888 697 τὴν
925 614 1042 697 τῆς
1077 613 1383 688 παιδείας
1422 605 1782 691 δεξιότητα.
1851 611 2095 693 ἔγραψε
2137 603 2210 672 δὲ
2251 609 2477 690 βιβλία

177 720 574 805 παμπληθῆ.

369 817 556 892 CXV.
625 823 1202 910 Ἀρτεμίδωρος
1239 819 1631 901 Δαλδιανός
1677 818 1899 909 (πόλις
1936 822 2017 887 δέ
2049 821 2185 886 ἐστι
2226 823 2481 897 Λυδίας
2506 847 2531 887 5

171 928 214 1018 ἡ
259 930 582 1021 Δάλδις),
625 929 1018 1016 φιλόσοφος.
1095 933 1384 1015 ἔγραψεν
1428 925 1917 1016 ὀνειροκριτικὰ
1956 929 2031 994 ἐν
2066 931 2353 1012 βιβλίοις
2393 927 2473 1011 δ’,

177 1036 680 1106 οίωνοσκοπικὰ
725 1036 834 1103 καὶ
882 1034 1368 1123 χειροσκοπικά.

367 1146 588 1212 CXVI.
661 1143 1110 1230 Ἀρχέδικος
1145 1139 1446 1229 κωμικός.
1521 1145 1658 1210 τῶν
1697 1141 2055 1229 δραμάτων
2094 1137 2305 1209 αὐτοῦ
2342 1141 2479 1208 ἐστι

182 1251 542 1339 Θησαυρὸς
603 1251 714 1318 καὶ
774 1248 1300 1337 Διαμαρτάνων,
1367 1244 1458 1327 ὥς
1505 1245 1867 1336 Ἀθήναιός
1932 1269 2141 1335 φησιν
2208 1249 2283 1315 ἐν
2343 1261 2485 1326 τοῖς

182 1369 818 1445 Δειπνοσοφισταῖς.
2512 1381 2563 1420 ιο

365 1467 633 1533 CXVII.
703 1459 1118 1591 Ἀρχέλαος
1169 1459 1680 1549 Ἀπολλοδωρου
1734 1461 1776 1548 ἢ
1836 1461 2209 1546 Μῦδωνος,
2266 1461 2487 1547 Μιλή-

181 1590 330 1653 σιος
368 1561 768 1659 φιλόσοφος,
807 1567 1090 1656 φυσικὸς
1125 1566 1250 1653 τὴν
1289 1572 1551 1653 αιρεσιν
1586 1572 1881 1654 κληθείς,
1920 1595 2021 1637 οτι
2061 1565 2191 1636 ἀπὸ
2226 1568 2486 1646 Ἰωνίας

181 1703 451 1767 πρωτος
503 1676 626 1764 τὴν
685 1681 1130 1764 φυσιολογίαν
1179 1672 1459 1761 ἤγαγεν,
1516 1673 1970 1761 Ἀναξαγόρου
2016 1672 2320 1761 μαθητὴς
2364 1678 2486 1742 τοῦ

181 1789 674 1872 Κλαζομενίου·
711 1787 834 1852 τοῦ
872 1781 948 1850 δὲ
985 1781 1290 1869 μαθητὴς
1321 1780 1705 1869 Σωκράτης,
1744 1783 1816 1848 οἱ
1848 1779 1925 1848 δὲ
1958 1781 2069 1848 καὶ
2104 1778 2487 1867 Εὐριπίδην

183 1899 418 1980 φασίν.
511 1891 824 1970 συνέταξε
871 1888 946 1957 δὲ
993 1894 1442 1975 φυσιολογίαν
1485 1890 1599 1956 καὶ
1645 1887 1907 1970 ἐδόξαζε
1952 1885 2028 1956 τὸ
2075 1891 2341 1954 δίκαιον
2376 1887 2487 1954 καὶ
2518 1913 2569 1954 15

182 1997 468 2088 αἰσχρὸν
511 1996 592 2066 οὐ
629 1996 830 2084 φύσει
877 1993 1072 2080 εἶναι,
1121 1991 1288 2063 ἀλλὰ
1332 1994 1538 2087 νόμῳ.
1622 1997 1936 2075 συνέταξε
1972 1995 2084 2062 καὶ
2122 1991 2290 2063 ἄλλα
2318 1994 2488 2064 τινά.

365 2105 660 2172 CXVIII.
747 2099 817 2168 ’A
836 2130 876 2188 ρ
896 2129 934 2189 χ
955 2107 986 2168 ί
1000 2108 1043 2188 β
1064 2131 1086 2169 ι
1109 2129 1144 2169 ο
1170 2130 1202 2181 ς
1248 2097 1736 2186 Ἀπολλωνίου,
1801 2102 2270 2189 γραμματικός.
2352 2106 2487 2170 τῶν

195 2212 635 2298 Καλλιμάχου
681 2208 1194 2297 ἐπιγραμμάτων
1240 2208 1571 2295 ἐξήγησιν.

372 2319 598 2385 CXIX.
640 2314 762 2405 Ἀρ
773 2322 899 2404 χίβ
917 2343 1037 2396 ιος
1065 2321 1491 2403 Πτολεμαίου
1522 2314 1897 2395 Λευκάδιος
1932 2310 1972 2401 ἢ
1998 2311 2489 2403 Ἀλεξανδρεύς,

187 2425 641 2514 γραμματικὸς
711 2427 848 2491 τῶν
923 2423 1047 2502 ἕως
1127 2425 1465 2511 Τραϊανοῦ
1539 2425 1663 2490 τοῦ
1733 2427 2076 2508 Καίσαρος
2139 2425 2212 2490 ἐν
2266 2419 2485 2512 Ῥώμη
2516 2455 2570 2494 20

192 2530 730 2599 παιδευσάντων.

371 2638 563 2707 CXX.
631 2635 701 2703 A
713 2639 1090 2724 ρχιγενης
1142 2641 1500 2722 Φιλίππου,
1544 2633 1869 2724 Ἀπαμεὺς
1914 2643 2192 2725 Συρίας,
2241 2636 2489 2726 ἰατρός,

196 2743 502 2831 μαθητὴς
529 2743 916 2831 Ἀγαθίνου,
966 2743 1071 2811 ἐπὶ
1117 2747 1456 2832 Τραϊανοῦ
1503 2742 1859 2827 ίατρεύσας
1904 2745 1981 2812 ἐν
2006 2741 2247 2832 Ρωμῃ,
2298 2743 2492 2830 βιοὺς

197 2857 310 2938 ἔτη
357 2851 461 2939 ξγ’
509 2853 620 2919 καὶ
668 2850 1059 2939 συγγράψας
1103 2848 1314 2918 πολλὰ
1365 2851 1625 2937 ἰατρικά
1669 2877 1741 2918 τε
1785 2850 1897 2917 καὶ
1943 2854 2211 2937 φυσικά.

373 2961 610 3025 XXXI.
663 2957 1130 3046 Ἀρχιμήδης
1183 2956 1616 3044 Τραλλιανός,
1654 2956 2045 3045 φιλόσοφος.
2120 2958 2483 3047 ὑπόμνημα
2513 2990 2565 3030 25

202 3069 296 3145 εἰς
323 3061 654 3152 Ὅμηρον,
701 3064 837 3156 Ικαὶ
883 3063 1215 3152 μηχανικά
1234 3063 1263 3153 Ι

345 3213 374 3261 1
411 3203 698 3263 Ἀντωνίου
737 3213 783 3261 Δ
815 3203 946 3264 Ἄντ.
987 3206 1084 3261 καὶ
1122 3211 1239 3261 Ma.
1277 3207 1450 3262 Daub
1604 3214 1637 3262 2
1676 3209 1773 3263 καὶ
1810 3210 1938 3265 fort.
1980 3208 2279 3264 delendum

213 3295 245 3341 3
283 3285 494 3357 ἔγραψε
536 3305 641 3343 om.
683 3287 745 3342 δὲ
786 3288 936 3346 Eud.
1846 3335 1854 3340 .

347 3366 491 3422 CXV
528 3368 680 3422 Eud.
719 3386 772 3436 p.
809 3373 906 3423 127
1057 3374 1089 3422 5
1129 3367 1366 3436 Δάλδις,
1403 3365 1565 3431 πόλις
1602 3372 1739 3426 Λυδ.
1770 3370 1922 3425 Eud.

345 3445 518 3501 CXVI
554 3447 706 3503 Eud.
743 3466 798 3517 p.
833 3454 948 3503 116.
1006 3448 1087 3502 Cf.
1118 3446 1375 3503 Meineke
1405 3449 1430 3501 I
1455 3467 1510 3518 p.
1543 3455 1671 3514 4583
1707 3448 1903 3518 Danh,
1941 3451 2011 3505 de
2052 3451 2202 3505 Suid.
2242 3469 2294 3520 p.
2326 3457 2430 3505 483

207 3536 240 3584 9
267 3528 324 3582 in
353 3528 689 3583 vocabulum
721 3531 855 3598 Θησ.
888 3529 1095 3583 desinit
1122 3528 1273 3584 Eud.
1383 3529 1586 3584 Athen.
1618 3529 1721 3584 VII
1748 3549 1802 3600 p.
1832 3536 1934 3584 292
1966 3535 2023 3585 et
2050 3536 2174 3600 294,
2203 3531 2279 3584 XI
2306 3548 2358 3599 p.
2389 3536 2493 3584 467

211 3614 274 3661 10
306 3607 572 3663 Adnectit
609 3608 809 3663 Suidas
847 3609 1085 3665 alteram
1125 3609 1424 3663 Archediei
1460 3608 1637 3665 vitam
1677 3627 1744 3665 ex
1780 3610 1977 3680 Polyb.
2012 3610 2143 3679 XII,
2185 3617 2251 3664 13
2290 3609 2493 3664 descri-

209 3690 386 3757 ptam,
425 3705 568 3756 quae
607 3688 777 3744 etiam
815 3689 876 3742 in
912 3688 1227 3744 Violarium
1263 3688 1532 3760 migravit

343 3766 542 3822 CXVlI
599 3776 661 3822 11
702 3766 985 3831 Μῦδωνος
1019 3773 1062 3821 E
1099 3786 1248 3827 man.
1278 3770 1304 3823 I
1339 3773 1400 3824 et
1433 3769 1597 3840 Diog.
1637 3770 1713 3836 11,
1756 3777 1821 3824 16
1877 3771 2150 3832 Μίδωνος
2185 3769 2330 3839 plur.
2370 3769 2494 3822 libr.

209 3851 266 3903 et
299 3849 426 3902 edd.
539 3855 605 3902 14
643 3845 963 3919 Εὐριπίδην
1002 3866 1140 3905 corr.
1181 3848 1456 3905 Kasterus
1492 3845 1808 3919 Εὐριπίδης
1843 3856 1888 3904 Δ
1927 3846 2243 3920 Εὐριπίδου
2281 3853 2424 3920 vulq.

345 3928 572 3984 cxvm
608 3930 760 3985 Eud.
799 3949 853 4000 p.
888 3936 987 3985 109
1138 3937 1202 3986 18
1243 3929 1456 4000 ἔγραψε
1497 3931 1621 3984 add.
1653 3930 1805 3987 Eud.

343 4010 517 4066 CXIX
552 4011 705 4066 Eud.
744 4029 797 4079 p.
834 4016 932 4065 109
973 4011 1069 4064 καὶ
1099 4008 1287 4080 ἕτερος
1313 4014 1444 4066 ante
1477 4007 1613 4082 Ἂρχ.
1644 4011 1770 4068 add.
1802 4011 1955 4068 Eud.
2063 4019 2132 4066 20
2173 4013 2421 4081 Τραϊνοῦ
2451 4017 2497 4065 Δ

344 4089 490 4144 CXX
527 4088 681 4145 Eud.
710 4106 764 4157 p,
800 4095 900 4145 110
1009 4096 1076 4144 22
1119 4091 1235 4144 Φιλ.
1267 4090 1363 4144 καὶ
1395 4087 1583 4161 Ἄπαμ.
1613 4096 1658 4144 Δ
1700 4093 1976 4147 Φιλίππου
2004 4090 2131 4154 υἱὸς
2166 4093 2267 4147 τοῦ
2299 4090 2494 4162 ἰατροῦ

207 4170 354 4225 Eud.
395 4171 495 4238 τῆς
530 4169 622 4224 vel
669 4165 735 4223 ἐκ
773 4171 908 4239 Συρ,
949 4168 1118 4227 Daub
1245 4167 1438 4242 ἰατροῦ
1483 4166 1668 4240 Ἀγαθ.
1709 4167 1971 4241 μαθητὴς
2008 4171 2159 4227 Eud.
2289 4177 2359 4225 24
2395 4168 2496 4241 ny‘

209 4253 354 4307 Eud.
495 4252 592 4305 καὶ
632 4248 845 4318 ἔγραψε
885 4249 1040 4305 Eud.
1992 4302 2003 4312 ,

345 4330 517 4385 CXXI
555 4331 704 4385 Eud.
745 4347 798 4399 p.
833 4337 933 4385 127
1116 4337 1184 4384 26
1231 4329 1329 4384 καὶ
1377 4333 1458 4394 εἴς
1505 4351 1662 4394 τινας
1708 4331 1809 4385 τοῦ
1849 4326 2152 4396 Πλάτωνος
2198 4329 2500 4402 διαλόγους

209 4412 329 4467 add.
372 4412 549 4477 Eud„
598 4428 740 4478 quae
787 4410 960 4465 verba
1007 4410 1077 4464 ab
1118 4413 1394 4482 Hesychio
1437 4410 1787 4466 abiudicavit
1822 4413 2020 4483 Daub,
2068 4413 2498 4468 commentarios
