3025 4892
1069 241 1494 300 HESYCHIUS.
2340 237 2423 305 57

131 409 246 473 τοῦ
293 407 367 474 ἐν
414 409 507 499 τῷ
556 404 884 497 Βοσπόρῳ
931 402 1269 490 άνάπλου,
1315 404 1467 490 περὶ
1511 402 1795 490 θρήνων
1842 401 2009 492 (ἔστι
2057 401 2131 470 δὲ
2175 406 2427 488 ποίημα

133 512 371 598 μεστὸν
403 515 844 599 ἐπικηδείων).
886 509 1390 599 [ὑπολαμβάνω,
1429 508 1533 579 ὅτι
1563 509 1931 590 Διονύσιος
1966 506 2003 578 ὁ
2032 508 2429 597 περιηγητὴς

137 618 438 700 Βιθυνὸς
483 611 569 706 ἦν
617 618 730 686 διὰ
774 617 898 687 τὸν
941 616 1242 706 ποταμὸν
1270 616 1564 705 Ῥήβαν.]

314 745 661 814 CCXVIII.
737 741 1173 822 Διονύσιος
1215 747 1592 828 Κορίνθιος
1637 740 1966 821 ἐποποιός.
2056 739 2428 829 ὑποθήκας,

141 860 331 920 Αἰτια
405 851 479 918 ἐν
551 856 788 942 βιβλίῳ
859 850 952 936 α’,
1031 847 1701 937 μετεωρολογούμενα
1782 849 1893 917 καὶ
1965 847 2429 935 καταλογάδην
2458 859 2483 900 ⁵

138 956 494 1046 ὑπόμνημα
547 962 642 1038 εἰς
686 961 1024 1042 Ησίοδον,
1074 955 1089 1047 Ι
1139 957 1536 1043 οἰκουμένης
1586 954 1982 1043 περιήγησιν
2030 952 2135 1022 δι”
2174 957 2350 1023 ἐπι-ὄν
2398 953 2432 1045 Ι.

140 1069 340 1133 ταῦτα
395 1065 470 1134 δὲ
524 1057 728 1150 εὗρον
783 1065 895 1133 καὶ
955 1067 1028 1132 ἐν
1078 1069 1426 1154 Διονυσίῳ
1473 1065 1564 1154 τῷ
1610 1060 1691 1130 τὰ
1742 1060 2035 1131 Aconum}
2080 1059 2431 1150 γράψαντι.

145 1171 416 1257 πότερος
463 1163 588 1240 οὖν
636 1169 859 1240 αὐτῶν
905 1169 1027 1240 οὐκ
1076 1169 1246 1239 οἶδα.

317 1298 595 1366 CCXIX.
678 1295 1122 1375 Διονύσιος
1176 1300 1488 1375 Σικελίας
1544 1292 1892 1381 τύραννος.
1986 1299 2232 1381 ἔγραψε
2278 1319 2433 1377 τρα-

143 1407 381 1492 γῳδίας
427 1404 564 1488 [καὶ
607 1407 988 1496 κωμῳδίας]
1045 1402 1156 1470 καὶ
1203 1400 1523 1488 ἱστορικά.
2462 1431 2514 1470 ιο

321 1531 562 1598 CCXX.
647 1527 1091 1606 Διονύσιος
1149 1525 1296 1606 υίὸς
1347 1529 1470 1593 τοῦ
1527 1531 1841 1606 Σικελίας
1892 1526 2263 1612 τυράννου,
2326 1526 2438 1594 καὶ

155 1632 350 1715 αὐτὸς
391 1635 725 1724 τύραννος
765 1636 877 1703 καὶ
906 1633 1299 1721 φιλόσοφος.
1374 1630 1720 1714 ἐπιστολὰς
1748 1634 1859 1702 καὶ
1895 1635 2043 1723 περὶ
2080 1636 2215 1701 τῶν
2253 1657 2439 1718 ποιη-

158 1743 378 1827 μάτων
415 1740 839 1831 Ἐπιχάρμου.

325 1868 601 1936 CCXXI.
677 1865 1126 1960 Διονύσιος
1153 1864 1492 1952 Μιλήσιος
1539 1864 1889 1952 ἱστορικός.
1979 1863 2059 1933 τὰ
2106 1863 2270 1932 κατὰ
2304 1873 2440 1932 Δα-

153 1988 330 2058 ρεῖον
376 1976 448 2041 ἐν
486 1980 772 2061 βιβλίοις
809 1971 890 2058 ε’,
929 1972 942 2063 Ι
981 1971 1377 2059 περιήγησιν
1414 1973 1839 2058 οἰκουμένης,
1881 1970 1895 2062 Ι
1944 1969 2243 2057 Περσικὰ
2276 1971 2439 2040 Ἰάδι
2472 1993 2522 2031 1⁵

53 2101 55 2106 ·
151 2080 553 2172 διαλέκτῳ,,Ι
609 2083 926 2169 Τρωικῶν
961 2083 1190 2166 βιβλία
1235 2077 1330 2164 γ’,
1379 2077 1658 2165 μυθικά,
1695 2077 1944 2146 κύκλον
1992 2077 2329 2166 ἱστορικὸν
2370 2081 2442 2146 ἐν

154 2191 427 2272 βιβλίοις
475 2186 531 2269 ζ’
554 2186 592 2278 Ι

52 2305 55 2310 ’
321 2313 632 2383 CCXXH.
718 2309 1160 2390 Διονύσιος
1224 2315 1675 2396 Μουσωνίου,
1730 2307 1990 2390 Ῥόδιος
2051 2305 2091 2396 ἢ
2162 2309 2443 2397 Σάμιος,

156 2419 500 2506 ἱστορικός·
575 2411 662 2506 ἦν
723 2418 796 2487 δὲ
853 2420 962 2485 καὶ
1025 2415 1239 2503 ἱερεὺς
1300 2419 1420 2484 τοῦ
1486 2417 1695 2484 ἐκεῖσε
1766 2421 1953 2504 ἱεροῦ
2014 2420 2140 2486 τοῦ
2191 2413 2445 2486 Ἡλίου.

288 2631 318 2678 2
355 2619 739 2698 ὑπολαμβάνω
779 2641 893 2693 seq.
934 2623 1087 2680 Suid.
1124 2623 1298 2677 verba
1335 2638 1442 2676 om.
1474 2621 1645 2690 Eud„
1683 2621 1743 2676 in
1776 2624 1985 2679 Suidae
2021 2623 2180 2677 libris
2218 2624 2291 2677 ad
2329 2623 2443 2677 oal-

160 2720 270 2758 cem
306 2705 455 2760 vitae
485 2704 740 2774 Dionysii
765 2705 1005 2759 Musonii
1036 2703 1230 2758 addita
1258 2706 1412 2771 sunt,
1451 2703 1600 2758 unde
1637 2704 1747 2758 huc
1774 2703 2122 2774 transposuiss
2150 2705 2439 2769 Kusterm,

158 2782 245 2851 qui
289 2785 457 2839 etiam
506 2782 811 2851 Βυζάντιος
867 2784 1064 2854 corrig.
1123 2784 1182 2838 in
1226 2779 1479 2846 Βιθυνὸς
1538 2801 1665 2839 cum
1712 2784 1873 2840 Voss.
1920 2785 2052 2840 hist.
2100 2784 2191 2841 Gr.
2240 2804 2292 2855 p.
2341 2791 2444 2839 217

159 2863 320 2919 West.
357 2868 512 2920 ratus
552 2868 653 2919 est.
721 2865 832 2920 Sed
859 2865 1158 2919 Kusberum
1207 2881 1505 2934 perperam
1552 2865 1956 2936 transposuisse
2005 2863 2271 2919 viderunt
2308 2865 2446 2918 Gut-

159 2945 352 3000 schmid
388 2947 446 3000 et
483 2946 679 3013 Βοιώ,
719 2945 877 3000 Stud.
917 2963 970 3014 p.
1002 2951 1102 3000 131

292 3033 562 3089 CCXVIII
600 3035 750 3089 Eud.
789 3053 843 3104 p.
883 3039 987 3088 229
1132 3038 1166 3086 4
1205 3029 1456 3102 ἔγραψεν
1495 3032 1669 3091 ὑποθ.
1709 3035 1861 3088 Eud.
1987 3039 2019 3087 ὃ
2060 3033 2291 3106 βιβλίοις
2328 3054 2447 3101 τρι-

163 3112 242 3165 σὶν
277 3114 426 3168 Eud.
502 3114 572 3168 de
610 3116 770 3168 Αἴτια
806 3132 859 3169 V.
899 3113 1111 3180 Rohde,
1151 3110 1244 3166 Gr.
1283 3113 1501 3170 Roman
1541 3135 1592 3185 p.
1635 3121 1703 3170 90
1740 3118 1854 3169 not.
1897 3120 1924 3167 1
2040 3120 2073 3167 6
2110 3110 2449 3182 οἰκουμένης

165 3192 250 3245 καὶ
287 3189 459 3255 αὐτὸς
497 3213 711 3262 περιηγ.
754 3187 833 3247 δι’
873 3189 1026 3248 ἐπῶν
1061 3193 1159 3246 rel.
1200 3193 1416 3248 omissis
1453 3197 1605 3250 Eud.
1668 3197 1823 3250 Haeo
1860 3194 2233 3264 expungenda
2270 3195 2447 3262 patet,

165 3289 278 3326 cum
313 3275 443 3343 post
469 3267 586 3327 Ἡσ.
627 3289 857 3343 operum
896 3273 1093 3328 tabula.
1130 3273 1389 3329 confecta
1425 3275 1685 3331 videatur
1724 3292 1844 3329 esse

292 3354 509 3410 CCXIX
545 3370 652 3408 om.
693 3353 965 3408 Westerm.
1043 3350 1376 3409 Cf.'Athen.
1424 3355 1502 3409 IX
1547 3374 1599 3425 p.
1650 3362 1749 3409 401
1800 3357 1857 3408 et
1906 3360 2037 3420 404,
2084 3353 2187 3407 VII
2232 3373 2284 3424 p.
2326 3345 2449 3421 279,

167 3432 402 3502 Tzetzes,
440 3433 580 3488 Chil.
622 3433 687 3501 V,
728 3439 829 3488 178
860 3450 974 3502 seq.
1051 3432 1133 3487 Cf.
1171 3433 1376 3486 Mfiller
1413 3434 1465 3486 11
1502 3453 1556 3504 p.
1596 3441 1693 3503 80,
1728 3433 2009 3501 Welcker‚
2058 3432 2147 3488 Gr.
2189 3434 2354 3504 Trag.
2392 3453 2447 3503 p.

169 3518 318 3581 1229,
355 3514 638 3580 Mainake,
675 3514 836 3567 Anal.
875 3532 928 3582 p.
964 3518 1083 3579 137,
1119 3512 1195 3566 id.
1233 3511 1260 3563 I
1296 3531 1350 3582 p.
1381 3519 1484 3568 525
1507 3515 1622 3583 'qui
1663 3513 1977 3569 comoedias
2014 3513 2217 3569 merito
2258 3515 2449 3584 explo-

169 3591 248 3648 sit.
321 3595 576 3648 Fortasse
622 3593 769 3647 idem
821 3592 1028 3662 legitur
1076 3593 1136 3646 in
1179 3591 1348 3647 titulo
1395 3593 1587 3650 Attico
1626 3594 1702 3648 111
1742 3613 1793 3648 n.
1823 3599 1923 3648 951
2093 3599 2159 3647 10
2198 3591 2447 3661 ἴστορικά

173 3689 294 3725 num
329 3673 551 3741 tyranni
589 3674 702 3728 sint
735 3672 957 3727 dubitat
998 3673 1209 3727 Maner

297 3751 484 3806 CCXX
520 3753 671 3807 Eud.
711 3771 767 3822 p.
805 3760 910 3808 236
1056 3758 1124 3807 12
1162 3753 1232 3807 de
1279 3755 1533 3823 epistolis
1580 3754 1648 3811 cf.
1687 3755 1889 3809 Athen.
1930 3753 2033 3806 VII
2074 3771 2127 3822 p.
2168 3758 2297 3819 279,
2343 3751 2448 3804 XII

171 3847 217 3898 p.
253 3836 351 3885 546

295 3911 510 3966 CCXXI
555 3913 706 3968 Eud.
753 3931 807 3983 p.
847 3919 978 3982 222,
1024 3931 1167 3984 quae
1214 3914 1404 3985 pergit
1450 3914 1767 3984 συντέθηκε
1816 3911 1886 3968 τὰ
1936 3945 2020 3968 -.
2093 3913 2174 3966 De
2224 3911 2448 3981 scriptis

169 3990 313 4046 Dion.
349 3993 418 4047 cf.
455 3992 660 4046 Mt‘iller
695 3992 747 4045 11
775 4011 827 4063 p.
860 3999 892 4047 5
921 4011 1032 4062 seq.
1064 4012 1118 4063 p.
1148 4000 1255 4049 490
1369 4001 1435 4049 14
1473 3992 1615 4049 κατὰ
1658 3994 1855 4063 scripsi
1892 4011 2017 4048 oum
2050 3993 2444 4059 Gutschmidio,

170 4066 294 4138 μετὰ
331 4074 474 4142 vuly.
511 4072 662 4127 idem
692 4073 999 4127 Mallon-um
1035 4077 1258 4130 secutus
1296 4074 1402 4128 hoc
1439 4074 1768 4142 opusculum
1805 4090 1838 4126 a
1876 4075 2177 4140 Περσικοῖς
2212 4087 2325 4124 non
2362 4071 2447 4126 di-

169 4167 368 4207 versum
415 4169 534 4208 esse
571 4155 762 4207 monet
958 4160 1021 4207 15
1070 4151 1400 4226 περιήγησιν
1449 4151 1784 4223 οἰκουμένης
1829 4151 2209 4206 Alexandrino
2248 4152 2449 4208 Glauci

170 4229 287 4299 filio,
322 4231 693 4299 tribuendam,
745 4234 1014 4299 Τρωικῶν
1053 4235 1240 4307 βιβλία
1278 4231 1328 4304 γ’
1365 4233 1726 4302 Mitylena80‚
1763 4226 2009 4285 Μυθικὰ
2048 4231 2207 4299 epioo
2246 4233 2448 4301 poessae

172 4307 447 4379 ByzantiO,
486 4307 693 4366 κύκλον
733 4309 1016 4388 ἱστορικὸν
1055 4311 1116 4369 ἒν
1159 4317 1298 4389 βιβλ.
1337 4309 1387 4378 ζ’
1431 4310 1619 4366 Samio
1658 4309 1935 4378 persuasit
1962 4310 2285 4366 Gutschmid

300 4389 484 4451 CCXII
521 4391 674 4447 Eud.
711 4409 768 4465 p.
805 4397 932 4463 223,
976 4411 1120 4462 quae
1160 4412 1268 4454 om.
1307 4387 1378 4464 ἦν
1415 4389 1478 4449 δὲ
1521 4422 1587 4431 -—
1626 4385 1802 4462 ἡλίου.
1871 4389 1952 4447 Cf.
1991 4390 2195 4446 Mfiller
2230 4391 2284 4446 II
2320 4409 2375 4464 p.
2416 4399 2446 4448 7
