3025 4892
1079 216 1510 275 HESYCHIUS.
2355 216 2442 279 95
2488 221 2495 227 ’

328 378 622 447 CCCLII.
713 375 879 445 Θεό
900 380 942 445 δ
961 404 1014 445 ω
1035 406 1074 467 ρ
1097 406 1134 447 ο
1155 406 1188 459 ς
1259 374 1390 446 άπὸ
1455 374 1909 465 άναγνωστῶν
1972 378 2088 463 τῆς
2151 374 2443 462 μεγάλης

176 486 492 571 ἐκκλησίας
541 484 1336 565 Κωνσταντινουπόλεως.
1419 488 1709 572 ἔγραφεν
1756 486 2059 571 ἱστορίαν
2107 484 2443 570 ἐκκλησια·

175 592 380 678 στικὴν
435 590 568 661 άπὸ
632 596 769 661 τῶν
823 590 1092 680 χρόνων
1151 595 1675 660 Κωνσταντίνου
1738 590 1863 669 ἕως
1923 592 2041 677 τῆς
2102 593 2443 675 βασιλείας

169 695 646 769 Ἰσυστινιανοῦ.

329 808 660 875 CCCLIII.
752 805 1240 892 Θεόδωρος
1306 802 1671 887 Βυζάντιος
1742 804 2093 891 σοφιστής,
2162 799 2237 883 ὃς
2306 798 2494 870 ὑπὸὲι

175 911 520 995 Πλάτωνος
566 917 1052 1000 λογοδαίδαλος
1095 909 1368 999 ἐκλήθη.
1442 916 1689 1002 ἔγραψε
1724 907 1889 980 κατὰ
1936 907 2444 998 Θρασυβούλου,

171 1017 315 1086 κατὰ
349 1017 744 1089 Ἀνδοκίδου
786 1020 900 1093 καὶ
947 1018 1116 1089 ἄλλα
1162 1018 1332 1088 τινά.

327 1127 655 1195 CCCLIV.
729 1124 1143 1214 Θεόδωρος
1187 1122 1533 1214 Γαδαρεὺς
1578 1122 1932 1214 σοφιστήςζ,
1980 1120 2107 1193 άπὸ
2156 1123 2445 1209 δούλων,

171 1230 550 1313 διδάσκαλος
595 1230 891 1319 γεγονώς
945 1236 1256 1320 Τιβερίου
1303 1235 1669 1319 Καίσαρος,
1716 1230 2035 1319 (ἐπειδὴ)
2073 1236 2443 1320 συνεκρίθη

168 1340 298 1425 περὶ
353 1342 742 1427 σοφιστικῆς
795 1335 1297 1426 ἀγωνισάμενος
1341 1337 1709 1426 Ποτάμωνι
1753 1339 1867 1407 καὶ
1905 1335 2313 1431 Ἀντιπάτρῳ
2360 1340 2437 1407 ἐν
2472 1356 2523 1395 1⁰

168 1442 318 1533 αὐτῇ
370 1450 448 1536 τῇ
487 1442 724 1535 Ῥώμῃ.
816 1444 920 1513 ἐπὶ
962 1442 1319 1534 Ἀδριανοῦ
1373 1450 1719 1533 Καίσαρος
1775 1442 1811 1515 ὁ
1860 1447 2009 1527 υἱὸς
2052 1444 2263 1515 αὐτοῦ
2304 1443 2444 1515 Ἀν-

165 1552 388 1633 τώνιος
439 1550 876 1641 συγκλητικὸς
931 1553 1210 1639 ἐγένετο.
1298 1557 1530 1640 βιβλία
1578 1552 1651 1621 δὲ
1698 1556 1947 1640 ἔγραψε
1990 1554 2142 1643 περὶ
2186 1558 2322 1623 των
2368 1554 2445 1621 ἐν

168 1674 408 1744 φωναῖς
471 1660 892 1748 ζητουμένων
955 1658 1049 1747 γ’,
1113 1659 1265 1747 περὶ
1331 1662 1627 1748 ἱστορίας
1682 1659 1772 1747 α’,
1834 1659 1989 1748 περὶ
2040 1661 2295 1741 θέσεως
2349 1659 2445 1747 α’,

170 1768 302 1855 περὶ
343 1769 703 1837 διαλέκτων
755 1764 1149 1854 ὁμοιότητος
1183 1766 1294 1835 καὶ
1333 1763 1735 1848 ἀποδείξεως
1776 1765 1873 1853 β’,
1916 1768 2067 1855 περὶ
2112 1773 2446 1847 πολιτείας

167 1872 252 1958 β’,
302 1876 448 1965 περὶ
503 1879 730 1963 κοίλης
783 1878 1044 1964 Συρίας
1108 1871 1203 1959 α’,
1255 1872 1407 1960 περὶ
1471 1871 1755 1961 ῥήτορος
1810 1872 2156 1961 δυνάμεως
2210 1874 2278 1943 α’
2337 1875 2447 1943 καὶ
2476 1892 2528 1933 ¹⁶

171 1978 343 2052 ἄλλα.

330 2090 621 2160 CCCLV.
702 2088 1116 2177 Θεόδωρος
1168 2086 1477 2175 ποιητής,
1534 2082 1609 2167 ὃς
1664 2090 1910 2175 ἔγραψε
1962 2086 2260 2178 διάφορα
2316 2087 2441 2175 [δι’

169 2192 358 2280 ἐπῶν]
403 2197 514 2265 καὶ
561 2201 656 2277 εἰς
703 2198 1140 2284 Κλεοπάτραν
1189 2192 1281 2262 δι’
1324 2195 1521 2262 ἐπῶν.

332 2304 660 2374 CCCLVI.
740 2303 1172 2391 Θεόκριτος
1217 2310 1382 2381 Χῖος
1427 2300 1671 2390 ῥήτωρ,
1721 2301 2027 2389 μαθητὴς
2072 2301 2446 2391 Μητροδώ-

147 2431 284 2493 .ρου
347 2415 468 2479 τοῦ
519 2407 988 2502 Ἰσοκρατικοῧ.
1090 2414 1336 2498 ἔγραψε
1391 2413 1663 2496 Χρείας,
1718 2406 2311 2477 ἀντεπολιτεύσατο
2372 2408 2447 2477 δὲ
2476 2424 2529 2464 ²⁰

169 2516 520 2610 Θεοπόμπῳ
573 2522 666 2611 τῷ
726 2520 1057 2610 ἱστορικῷ.
1148 2516 1417 2603 φέρεται
1464 2513 1679 2584 αὐτοῦ
1727 2518 1985 2603 ἱστορία
2033 2515 2290 2603 Λιβύης
2333 2517 2445 2584 καὶ

169 2623 488 2693 ἐπιστολαὶ
533 2624 927 2713 θαυμάσιαι.

331 2732 695 2801 CCCLVII.
746 2731 937 2801 Ἐστι
964 2731 1076 2799 καὶ
1105 2731 1328 2817 ἕτερος
1355 2728 1814 2819 Θεόκριτος,
1860 2728 2310 2818 Πραξαγόρου
2336 2730 2445 2799 καὶ

174 2840 480 2926 Φιλίννης
523 2840 628 2929 (οἱ
667 2839 741 2907 δὲ
787 2836 1180 2927 Σιμμίχου),
1226 2835 1725 2924 Συρακούσιος,
1774 2839 1845 2905 οἱ
1886 2840 1969 2905 δέ
2008 2857 2174 2924 φασι
2218 2841 2446 2930 Κῷον,

302 3088 530 3145 CCCLII
565 3088 831 3159 Hesychii
868 3088 1046 3145 vitam
1083 3103 1203 3142 esse
1240 3085 1405 3141 docui
1441 3085 1582 3142 Mun.
1621 3087 1798 3143 Rhen.
1837 3088 2045 3142 XXXV
2081 3106 2138 3158 p.
2176 3092 2297 3141 200.
2364 3086 2448 3141 cf.

168 3181 216 3219 v,
252 3166 537 3239 Διόδωρος
683 3175 710 3223 1
750 3169 848 3239 τῆς
885 3186 993 3224 om.
1030 3171 1077 3218 V

303 3249 561 3305 CCCLIII
597 3249 747 3305 Eud.
784 3267 840 3319 p.
878 3254 1000 3305 371.
1071 3246 1326 3302 Eundem
1364 3246 1621 3303 laudavit
1654 3248 1817 3320 Diog.
1855 3250 1934 3319 11,
1977 3254 2077 3303 104
2214 3254 2245 3303 5
2284 3249 2447 3303 Plato

173 3325 398 3383 Phaedr.
435 3348 490 3400 p.
530 3336 635 3384 266

299 3408 553 3484 OQOLIV
600 3410 752 3465 Eud.
799 3407 854 3479 p.
893 3415 1015 3466 372.
1091 3407 1171 3465 cf.
1209 3408 1414 3464 muller
1449 3408 1530 3463 III
1575 3427 1630 3479 p.
1669 3414 1775 3465 489
1953 3416 1986 3464 8
2033 3404 2149 3464 άπὸ
2202 3404 2445 3463 δούλωνε

177 3484 544 3557 Wachomuth,
581 3490 770 3560 Symb.
807 3509 863 3560 p.
896 3496 996 3545 141
1144 3495 1176 3543 9
1217 3484 1414 3558 ἐπειδὴ
1456 3490 1671 3545 correxi
1708 3486 1834 3544 ἐπεὶ
1872 3487 1936 3544 δὲ
1976 3488 2108 3544 libri
2146 3486 2343 3543 ἔπειτα
2380 3486 2445 3543 δὲ

172 3564 392 3635 Portus,
428 3570 579 3638 quod
613 3572 822 3640 probat
846 3569 1136 3638 Kusterue,
1177 3564 1272 3623 ἐπὶ
1307 3569 1408 3623 τοῦ
1445 3567 1510 3624 δὲ
1540 3570 1711 3625 Daub
1832 3575 1893 3623 11
1933 3574 2067 3639 post
2095 3562 2274 3639 Ῥώμῃ
2312 3585 2446 3623 non-

167 3644 316 3700 nulla.
349 3648 614 3705 excidisse
627 3690 640 3717 ‚
677 3652 744 3704 ut
778 3652 836 3704 et
869 3648 1206 3719 particulam
1241 3648 1303 3702 in
1339 3651 1725 3719 sequentibus,
1763 3654 1953 3706 censet
1985 3648 2320 3719 Bernhardy

173 3730 230 3778 13
265 3727 392 3798 περὶ
427 3728 647 3792 θέσεως
683 3726 737 3784 α’
777 3746 884 3785 om.
923 3734 1081 3783 1321
1227 3736 1294 3785 15
1332 3726 1630 3800 ᾆητορικῆς
1666 3731 1916 3801 praefert
1949 3730 2283 3799 Bernhardy
2322 3729 2443 3783 δυν.

170 3801 394 3877 ᾇήτορος
430 3806 484 3863 α’
522 3827 632 3865 om.
671 3809 770 3865 καὶ
807 3805 947 3865 ἄλλα
983 3810 1136 3865 Eud.

302 3886 528 3945 CCCLV
577 3891 729 3946 Eud.
769 3910 825 3961 p.
864 3896 983 3945 375.
1053 3890 1134 3948 cf.
1173 3890 1433 3961 Dfinbzer,
1472 3892 1574 3961 Ep.
1614 3891 1688 3947 fr:
1720 3892 1773 3947 11
1810 3910 1864 3962 p.
1907 3898 2008 3946 114
2183 3897 2246 3945 17
2287 3909 2446 3959 ποιη-

168 3962 311 4029 τικός
342 3973 495 4023 sz
646 3977 711 4025 18
750 3973 851 4025 aut
884 3969 1038 4040 prius
1077 3973 1178 4026 aui:
1213 3974 1453 4027 alterum
1491 3966 1572 4027 δι’
1608 3967 1759 4027 ἐπῶν
1797 3972 2098 4027 delendum
2128 3988 2249 4027 esse
2287 3972 2450 4040 patet

303 4056 558 4113 CCCLVI
602 4058 761 4113 Eud.
800 4076 853 4128 p.
884 4065 1004 4114 372.
1070 4061 1338 4117 Tractant
1366 4062 1572 4116 Mfiller
1599 4062 1651 4115 II
1678 4080 1733 4131 p.
1763 4064 1849 4127 86,
1885 4058 2066 4128 Βοιώ,
2104 4058 2263 4114 stud.
2293 4077 2347 4128 p.
2380 4062 2446 4111 53

171 4140 234 4187 20
257 4130 568 4193 άντεπολιτ.
599 4134 855 4209 ἱστορικῷ
888 4156 993 4196 om.
1015 4140 1166 4196 Eud.
1202 4144 1354 4197 certe
1382 4141 1557 4196 verba
1582 4139 1827 4210 genuino
1856 4140 1925 4194 de
1954 4138 2080 4194 loeo
2107 4142 2263 4193 mota.
2292 4139 2449 4203 sunt3

173 4215 234 4271 cf.
264 4217 460 4275 Strabo
496 4220 627 4274 XIV
665 4238 719 4290 p.
760 4226 862 4275 645
981 4226 1048 4275 21
1089 4218 1364 4292 φέρονται
1403 4254 1470 4262 -
1510 4218 1750 4290 ἱστορίαι
1788 4220 1967 4286 Eud„
2006 4236 2149 4287 quae
2187 4218 2312 4273 add.
2352 4217 2451 4272 καὶ

170 4291 315 4367 λόγοι
350 4300 753 4370 πανηγυρικοί;
793 4296 961 4370 ἱστορ.
999 4297 1214 4375 Λιβύης
1248 4303 1448 4357 merito
1487 4319 1637 4370 susp.
1680 4300 1925 4355 Mic’llero

303 4368 590 4434 CCCLVH
628 4380 776 4435 Eud.
819 4398 872 4450 p.
911 4386 1016 4437 375
1160 4390 1230 4438 24
1269 4382 1529 4450 Φιλλίνης
1562 4385 1609 4432 V
1654 4382 1826 4452 Συρρ.
1864 4397 1933 4436 ex
1967 4397 2123 4436 more
2158 4384 2205 4432 Δ
2292 4375 2351 4433 οἱ
2383 4378 2448 4433 δὲ
