3025 4892
1264 176 1693 235 HESYCHIUS.
2592 184 2627 246 7

317 335 863 426 Μεσημβριανὸν
896 335 1110 424 εἶπεν,
1147 337 1339 406 ἄλλοι
1376 339 1687 408 Κοτυαέα
1720 339 1975 427 Φρύγα.
2022 343 2281 427 ἐγένετο
2322 344 2396 411 δὲ
2433 353 2625 430 λογο-

309 443 550 530 ποιός,
597 442 636 513 ὅ
685 447 865 513 ἐστιν
915 441 1185 533 εὑρετὴς
1228 444 1452 532 λόγων
1499 447 1608 514 καὶ
1648 444 2137 534 ἀποκριμάτων.
2214 452 2509 538 διέτριψε
2548 450 2625 521 δὲ

311 548 504 638 παρὰ
542 557 816 642 Κροίσῳ
864 550 1302 640 φιλούμενος,
1354 565 1495 634 τοῖς
1539 552 1811 641 χρόνοις
1855 553 1983 641 πρὸ
2030 555 2488 643 Πυθαγόρου,
2536 555 2627 637 ὦς

313 661 579 744 μεσοῦν
623 659 726 726 ἐπὶ
787 661 902 744 τῆς
946 659 1010 745 μ’
1064 656 1491 748 ὀλυμπιάδος.
1576 665 1823 749 ἔγραψε
1872 658 1949 728 τὰ
1986 663 2060 730 έν
2101 670 2399 748 Δελφοῖς
2443 662 2623 756 αὐτῷ

317 765 673 851 συμβάντα
721 766 794 832 ἐν
842 770 1134 853 βιβλίοις
1177 765 1258 852 β’.
1348 771 1609 853 μᾶλλον
1664 770 1745 837 δέ
1784 768 1959 848 τινές
2014 787 2179 854 φασι
2234 768 2354 838 τὸν
2402 779 2619 842 Αἴσω-
2651 791 2677 831 ⁵

311 893 457 939 πον
500 867 914 958 ἀποκρίματα
958 875 1368 961 γεγραφέναι
1414 873 1661 960 μόνον·
1718 876 1791 942 ἐν
1848 873 1975 963 γὰρ
2026 884 2324 963 Δελφοῖς
2378 875 2623 960 ἀδίκως

309 975 727 1063 ἀπολέσθαι,
781 976 896 1046 ὑπ’
950 977 1173 1048 αὐτῶν
1219 982 1885 1068 κατακρημνισθέντα
1932 979 2060 1051 άπὸ
2108 987 2246 1051 τῶν
2299 987 2619 1070 Φαιδριά-

316 1089 471 1152 δων
512 1087 948 1172 καλουμένων
991 1090 1284 1173 πετρῶν,
1331 1085 1493 1154 κατὰ
1542 1085 1666 1173 τὴν
1713 1087 1817 1155 νδ’
1867 1085 2263 1177 ὀλυμπιάδα.
2359 1092 2621 1177 οἰκέτην

309 1192 394 1260 δὲ
443 1193 759 1278 γενέσθαι
794 1192 1077 1269 Ξάνθου
1123 1197 1244 1262 τοῦ
1292 1197 1559 1279 Λυδοῦ,
1604 1191 1797 1263 ἄλλοι
1836 1193 2085 1283 ἀνδρός
2131 1217 2314 1277 τινος
2352 1203 2621 1284 Σαμίου

303 1297 692 1386 Ἰάδμονος,
751 1289 861 1383 [οὗ
913 1326 1099 1379 τινος
1150 1301 1261 1368 καὶ
1318 1297 1358 1386 ἡ
1397 1297 1718 1380 Ῥοδῶπις
1765 1301 1975 1388 δούλη
2032 1295 2148 1389 ἦν,
2206 1299 2292 1390 ἣν
2348 1304 2620 1390 ἑταίραν
2650 1325 2701 1363 10

209 1490 222 1498 ‚
315 1409 726 1494 γενομένην,
773 1410 1093 1496 Θρᾷσσαν
1139 1405 1214 1475 τὸ
1253 1408 1477 1492 γένος,
1526 1406 1831 1496 Χάραξος
1877 1405 1913 1476 ὁ
1958 1407 2252 1497 ἀδελφὸς
2290 1413 2621 1497 Σαπφοῦς

313 1518 517 1599 ε”λαβε
563 1528 879 1600 γυναῖκα,
925 1514 1036 1583 καὶ
1083 1515 1150 1595 ἐξ
1195 1509 1401 1600 αὐτῆς
1445 1516 1657 1603 γεννᾷ
1694 1567 1706 1580 .
1746 1567 1760 1580 .
1800 1521 1843 1599 .]

498 1633 668 1708 XIX.
745 1637 1283 1727 [Ἀκουσίλαος
1322 1635 1685 1726 Ἀθηναῖος
1721 1638 1850 1725 ὤν,
1882 1636 2369 1725 Ἀγαθοκλείας.
2419 1632 2619 1722 οὗτος

307 1743 588 1832 ἠράσθη
636 1745 860 1832 λόγων
895 1746 968 1814 έν
1001 1744 1347 1832 Ἀθήναις,
1393 1745 1504 1812 καὶ
1553 1744 1775 1814 ἐλθὼν
1815 1751 1907 1824 εἰς
1942 1743 2204 1833 Ῥώμην
2243 1748 2348 1814 ἐπὶ
2389 1745 2617 1833 Γάλβα

307 1851 647 1939 διέτριβεν
705 1855 779 1920 ἐν
833 1852 1060 1938 λόγοις
1115 1855 1522 1942 ῥητορικοῖς,
1582 1853 1693 1920 καὶ
1752 1852 2325 1940 χρηματισάμενος
2385 1856 2459 1921 έν
2517 1857 2608 1944 τῷ
2644 1875 2693 1915 15

309 1961 632 2027 τελευτᾶν
676 1959 1024 2027 κατέλιπεν
1065 1955 1454 2044 Ἀθηναίοις
1499 1959 1659 2027 δέκα
1705 1955 2037 2045 μυριάδας
2083 1961 2153 2026 ἐκ
2197 1959 2462 2044 τόκων.]

497 2086 638 2152 XX.
705 2082 1208 2162 Ἀκουσίλαος
1253 2082 1452 2168 Κάβα
1497 2082 1675 2168 υἱός,
1726 2080 2015 2170 Ἀργεῖος
2062 2081 2191 2150 άπὸ
2242 2083 2611 2170 Κερκάδος,

306 2189 575 2271 πόλεως
603 2189 808 2278 οὔσης
835 2189 1128 2270 Αὐλίδος
1156 2193 1464 2275 πλησίον,
1495 2187 1828 2275 ἱστορικὸς
1852 2189 2321 2277 πρεσβύτατος.
2368 2195 2613 2278 ἔγραψε

311 2297 394 2365 δὲ
442 2303 868 2383 γενεαλογίας
913 2299 982 2365 ἐκ
1031 2297 1283 2364 δέλτων
1329 2300 1626 2383 χαλκῶν,
1680 2292 1760 2375 ἃς
1805 2295 2003 2382 λόγος
2049 2294 2272 2382 εὑρεῖν
2324 2295 2445 2365 τὸν
2493 2321 2611 2364 πα-

306 2405 474 2490 τέρα
521 2401 727 2473 αὐτοῦ
776 2402 1105 2493 ὀρύξαντά
1149 2430 1300 2471 τινα
1345 2401 1555 2471 τόπον
1600 2405 1717 2489 τῆς
1764 2406 1975 2482 οἰκίας
2022 2400 2249 2472 αὐτοῦ.
2639 2429 2693 2467 20

460 2705 486 2753 1
533 2691 976 2772 Μεσήμβριανὸν
1013 2703 1060 2751 A
1105 2692 1543 2768 Μεσημβριανός
1579 2701 1676 2748 VR
1722 2697 1868 2768 ναῖς.
1922 2696 2175 2752 Κοτνεέα
2224 2697 2323 2752 sed
2367 2697 2529 2766 prim.
2581 2717 2606 2752 ε

303 2779 482 2835 delet.
520 2784 567 2832 A
610 2777 876 2834 Κοτυαέα
913 2784 960 2830 V
1006 2775 1230 2832 Κοτυέα
1277 2781 1436 2829 ΒΕΠ
1482 2776 1772 2831 Κοτυαιέα
1812 2777 2131 2832 Gutschmid
2302 2783 2334 2830 3
2386 2774 2610 2846 χρόνοις

301 2854 684 2929 πρεσβύτερος
711 2860 1044 2929 Bernhardy
1081 2853 1150 2912 οῦ
1188 2852 1331 2912 πολὺ
1360 2855 1468 2926 πρὸ
1502 2863 1657 2914 Πυθ.
1689 2860 2001 2914 Schultzius
2110 2852 2172 2921 ὃς
2210 2858 2421 2928 μεσοῦν
2459 2858 2610 2925 libri,

305 2956 454 2994 corr.
493 2939 812 2995 Gutschmid
894 2933 1032 2993 ὥστε
1080 2938 1243 3009 βιοῦν
1292 2933 1467 2992 αὐτὸν
1509 2939 1783 2994 Kasterus
1832 2933 1895 3002 ὃς
1938 2935 2213 3008 μεσούσης
2259 2937 2466 2993 omisso
2517 2933 2609 2990 ἐπὶ

302 3023 368 3075 et
416 3019 638 3074 sublata
682 3024 811 3091 post
855 3015 1202 3090 ὀλυμπιάδος
1239 3017 1598 3073 distinctione
1647 3019 1893 3089 Scaliger
1939 3019 1999 3071 in
2048 3019 2245 3074 Euseb.
2287 3035 2340 3085 p.
2382 3023 2449 3070 93
2494 3023 2612 3078 τοῖς

301 3097 535 3170 χρόνοις
570 3095 676 3169 πρὸ
707 3103 881 3167 Πυθ.,
917 3096 1163 3169 γεγονώς
1200 3096 1304 3167 μὲν
1343 3089 1444 3151 οῦν
1484 3093 1578 3151 ἐπὶ
1616 3098 1713 3164 τῆς
1743 3097 1991 3165 Olinton,
2030 3097 2155 3152 fasss.
2186 3097 2210 3148 I
2240 3116 2295 3166 p.
2326 3103 2430 3150 213
2462 3096 2553 3164 (cf.
2583 3098 2609 3150 Ι

303 3199 361 3250 p.
398 3179 552 3248 23⁷),
590 3179 658 3233 de
695 3180 882 3233 aetate
918 3197 969 3233 v.
1009 3178 1170 3248 Diog.
1207 3177 1249 3247 Ι,
1281 3183 1346 3230 72
1527 3180 1560 3229 8
1609 3175 1833 3245 οἰκέτην
1882 3177 1950 3232 ef.
1990 3177 2363 3231 Wachsmussh
2400 3176 2437 3230 l.
2478 3193 2523 3230 c.
2562 3181 2609 3229 A

300 3258 472 3314 οιδοῦ
512 3263 556 3309 A
712 3264 777 3313 10
823 3248 891 3310 οῦ
928 3277 1080 3320 τινος
1117 3289 1183 3314 ,-
1223 3256 1350 3311 exit.
1391 3274 1458 3311 ex
1494 3258 1685 3327 glossa
1719 3254 1987 3321 Ῥοδῶπις
2024 3255 2306 3327 adscripta
2344 3274 2460 3312 esse
2507 3257 2606 3311 do-

171 3368 184 3379 ·
299 3338 401 3394 cui
435 3337 576 3392 Mus,
624 3339 801 3392 Rhen.
840 3337 1046 3394 XXXV
1090 3357 1144 3408 p.
1184 3343 1316 3404 2023
1363 3337 1445 3392 cf:
1479 3338 1651 3392 etiam
1692 3336 1887 3392 Suidas
1932 3355 1984 3394 v.
2031 3333 2267 3406 Ἰάδμων
2438 3343 2505 3390 12
2546 3333 2605 3403 ἐξ

307 3413 497 3474 αὐτοῦ
535 3423 684 3471 BVE
828 3414 953 3481 υἱὸς
990 3411 1066 3473 ὢν
1106 3418 1426 3472 Gutschmid

453 3506 582 3561 XIX
625 3506 906 3576 Hesychio
951 3507 1388 3562 abiudieandum
1425 3522 1546 3561 esse
1584 3505 1699 3560 dixi
1734 3504 1876 3561 Mus.
1914 3505 2089 3562 Rhen.
2130 3507 2165 3560 l.
2206 3524 2251 3561 c.
2290 3525 2343 3576 p.
2382 3513 2484 3562 227

310 3593 384 3642 15
423 3585 701 3657 διέτριβεν
738 3592 782 3638 A
821 3585 1110 3657 διέτριψεν
1146 3588 1292 3657 vulq.
1449 3592 1513 3640 16
1553 3582 1777 3640 δώδεκα
1815 3592 1859 3638 A

451 3675 555 3730 XX
590 3675 741 3730 Eud.
780 3695 834 3746 p.
866 3681 950 3732 84.
1017 3677 1098 3731 Cf.
1137 3677 1357 3744 Msiller,
1396 3673 1458 3728 fr.
1497 3673 1629 3730 hist.
1667 3674 1694 3726 I
1730 3693 1784 3743 p.
1815 3675 2074 3743 XXXVI,
2111 3674 2305 3741 Frick,
2344 3673 2603 3743 Beitri'zge

297 3777 347 3811 z.
392 3754 649 3812 Chronol.
689 3755 925 3825 (Hssxter
964 3761 1150 3827 1880),
1202 3757 1297 3826 qui
1334 3755 1700 3826 γενεαλογίας
1734 3770 1769 3806 a
1812 3754 2106 3810 Platonico
2153 3755 2343 3824 aliquo
2390 3753 2602 3808 iuniore

297 3836 644 3905 compositas
683 3850 804 3890 esse
852 3835 1096 3890 obtinuit
1275 3843 1340 3890 17
1388 3831 1591 3905 Κάβρα
1639 3827 1674 3902 ἢ
1713 3829 1949 3903 Σκάβρα
1988 3832 2150 3904 Diog.
2191 3835 2242 3901 Ι,
2280 3840 2347 3887 41
2397 3835 2603 3902 (quode

297 3916 684 3970 coniecturam
729 3914 966 3984 protzulit
1010 3915 1211 3968 Mfiller
1256 3934 1310 3984 p.
1350 3913 1650 3984 XXXVII).
1728 3913 1817 3967 Sic
1863 3912 2208 3983 interpunxit
2255 3911 2459 3967 Miiller
2510 3914 2601 3980 (cf.

298 3993 548 4064 Μάγνης
580 3990 694 4049 άπὸ
734 3990 1149 4065 Μαινάνδρου).
1221 3991 1480 4063 Ἀργεῖος,
1528 3989 1643 4047 άπὸ
1684 3991 1976 4061 Κερκάδος
2013 3988 2227 4054 πόλεως
2264 3988 2435 4062 οῦσης
2472 3987 2600 4047 Αῦλ.

261 4131 272 4146 ,
299 4079 466 4143 πλησ.
513 4077 657 4142 vuly.
714 4071 974 4136 Κεκάδος
1019 4075 1170 4130 Eud.
1216 4070 1506 4137 Κελκάδος
1555 4075 1849 4140 Villoison,
1896 4073 2103 4128 Aneed.
2150 4074 2203 4126 H
2247 4093 2301 4143 p.
2344 4079 2447 4128 163
2484 4076 2601 4128 nob·

294 4155 498 4210 Patria.
531 4155 802 4210 Boeoffica
837 4157 896 4210 et
930 4155 1138 4210 tabulis
1175 4154 1402 4210 aheneis
1433 4153 1748 4208 confirmari
1785 4169 1926 4220 quae
1955 4170 2005 4204 v.
2037 4149 2336 4214 Ἑκαταῖος
2374 4152 2443 4207 de
2474 4155 2600 4208 sub·
2691 4195 2696 4198 -

295 4235 504 4289 dificia
541 4237 728 4306 operis
765 4237 953 4291 indole
989 4235 1310 4303 finiuntur,
1349 4235 1485 4289 licet
1522 4235 1673 4287 fraus
1701 4231 1935 4286 Platone
1964 4230 2248 4300 antiquior
2275 4233 2371 4300 sit,
2411 4238 2603 4290 monet

297 4315 629 4370 Gutschmid
