3025 4892
517 178 604 243 28
647 195 652 200 ·
1441 175 1867 232 HESYCHIUS.

517 337 744 426 ἐπειδὴ
793 345 1040 426 ἔγραψε
1076 343 1332 406 παιᾶνα
1367 341 1464 419 εἰς
1488 335 1801 425 Ἑρμείαν
1838 335 1961 406 τὸν
1999 334 2349 423 εὐνοῦχον.
2426 339 2496 403 οἱ
2532 336 2615 402 δέ
2647 355 2829 421 φασι

517 445 700 538 νόσῳ
745 442 956 514 αὐτὸν
1002 449 1386 532 τελευτῆσαι
1433 444 1773 532 βιώσαντα
1818 449 1931 532 ἔτη
1980 443 2063 512 0'.

698 554 833 621 CII.
902 550 1481 642 Ἀριστοφάνης
1516 550 1777 633 Ῥόδιος
1815 550 1967 639 ἤτοι
2014 556 2296 632 Λίνδιος
2340 553 2443 641 (οἰ
2484 550 2561 620 δὲ
2607 549 2828 637 Αίγύ-

517 685 714 729 πτιον
761 665 1056 747 ἔφασαν,
1105 662 1176 728 οἱ
1217 660 1292 729 δὲ
1339 660 1697 748 Καμιρέα),
1742 661 1933 729 θέσει
1972 659 2048 728 δὲ
2088 659 2449 747 Ἀθηναῖος
2492 659 2829 748 (ἐπολιτο-

467 793 494 834 5
521 767 844 857 γραφήθη
885 767 1016 856 γὰρ
1051 765 1208 856 παρ’
1243 763 1523 854 αὐτοῖς),
1566 767 1877 856 κωμικός,
1924 765 2073 846 υίὸς
2115 771 2473 852 Φιλίππου,
2520 791 2833 852 γεγονως

518 878 594 944 ἐν
649 889 791 956 τοῖς
834 872 1048 962 ἀγῶσι
1093 873 1258 943 κατὰ
1291 871 1428 962 τὴν
1474 873 1612 963 ριδ’
1664 872 2067 962 ὀλυμπιάδα,
2114 871 2385 964 εὑρετὴς
2428 877 2555 944 τοῦ
2589 899 2827 958 τετρα-

518 981 764 1070 μέτρου
823 981 932 1050 καὶ
995 978 1430 1071 ὀκταμέτρου,
1499 985 1744 1062 παῖδας
1802 979 1983 1070 σχων
2046 980 2393 1072 Αραρότα,
2458 973 2830 1068 Φίλιππον,

525 1089 922 1176 Φιλέταιρον
977 1088 1330 1176 κωμικούς.
1420 1088 1597 1170 τινὲς
1656 1088 1733 1158 δε
1790 1087 1999 1158 αὐτὸν
2044 1090 2156 1158 καὶ
2200 1087 2590 1159 άπόδουλον
2640 1093 2824 1158 cavo-

519 1194 778 1283 ρήκασι.
873 1195 1176 1284 δράματα
1224 1196 1298 1265 δὲ
1343 1193 1555 1264 αὐτοῦ
1600 1195 1742 1283 μδ’.
1820 1193 2014 1284 [ἅπερ
2060 1196 2136 1265 δὲ
2181 1196 2609 1285 πεπράχαμεν
2652 1193 2830 1282 Ἀρι-

440 1328 492 1368 ιο
521 1301 904 1394 στοφάνους
968 1301 1303 1390 δράματα,
1367 1307 1603 1372 ταῦτα·
1662 1299 2031 1393 Ἀχαρνεῖς,
2094 1302 2461 1393 Βάτραχοι,
2525 1302 2828 1393 Εἰρήνη,

518 1407 1083 1496 Ἐκκλησιάζουσι,
1129 1410 1825 1499 Θεσμοφοριάζουσαι,
1861 1408 2128 1497 Ἱππεῖς,
2181 1410 2633 1501 Λυσιστράτη,
2686 1417 2829 1478 Νε-

517 1518 745 1604 φέλαι,
771 1517 1121 1607 Ὅρνιθες,
1169 1521 1509 1603 Πλοῦτος,
1559 1522 1874 1605 Σφῆκες.]

697 1625 872 1693 ΟΙΙΙ.
915 1622 1033 1713 Ἀρ
1051 1623 1488 1712 ιστοφάνης
1517 1626 1883 1706 Βυζάντιος
1910 1625 2383 1714 γραμματικός,
2419 1624 2569 1705 υίὸς
2592 1621 2827 1694 Ἀπελ-

517 1735 642 1800 λοῦ
689 1728 1072 1820 ἡγουμένου
1117 1735 1563 1820 στρατιωτῶν,
1613 1729 1920 1820 μαθητὴς
1968 1732 2400 1821 Καλλιμάχου
2442 1733 2555 1802 καὶ
2604 1741 2829 1819 Ζηνο-

435 1865 486 1904 15
517 1838 722 1907 δότου
777 1836 978 1926 (ἄλλα
1035 1842 1158 1907 τοῦ
1217 1837 1340 1926 μὲν
1393 1840 1575 1924 νέος,
1629 1843 1776 1912 τοῦ
1809 1836 1883 1906 δὲ
1927 1851 2084 1919 παῖς
2141 1838 2448 1929 ηκουσε),
2512 1837 2688 1926 πρὸς
2748 1838 2828 1908 δε

513 1935 778 2026 τούτοις
811 1946 923 2014 καὶ
955 1950 1336 2016 Διονυσίου
1371 1949 1496 2015 τοῦ
1522 1943 1795 2034 Ἰάμβου
1829 1946 1940 2014 καὶ
1971 1943 2372 2035 Εὐφρονίδα
2406 1950 2530 2015 τοῦ
2559 1952 2826 2032 Κοριν-

513 2058 681 2121 θίου
745 2048 786 2138 ἢ
848 2057 1254 2121 Σικυωνίου.
1345 2053 1583 2139 γέγονε
1648 2053 1723 2121 δὲ
1784 2079 1952 2122 κατα
2011 2052 2139 2142 τὴν
2202 2053 2364 2141 ρμδ’
2428 2050 2826 2141 ὀλυμπιάδα

657 2247 754 2304 CII
801 2247 882 2303 Cf.
922 2267 974 2304 v.
1003 2245 1788 2306 Wilamowitz-Mffllendorff
1818 2249 1980 2306 Anal.
2018 2248 2147 2306 Eur.
2186 2268 2241 2320 p.
2274 2255 2375 2304 135
2413 2253 2529 2305 not.
2569 2257 2603 2304 3
2652 2253 2717 2306 eb
2754 2251 2816 2306 in

514 2329 724 2384 Herma
749 2328 879 2383 XIV
915 2347 970 2398 p.
1000 2334 1102 2383 461
1134 2345 1250 2398 neq.
1288 2331 1347 2384 et
1393 2345 1537 2399 quae
1573 2327 1691 2382 dixi
1726 2329 1869 2385 Mus.
1907 2329 2083 2384 Rhen.
2125 2328 2332 2384 XXXV
2351 2348 2405 2400 p.
2451 2336 2553 2384 193
2594 2332 2655 2385 eb
2692 2337 2822 2401 235,

516 2411 613 2466 ubi
641 2409 814 2465 verba
841 2402 988 2478 ἅπερ
1009 2440 1076 2449 -
1098 2408 1228 2467 exit.
1259 2408 1464 2464 Suidae
1493 2406 1602 2464 soli
1629 2408 1803 2464 tribui
1922 2417 1954 2464 3
1973 2408 2278 2482 Αἰγινήτην
2301 2411 2400 2467 vit.
2424 2408 2591 2467 Arist.
2614 2428 2668 2480 p.
2699 2418 2826 2479 156,

517 2498 587 2547 28
604 2491 780 2546 West.
892 2497 924 2544 6
954 2485 1068 2559 ριδ’
1099 2491 1293 2559 aperte
1324 2491 1666 2558 corruptum,
1701 2507 1874 2559 quare
1900 2491 2171 2546 nonnulla
2199 2489 2467 2546 excidisse
2497 2491 2827 2560 suspicatus

445 2605 448 2608 ⁴
515 2575 602 2627 est
627 2571 963 2641 Bernhardy
1110 2575 1143 2624 8
1171 2567 1345 2632 uvis:
1384 2569 1753 2639 Waehsmuth,
1793 2569 1982 2640 Symb.
2009 2589 2063 2640 p.
2097 2576 2202 2626 140
2342 2576 2375 2626 9
2413 2571 2482 2626 de
2520 2587 2623 2625 usu
2660 2573 2827 2640 vqcis

515 2647 784 2722 πράττειν
823 2649 894 2707 cf.
932 2650 1183 2720 Biinger‚
1221 2650 1289 2704 de
1328 2651 1423 2704 Ar.
1459 2647 1603 2718 Equ.
1644 2650 1939 2720 etc.'apud
1977 2650 2129 2705 Suid.
2168 2650 2265 2705 rel.
2306 2650 2621 2718 (Argentor.
2656 2656 2825 2720 1878)

516 2749 570 2800 Ρ.
601 2737 634 2785 9
665 2746 779 2798 seq.
830 2728 1087 2785 Ceterum
1126 2745 1451 2799 comparare
1479 2728 1617 2784 licet
1643 2730 1870 2786 doctam
1898 2729 2099 2801 vitam,
2139 2747 2283 2799 quae
2310 2727 2523 2800 legitur
2548 2729 2608 2782 in
2638 2731 2825 2786 schoL

515 2811 734 2865 Platon.
755 2809 835 2865 VI
861 2828 914 2879 p.
946 2816 1050 2865 227
1072 2810 1287 2866 Herm.=
1323 2805 1715 2879 Ἀριστοφάνης
1750 2805 1781 2865 ὁ
1813 2807 2239 2883 κωμῳδιοποιὸς
2276 2804 2568 2879 φαλακρὸς
2601 2801 2703 2878 ἦν,
2748 2807 2827 2874 ὥς

519 2886 695 2954 αὖτός
732 2908 905 2960 φησιν
944 2887 1190 2962 Εἰρήνῃ·
1239 2885 1597 2962 ἐκωμῳδεῖτο
1645 2885 1701 2946 δ’
1747 2887 1839 2946 ἐπὶ
1883 2892 1961 2965 τῷ
2000 2887 2278 2946 σκώπτειν
2323 2886 2429 2960 μὲν
2469 2883 2821 2962 Εὐριπίδην,

514 2974 816 3042 μιμεῖσθαι
863 2965 921 3024 δ’
963 2965 1157 3026 αὐτόν.
1224 2975 1526 3039 Κρατῖνος·
1578 2971 1693 3034 *τίς
1737 2969 1802 3026 δὲ
1841 2967 1936 3040 σῦς
1984 2966 2209 3043 κομψός
2244 2990 2327 3032 τις
2364 2967 2547 3038 ἔροιτο
2589 2969 2822 3040 θεατὴς

516 3048 988 3120 ῦπολεπτόλογος,
1041 3046 1425 3121 γνωμτδιώτης
1470 3046 2203 3121 εῦριπιδαριστοφανίζων’,
2249 3048 2349 3104 καὶ
2395 3043 2567 3112 αυτὸς
2612 3043 2671 3103 δ’
2730 3047 2825 3117 ἐξ·

517 3135 897 3226 ομολογεῖταίυ
907 3126 1138 3200 Σκηνὰς
1173 3126 1768 3206 καταλαμβανούσαις·
1811 3133 2061 3202 ’χρῶμαι
2095 3151 2205 3228 γαρ
2244 3124 2450 3199 αυτοῦ,
2494 3132 2661 3199 φησί,
2708 3132 2823 3186 τοῦ

517 3207 788 3282 στόματος
824 3213 900 3286 τῷ
940 3209 1278 3284 στρογγύλῳ·
1331 3208 1464 3275 τοῦς
1499 3213 1638 3276 νοῦς
1676 3207 1732 3266 δ’
1773 3208 2079 3282 ἀγοραίους
2105 3201 2275 3281 ἦττον
2302 3203 2338 3279 ἢ
2365 3204 2573 3272 ’κεῖνος
2608 3211 2797 3264 ποιῶ’

512 3267 903 3361 Ἀριστώνυμος
949 3286 1004 3345 δ’
1057 3286 1121 3346 έν
1163 3285 1332 3365 εΗλίῳ
1380 3289 1635 3362 ᾆιγοῦντι
1678 3291 1776 3347 καὶ
1821 3293 2158 3359 Σαννυρίων
2207 3285 2269 3345 ἐν
2319 3289 2529 3344 Γέλωτι
2580 3287 2821 3357 τετράδι

518 3369 694 3440 φασὶν
731 3365 908 3425 αὖτὸν
945 3369 1244 3466 γενέσθαι,
1284 3346 1374 3426 διὸ
1411 3368 1513 3427 τὸν
1547 3374 1677 3468 1βίον
1716 3369 2053 3442 κατέτριψεν
2091 3365 2305 3439 ἑτέροις
2340 3369 2556 3426 πονῶν·
2608 3367 2669 3425 οἱ
2700 3390 2821 3439 γαρ

517 3447 743 3520 τετράδι
789 3447 1134 3521 γεννώμενοι
1179 3453 1489 3515 πονοῦντες
1534 3455 1723 3515 αλλοις
1768 3453 2133 3521 καρποῦσθαι
2179 3447 2550 3520 παρέχουσιν,
2598 3444 2676 3512 ὦς
2712 3451 2823 3504 καὶ

521 3526 824 3602 Φιλόχορος
871 3527 936 3586 ἐν
980 3531 1049 3604 τῇ
1095 3528 1289 3604 πρώτῃ
1339 3533 1470 3604 περὶ
1514 3528 1739 3603 ἡμερῶν
1788 3530 2008 3600 ἴστορεῐ.
2082 3526 2259 3601 ταύτῃ
2305 3527 2371 3584 δὲ
2418 3528 2518 3584 καὶ
2559 3524 2820 3600 ”Ηρακλῆ

519 3631 662 3684 φασι
705 3613 1077 3683 γεννηθῆναι.
1153 3620 1300 3684 τρεῖς
1345 3610 1408 3668 δ’
1446 3611 1613 3684 ’ἔσχεν
1656 3609 1845 3682 υιούς,
1892 3613 2172 3666 Φίλιππον
2218 3606 2319 3666 τὸν
2366 3609 2469 3664 τοῦ
2508 3604 2817 3681 Εῦβουλου

519 3691 798 3763 δράμασιν
835 3689 1263 3763 ἀγωνισάμενον
1301 3693 1398 3748 καὶ
1438 3687 1703 3762 Ἀραρότα
1742 3690 1909 3755 ἰδίοις
1944 3711 2002 3746 τε
2042 3692 2142 3746 καὶ
2175 3691 2276 3746 τοῦ
2316 3683 2529 3760 πατρὸς
2564 3685 2824 3760 δράμασι

519 3767 961 3844 διηγωνισμένον
998 3772 1094 3828 καὶ
1131 3775 1346 3844 τρίτον,
1390 3767 1457 3828 ὃν
1499 3769 1903 3842 Ἀπολλόδωρος
1948 3771 2055 3843 μὲν
2093 3768 2487 3840 Νικόστρατον
2523 3772 2717 3839 καλεῖ,
2766 3768 2827 3825 οἷ

518 3849 584 3906 δὲ
621 3852 752 3922 περὶ
791 3855 1138 3923 Δικαίαρχον
1180 3850 1525 3922 Φιλέταιρον.
1598 3850 1982 3923 κατεκλήρωσε
2033 3850 2097 3907 δὲ
2144 3851 2242 3907 καὶ
2287 3845 2393 3920 τὴν
2428 3851 2694 3920 Αἴγιναν,
2744 3845 2822 3914 ὡς

520 3930 804 4002 Θεογένης
841 3927 903 3988 ἐν
941 3934 1018 4006 τῷ
1056 3932 1203 4002 περὶ
1224 3930 1465 4003 Αἰγίνης.
1539 3936 1893 4006 κωμῳδειται
1928 3931 2022 4002 δέ,
2071 3927 2159 3988 ὅτι
2204 3931 2303 3986 καὶ
2342 3926 2406 3986 τό
2445 3931 2547 3999 τῆς
2582 3928 2821 4000 εἰρήνης

520 4009 849 4069 κολοσσικόν
896 4010 1098 4084 ἐξῆρεν
1142 4008 1394 4084 αγαλμα·
1463 4009 1711 4078 Εὔπολις
1753 4007 2079 4086 Αὐτολύκῳ,
2130 4009 2369 4068 Πλάτων
2416 4011 2643 4074 Νίκαις.
2734 4011 2817 4066 cf.

519 4093 818 4163 Mottauer,
856 4093 926 4149 de
963 4093 1102 4151 font.
1141 4112 1194 4164 p.
1227 4099 1295 4150 59
1324 4111 1439 4163 seq.

662 4173 783 4229 CIII
829 4173 982 4230 Eud.
1021 4193 1072 4247 Ρ.
1107 4180 1226 4243 108,
1265 4191 1434 4244 quae
1444 4191 1557 4232 om.
1586 4170 1726 4230 ἄλλα
1756 4205 1822 4214 -
1853 4169 2061 4242 ἤκουσε
2099 4174 2158 4227 effi
2194 4192 2229 4241 η
2268 4175 2395 4226 Σικ.
2424 4202 2490 4212 -
2522 4172 2657 4228 exst.
2736 4174 2823 4233 cf.

520 4252 708 4322 Daub,
747 4253 906 4310 stud.
943 4271 996 4322 p.
1030 4259 1096 4309 78
1246 4262 1312 4312 14
1348 4256 1450 4310 τοῦ
1487 4256 1617 4326 post
1646 4251 1754 4311 Ἅπ.
1782 4253 1913 4310 add.
1941 4254 2112 4308 Daub
2252 4248 2660 4323 ΖηνοδόχουῩ

526 4337 589 4385 17
637 4328 762 4403 ρμε’
813 4333 994 4390 Paris.
1039 4334 1271 4392 Kusteri
1316 4335 1542 4392 Ιονιείιιε
1587 4333 1719 4404 ρμὸ’
1769 4339 1974 4388 ABRV
2023 4333 2308 4401 Gaisford.
2383 4328 2476 4402 με’
2516 4349 2649 4403 pars
2690 4335 2820 4390 edd.
