3025 4892
541 200 668 264 120
1459 196 1887 253 HESYOHIUS.

705 362 1122 429 COCOXLV.
1221 365 1648 437 Κικίλιος
1714 356 2003 444 Ἀργεῖος
2078 356 2419 441 ἐποποιός,
2488 352 2805 425 ἁλιευτικὰ

536 467 885 558 γεγραφώς
944 468 1080 551 [καὶ
1126 467 1519 553 Νουμήνιος
1574 461 2058 553 Ἡρακλεώτης,
2117 460 2517 550 Παγκράτης
2570 460 2809 551 Ἀρκάς,

439 590 446 597 ’
539 574 997 655 Ποσειδώνιος
1052 579 1455 662 Κορίνθιος,
1509 569 1864 651 Ὀππιανός
1920 571 2131 651 Κίλιξ.
2230 570 2689 657 καταλογάδην
2746 570 2811 638 δὲ

540 690 840 772 ἔγραψαν
913 673 1125 751 οὗτοι·
1201 681 1535 759 Σέλευκος
1615 678 1939 767 Ταρσεύς,
2025 681 2371 765 Λεωνίδης
2443 678 2811 764 Βυζάντιος,

489 816 514 855 5
537 789 944 877 Ἀγαθοκλῆς
984 786 1364 873 Ἀτράκιος.]

721 906 1168 975 OGCGXLVI.
1243 911 1310 972 K
1320 906 1519 971 λαυδ
1531 901 1756 981 ιανὸς
1787 899 2285 989 Ἀλεξανδρεύς,
2326 900 2636 982 ἐποποιὸς
2669 901 2815 970 νειό-

541 1040 744 1101 τερος.
816 1014 1093 1099 γέγονεν
1141 1011 1245 1079 ἐπὶ
1291 1014 1427 1079 τῶν
1473 1007 1740 1098 χρόνων
1781 1008 2135 1097 Ἀρκαδίου
2180 1010 2291 1077 καὶ
2326 1006 2651 1097 Ὁνωρίου
2693 1014 2814 1077 τῶν

541 1122 892 1207 βασιλέων.
1065 1136 1072 1142 “
2520 1206 2523 1211 .

722 1235 1204 1303 CCCOXLVII.
1279 1231 1759 1320 Κλεάνθης
1816 1228 1851 1300 ὁ
1900 1232 2201 1312 Κάσσιος
2245 1238 2649 1320 χρηματίσας
2698 1241 2812 1301 Φα-

468 1374 518 1417 10
547 1348 730 1427 νίου,
782 1340 1130 1432 [’Ἀσσιος,]
1188 1338 1494 1427 μαθητὴς
1551 1339 1926 1428 Κράτητος,
1987 1336 2126 1408 εἶτα
2185 1341 2535 1427 Ζήνωνος,
2591 1330 2669 1408 οὗ
2720 1340 2814 1406 καὶ

546 1449 859 1537 διάδοχος
913 1449 1180 1535 γέγονε,
1237 1446 1640 1525 διδάσκαλος
1699 1445 1773 1514 δὲ
1826 1450 1949 1515 τὀὕ
2006 1446 2394 1533 φιλοσόφου
2440 1452 2817 1535 Χρυσίππου

545 1561 666 1626 τοῦ
715 1556 983 1636 Σολέως
1043 1556 1153 1623 καὶ
1205 1552 1594 1641 Ἀντιγόνου
1649 1558 1770 1622 τοῦ
1827 1556 2167 1639 βασιλέως.
2260 1543 2457 1633 οὗτος
2514 1556 2817 1642 πρότερον

544 1656 631 1750 ῆν
678 1661 956 1748 πύκτης,
1005 1660 1226 1731 ἐλθών
1287 1662 1359 1753 6}
1416 1666 1510 1740 είς
1562 1658 1853 1746 Ἀθήνας
1908 1658 2177 1748 ἠράσθη
2228 1666 2663 1748 φιλοσοφίας,
2718 1661 2817 1727 παὶ
2882 1722 2891 1735 ,

543 1774 869 1839 τοσοῦτον
917 1771 1153 1855 γέγονε
1200 1766 1603 1855 φιλόπονος,
1638 1755 1742 1861 οὓς
1796 1767 1905 1834 καὶ
1955 1766 2265 1854 δεύτερος
2312 1763 2642 1854 Ἡρακλῆς
2686 1775 2819 1853 κλη-

469 1911 518 1949 15
545 1880 774 1963 θῆναι.
868 1873 984 1961 [μὴ
1033 1880 1202 1961 ἔχων
1248 1872 1374 1961 γὰρ
1415 1870 1584 1941 ὅθεν
1630 1880 1944 1961 τραφείη,
1991 1873 2110 1953 τὰς
2154 1874 2278 1957 μὲν
2324 1874 2573 1956 νύκτας
2619 1874 2820 1964 ἤντλει

545 1982 732 2069 ὕδωρ
772 1986 1026 2069 μισθοῦ
1059 1982 1169 2049 καὶ
1199 1978 1350 2068 μεθ’
1385 1978 1643 2068 ἡμέραν
1681 1994 1823 2059 τοῖς
1860 1980 2213 2068 μαθήμασι
2239 1981 2352 2048 καὶ
2389 1996 2530 2061 τοῖς
2556 1988 2820 2069 βιβλίοις

549 2089 915 2177 ἐσχόλαζεν.
1008 2086 1176 2157 ὅθεν
1243 2087 1694 2175 ἐπωνομάσθη
1755 2088 1866 2155 καὶ
1928 2088 2357 2174 Φρεάντλης]
2464 2094 2703 2178 ἔγραψε
2760 2088 2819 2155 δὲ

548 2195 730 2264 πάνυ
775 2196 1005 2266 πολλά.
1369 2204 1376 2210 ’

727 2311 1240 2380 OOOOXLVHI.
1303 2310 1708 2397 Κλέαρχος
1753 2309 2029 2389 Σολεύς.
2078 2314 2325 2398 ἔγραψε
2364 2310 2673 2402 διάφορα.

693 2580 1019 2638 CCCGXLV
1061 2580 1214 2635 Eud.
1253 2598 1305 2649 p.
1344 2584 1448 2633 443
1616 2583 1643 2631 1
1692 2577 1977 2640 Καίκαλος
2024 2579 2118 2633 vel
2156 2581 2400 2644 Κίκαλος
2448 2581 2642 2651 reponi
2687 2581 2820 2635 iubet

554 2664 828 2731 Meineke,
876 2665 977 2717 An.
1029 2660 1150 2715 crib.
1189 2660 1247 2713 in
1285 2659 1488 2713 Athen.
1529 2677 1584 2728 p.
1626 2665 1656 2712 6
1679 2674 1793 2726 seq.
1888 2657 1972 2713 cf.
2018 2658 2365 2730 Volkmann,
2423 2662 2609 2731 Symb.
2666 2662 2816 2715 Bonn.

550 2763 604 2814 p.
638 2749 736 2798 717
763 2760 876 2811 seq.
988 2748 1019 2795 2
1058 2742 1187 2811 post
1223 2733 1521 2810 γεγραφώς
1558 2738 1685 2794 add.
1724 2738 1875 2795 Eud.
1952 2738 2048 2793 καὶ
2086 2738 2414 2810 περιήγησιν
2442 2736 2706 2803 Ἑλλάδος
2742 2738 2817 2793 καὶ

552 2820 718 2892 ἄλλα,
766 2840 908 2891 quae
947 2822 1119 2877 verba.
1165 2822 1236 2875 ab
1281 2820 1543 2890 imperito
1594 2820 1804 2874 lectore
1842 2822 1941 2874 auh
1978 2821 2049 2875 ab
2089 2820 2215 2890 ipsa.
2250 2820 2503 2876 Eudocia.
2548 2822 2620 2876 ad
2658 2838 2819 2876 exem-

553 2904 710 2973 plum
748 2903 897 2958 vitae
926 2902 1090 2957 Dion.
1121 2901 1368 2957 Corinth.
1399 2900 1594 2955 addita
1622 2916 1741 2953 esse
1768 2916 1881 2954 non
1909 2900 2189 2969 persuasit
2216 2901 2413 2967 Daub,
2452 2902 2520 2955 de
2542 2900 2687 2957 Viol.
2716 2920 2762 2971 p.
2780 2905 2816 2963 5,

555 2983 758 3051 utique·
776 2982 985 3038 ficticia
1021 2983 1187 3052 putat
1216 2982 1386 3036 etiam
1417 2982 1609 3045 Ριιῑσὴ,
1640 2980 1708 3034 de
1729 2978 1876 3034 Viol.
1906 2997 1959 3050 p.
1983 2987 2071 3048 86,
2108 2983 2283 3051 negat
2311 2982 2647 3036 Gutschmid.
2686 2980 2816 3035 Cete-

555 3081 678 3116 rum
718 3063 890 3117 verba
926 3061 1024 3116 καὶ
1063 3059 1392 3131 Νουμήνιος
1431 3093 1498 3100 -
1538 3061 1665 3115 exit.
1706 3058 2007 3130 adscripsit
2043 3060 2241 3116 Suidas
2286 3079 2355 3116 ex
2391 3062 2593 3118 Athen.
2631 3064 2655 3116 Ι
2694 3081 2743 3131 p.
2770 3066 2815 3112 13

557 3146 870 3213 Νουμίνιος
908 3147 954 3194 Δ
1001 3138 1386 3212 ‘Homul-enims
1422 3146 1467 3193 V
1497 3136 1907 3210 “Ηρακλεισότης
1942 3143 2088 3213 vuly.
2290 3176 2295 3181 -

703 3220 1057 3277 CCCCXLVI
1096 3222 1245 3276 Eud.
1284 3241 1338 3291 p.
1379 3227 1499 3275 443.
1573 3220 1912 3275 Memoravit
1951 3220 2121 3277 etiam
2168 3222 2471 3292 Eua-grim,
2519 3222 2661 3279 Hieta.
2708 3221 2813 3279 eccl.

557 3305 598 3370 Ι,
617 3308 713 3359 .19.
753 3302 1016 3356 Tractavi
1042 3300 1181 3358 Mus,
1204 3303 1378 3356 Rhen.
1409 3300 1643 3354 XXXVI
1672 3318 1725 3369 p.
1758 3307 1879 3356 319.
1918 3302 2178 3356 Errorem
2208 3302 2410 3372 Ieepii,
2447 3303 2621 3372 praef.
2654 3301 2811 3359 Claud.

558 3384 582 3435 I
621 3402 673 3452 p.
696 3381 762 3451 V,
801 3382 1069 3437 refutavit
1105 3381 1328 3449 Rohde,
1369 3383 1510 3437 Mus.
1550 3382 1726 3435 Rhen.
1766 3400 1817 3451 p.
1863 3388 1959 3436 167
2001 3385 2117 3437 nob.
2151 3389 2195 3437 1.
2268 3383 2383 3437 Alii
2420 3400 2683 3452 graecum
2717 3399 2813 3453 poe·
2850 3443 2861 3457 ⁹

557 3464 676 3515 tam
715 3478 750 3514 a,
783 3460 962 3516 latino
1001 3462 1284 3516 diversum
1320 3460 1488 3515 fuisse
1528 3464 1835 3516 aufiumanb.
1876 3462 1957 3515 cf.
1989 3462 2222 3531 Teuffel,
2254 3463 2361 3519 Lit.
2383 3464 2447 3517 R.
2479 3470 2509 3529 ξ
2532 3469 2651 3527 429,
2675 3469 2704 3517 5
2724 3464 2767 3516 et
2793 3463 2815 3510 8

703 3548 1086 3604 ccccxnvn
1121 3551 1272 3604 Eud.
1311 3568 1364 3618 p.
1396 3554 1514 3603 447.
1592 3549 1671 3606 Of.
1712 3548 1874 3619 mog.
1914 3549 2044 3617 vn,
2078 3556 2179 3605 168
2208 3568 2321 3619 seq.
2466 3557 2497 3605 9
2538 3547 2567 3605 ὁ
2607 3550 2813 3609 Κάσσιος

559 3631 703 3699 libri,
734 3632 882 3699 quod
915 3632 1234 3700 corruptum
1267 3647 1386 3684 esse
1415 3632 1663 3698 constat,
1692 3625 1723 3683 ὃ
1756 3632 1855 3685 καὶ
1880 3627 2088 3693 ’Ἄσσιος
2118 3648 2255 3685 corr.
2285 3631 2473 3700 Βοιώ,
2504 3632 2640 3688 Mus,
2672 3633 2810 3687 Rhen.

442 3764 445 3766 .
557 3711 764 3765 XXXV
792 3731 846 3781 p.
879 3719 946 3767 68
981 3711 1105 3767 coll.
1138 3711 1288 3765 Suid.
1319 3730 1369 3765 v.
1399 3706 1681 3779 Ἀντέρως,
1720 3710 2040 3780 Εἰρηναῖος,
2071 3711 2341 3781 Σερῆνος,
2371 3707 2589 3775 Ῥιανός
2626 3713 2713 3781 al,
2743 3708 2811 3765 sed

557 3791 818 3846 mendum
860 3789 1105 3853 Κάσσιος
1140 3790 1421 3861 Hesychio
1459 3790 1741 3859 antiquius
1782 3808 1898 3845 esse
1935 3793 2128 3846 monet
2165 3792 2485 3847 Gutschmid
2525 3790 2606 3855 εἷς
2643 3784 2711 3861 ἦν
2740 3787 2809 3845 καὶ

558 3866 730 3933 αὐτὸς
766 3872 878 3925 τῶν
915 3876 1052 3925 Κυν.
1094 3867 1441 3943 φιλοσόφων,
1479 3869 1723 3933 Κάσσιος
1752 3872 1903 3926 Eud.
1943 3873 2286 3942 χρηματίσας
2315 3874 2546 3939 Φανίου,
2587 3868 2616 3927 ὃ
2645 3870 2811 3929 ’Ἄσσιος

561 3953 863 4021 Menayius
908 3952 966 4007 in
1013 3952 1174 4023 Diog.
1211 3953 1248 4006 l.
1286 3970 1331 4007 c.
1475 3948 1683 4014 ’Άσσιος
1729 3954 2103 4007 correcburam
2148 3951 2401 4007 mendosi
2446 3949 2690 4015 Κάσσιος
2724 3964 2811 4005 esse

559 4030 704 4088 vidit
737 4033 1072 4103 Bernhardy
1228 4038 1292 4086 12
1332 4022 1497 4095 οὗτος
1528 4063 1591 4071 -—
1625 4034 1991 4101 φιλοσοφίας,
2033 4032 2245 4103 ἔγραψε
2287 4065 2353 4073 —-
2392 4032 2522 4087 exit.
2562 4050 2668 4087 om.
2698 4029 2807 4087 Eud.

563 4118 628 4165 14
667 4108 804 4167 ὥστε
845 4114 989 4184 vuly.
1031 4109 1105 4176 ὡς
1142 4112 1239 4167 καὶ
1276 4118 1426 4165 ABv
1563 4120 1627 4167 15
1668 4108 1742 4183 μὴ
1776 4111 1919 4182 ἔχων
1958 4146 2023 4153 —-—
2064 4114 2194 4168 exit.
2232 4113 2525 4168 accessisse
2566 4132 2631 4168 ex
2668 4114 2811 4184 glossa

562 4190 879 4262 φρεάντλης
916 4195 1082 4249 docui
1117 4195 1256 4248 Mus.
1288 4193 1463 4248 Rhen.
1494 4194 1703 4248 XXXV
1736 4213 1788 4263 p.
1821 4201 1938 4251 216.
2006 4194 2314 4264 Descripsit
2361 4190 2809 4263 Pseudo-Hesych-

564 4290 609 4326 ο.
651 4277 718 4325 42
895 4280 960 4327 16
999 4275 1184 4345 μισθῷ
1227 4274 1360 4329 libri
1397 4274 1610 4343 μισθοῦ
1648 4275 1779 4329 Hes,
1820 4270 2031 4343 ἡμέρας
2067 4280 2112 4327 V

709 4350 1113 4405 CCCCXLVIH
1153 4368 1260 4408 om.
1291 4352 1565 4409 Westerm.
