3025 4892
571 170 698 233 128
1493 166 1920 223 HESYCHIUS.

569 326 1073 414 περιπατητικὸς
1112 328 1222 395 καὶ
1263 326 1606 413 σοφιστής,
1644 325 1948 414 μαθητὴς
1986 326 1999 416 Ι
2039 326 2404 407 Πλάτωνος
2442 323 2599 413 ἢῶς
2632 329 2826 419 τινεςΙ

565 433 1074 519 Ἀριστοτέλους.
1165 440 1412 520 ἔγραψε
1466 433 1546 501 τὰ
1602 432 1765 502 κατὰ
1817 439 2151 501 Φίλιππον
2206 434 2317 501 καὶ
2363 433 2439 502 τὸ
2486 434 2828 517 Βυζάντιον

564 548 851 628 βιβλίοις
882 541 958 627 ζ’,
991 541 1004 631 Ι
1043 543 1566 627 Τευθραντικόν,
1596 540 1745 627 περὶ
1768 546 2072 626 Βησαίου
2101 540 2148 630 Ι,
2176 540 2295 609 τὸν
2326 540 2513 628 ἱερὸν
2542 538 2829 628 πόλεμον,

569 649 744 734 [περὶ
793 648 1119 735 στάσεων]
1178 647 1191 737 Ι
1241 646 1320 715 τὰ
1369 644 1512 716 κατ’
1582 644 2039 733 Ἀλέξανδρον.
2091 646 2104 736 Ι
2159 639 2386 733 [οὗτος
2443 642 2529 735 ἦν
2592 648 2833 736 σφόδρα

514 778 539 816 ⁵
568 755 810 842 παχύς,
871 756 982 822 καὶ
1028 753 1443 840 πρεσβεύσας
1487 752 1653 838 πρὸς
1695 751 2095 839 Ἀθηναίους
2140 756 2393 840 γέλωτα
2440 744 2697 841 ἐκίνησε
2735 756 2833 821 καὶ

567 866 686 949 τῆς
733 867 1083 950 πρεσβείας
1127 860 1510 947 ἐκράτησεν,
1560 859 1784 951 ἐπειδὴ
1832 866 2007 929 πίων
2052 864 2362 948 ἐφαίνετο
2409 862 2523 929 καὶ
2559 859 2835 949 περιττὸς

566 966 694 1054 τὴν
758 970 1062 1055 γαστέρα.
1161 962 1521 1055 ταραχθεὶς
1590 966 1664 1035 δὲ
1732 964 1934 1035 οὐδὲν
2001 964 2135 1034 ἀπὸ
2198 970 2320 1035 τοῦ
2386 971 2669 1055 γέλωτος
2722 969 2835 1036 ετί’

571 1080 699 1162 ἔφη
749 1067 834 1143 “ὦ
876 1072 1258 1160 Ἀθηναῖοι,
1319 1078 1582 1160 γελᾶτες
1638 1069 1679 1159 ἢ
1738 1072 1840 1142 ὅτι
1892 1072 2102 1161 παχὺς
2157 1071 2284 1161 ἐγώ
2338 1076 2450 1143 καὶ
2505 1078 2831 1153 τοσοῦτος;

569 1188 706 1249 ἔστι
779 1208 893 1269 μοι
947 1182 1058 1249 καὶ
1114 1179 1286 1268 γυνὴ
1345 1184 1599 1272 πολλῷ,
1626 1183 1990 1268 παχυτέρα,
2054 1182 2164 1249 καὶ
2223 1179 2678 1269 ὁμονοοῦντας
2725 1181 2836 1269 μὲν

489 1311 540 1350 ιο
572 1286 744 1375 ἡμᾶς
799 1302 1002 1377 χωρεῖ
1055 1285 1096 1374 ἡ
1153 1292 1378 1375 κλίνη,
1440 1289 1973 1374 διαφερομένους
2020 1288 2100 1356 δὲ·
2141 1285 2379 1375 οὐδὲὴ
2428 1293 2656 1357 οίκία’.
2736 1289 2837 1355 καὶ

568 1400 662 1476 εἰς
727 1398 802 1462 ἓν
861 1387 1076 1482 ἦλθεν
1133 1392 1170 1463 ὁ
1226 1396 1360 1462 τῶν
1410 1392 1795 1481 Ἀθηναίων
1852 1398 2062 1481 δῆμος
2121 1392 2490 1483 ἁρμοσθεὶς
2544 1393 2670 1463 ὑπὸ
2728 1398 2840 1463 τοῦ

569 1502 860 1581 Λέοντος
915 1507 1140 1589 σοφῶς
1195 1501 1782 1589 ἐπισχεδιάσαντος
1835 1506 1925 1593 τῷ
1980 1506 2210 1593 καιρῷ.
2313 1493 2513 1582 οὗτος
2567 1499 2602 1569 ὁ
2661 1502 2838 1569 Λέων

567 1608 1113 1698 ἆποκρουόμενος
1164 1608 1284 1678 τὸν
1338 1615 1672 1679 Φίλιππον
1735 1606 1863 1676 ἀπὸ
1922 1614 2044 1677 τοῦ
2090 1614 2467 1691 Βυζαντίου
2525 1607 2834 1694 διεβλήθη

566 1716 743 1805 παρὰ
788 1722 1124 1784 Φιλίππου
1170 1714 1336 1803 πρὸς
1378 1713 1538 1795 τοὺς
1584 1721 1995 1797 Βυζαντίους
2042 1713 2131 1783 δι’
2186 1716 2534 1802 ἐπιστολῆς
2580 1714 2843 1802 &weng

491 1844 541 1885 15
571 1822 783 1903 οὕτως
821 1826 906 1891 ‘a'
938 1826 1229 1892 τοσαῦτα
1266 1821 1568 1910 χρήματα
1596 1836 1915 1910 παρεῖχον
1948 1823 2211 1909 Λέοντι,
2253 1819 2469 1890 ὁπόσα
2507 1848 2585 1910 με
2614 1819 2841 1911 ᾐτεῖτο,

568 1934 639 1999 ἐκ
711 1932 973 2018 πρώτης
1037 1925 1122 1997 ἂν
1187 1934 1429 2016 ἔλαβον
1496 1928 1572 1997 τὸ
1642 1928 2097 2011 Βυζάντιον’.·
2173 1933 2381 1998 ταῦτα
2446 1927 2847 2007 ἀκούσαντος

565 2044 687 2108 τοῦ
735 2038 956 2127 δήμου
1001 2037 1110 2105 καὶ
1155 2038 1632 2116 ἐπισυστάντος
1667 2040 1746 2125 τῇ
1786 2040 1965 2126 οἰκίᾳ
2002 2040 2124 2105 τοῦ
2164 2038 2479 2124 Λέοντος,
2528 2038 2847 2124 φοβηθεὶς

566 2145 656 2234 μή
730 2170 868 2225 πως
941 2143 1375 2223 λιθόλευστος
1446 2140 1601 2228 παρ’
1682 2138 1908 2211 αὐτῶν
1982 2144 2283 2230 γένηται,
2368 2142 2612 2213 ἑαυτὸν
2682 2137 2849 2231 ἦγξε,

567 2251 778 2341 μηδὲν
825 2249 954 2319 ἀπὸ
1005 2254 1120 2337 τῆς
1166 2255 1410 2336 σοφίας
1453 2250 1566 2317 καὶ
1615 2252 1749 2317 τῶν
1798 2248 2023 2336 λόγων
2068 2250 2394 2336 κερδάνας
2442 2248 2478 2318 ὁ
2521 2255 2847 2334 δείλαιος]

487 2378 541 2417 20
748 2359 1256 2427 CGGGLXXXI.
1330 2359 1551 2425 Λέων
1585 2354 2025 2442 Ἀλαβανδεὺς
2063 2355 2302 2444 ῥήτωρ.
2364 2362 2611 2443 ἔγραψε
2652 2365 2850 2442 Καρι-

566 2472 705 2536 κῶν
749 2470 976 2553 βιβλία
1038 2463 1128 2551 δ’,
1193 2462 1494 2531 Λυκιακὰ
1558 2466 1633 2532 ἐν
1686 2468 1977 2549 βιβλίοις
2036 2461 2129 2548 β’,
2174 2465 2445 2550 τέχνην,
2506 2464 2655 2553 περὶ
2703 2464 2850 2532 στά-

569 2593 773 2656 σεων,
813 2571 826 2661 Ι
865 2572 988 2640 τὸν
1035 2568 1221 2656 ἱερὸν
1270 2569 1565 2656 πόλεμον
1620 2570 1909 2637 Φωκέων
1956 2569 2067 2635 καὶ
2115 2574 2435 2637 Βοιωτῶν
2475 2571 2518 2661 Ι.

745 2678 1281 2745 CCGGLXXXII.
1353 2679 1721 2755 Λεωνᾶς
1768 2674 2118 2761 σοφιστής,
2159 2674 2474 2763 Ἴσαυρος
2518 2676 2591 2745 τὸ
2642 2680 2854 2763 γένος,

568 2785 944 2873 εὐδοκιμῶν
1010 2787 1084 2853 ἐν
1155 2787 1244 2875 τῷ
1314 2782 1558 2869 πλήθει
1624 2786 1761 2851 τῶν
1813 2785 1885 2850 ἐν
1936 2780 2396 2874 Ἀλεξανδρείᾳ
2453 2781 2854 2871 ὁμοτέχνων,

766 2941 992 2949 ——-—.

711 3043 736 3089 1
788 3036 959 3090 verba
1000 3031 1304 3096 Πλάτωνος
1343 3066 1407 3073 -
1459 3026 1533 3094 ὥς
1580 3050 1727 3093 τινες
1774 3031 1845 3085 ad
1892 3032 2133 3086 alterum
2181 3032 2535 3102 Byzanffium‚
2580 3033 2857 3087 rheizorem
2912 3062 2917 3065 ·

567 3116 852 3181 videlicet,
891 3115 1180 3169 referenda
1207 3130 1326 3169 esse
1355 3112 1498 3167 vidit
1527 3111 1733 3165 Miller
1886 3119 1917 3165 3
1958 3114 2189 3183 βιβλίοις
2218 3110 2268 3179 ζ’
2302 3131 2407 3169 om.
2438 3120 2483 3166 V
2596 3118 2855 3184 Τευθρα-

567 3192 727 3249 νικὸν
763 3196 906 3264 vuly.
947 3195 1098 3249 Eud.
1156 3187 1585 3260 Τευθραντικόν
1624 3194 1719 3242 ΔΒ
1769 3190 2159 3260 Τεθραντικόν
2202 3197 2243 3245 Β
2286 3191 2717 3262 Τεθραυντικόν
2754 3197 2858 3249 duo

605 3276 740 3329 Par.
781 3276 1028 3343 Βησαίου
1066 3279 1167 3327 AV
1205 3268 1461 3342 Βησάλου
1497 3272 1644 3340 vuly.
1684 3270 1836 3327 Eud.
1958 3270 2289 3342 Βηρισάδου
2328 3274 2470 3327 coni.
2508 3274 2858 3346 Bernhardy,

565 3356 825 3409 laudatus
857 3355 1100 3409 Micllero
1243 3360 1278 3407 4
1315 3352 1444 3422 περὶ
1483 3347 1733 3406 στάσεων
1770 3354 1963 3421 aperte
2002 3370 2068 3407 ex
2115 3353 2345 3408 alterius
2382 3354 2583 3409 Leonis
2620 3355 2857 3409 Alaban-

565 3433 750 3489 densis
798 3435 916 3488 vita
962 3433 1251 3501 iteratum,
1309 3433 1400 3486 cui
1447 3430 1620 3485 etiam
1670 3434 1909 3499 Τευθρ.,
1954 3451 2076 3499 περ.
2128 3438 2286 3501 Βησ.,
2336 3430 2406 3487 τοὶ
2454 3454 2576 3488 κατ.
2621 3429 2719 3489 ’AL
2767 3435 2858 3489 tri-

566 3515 787 3569 buenda
823 3514 1116 3584 perspexit:
1144 3513 1492 3578 Gutschmid,
1539 3528 1644 3566 nec
1689 3510 1870 3565 minus
1918 3510 1988 3563 ad
2030 3512 2327 3567 Alexandri
2373 3530 2461 3567 res
2508 3516 2696 3583 gestas
2740 3531 2857 3583 spe-

567 3596 717 3649 ctare
753 3594 994 3664 Hesych.
1033 3613 1084 3648 v.
1116 3594 1353 3661 Βαιᾶγις
1397 3596 1531 3660 (non
1569 3593 1641 3645 ad
1671 3592 1868 3647 Carica
1898 3592 2329 3661 Alabandensis)
2439 3584 2606 3655 οὗτος
2640 3625 2700 3632 —-
2737 3595 2849 3648 exit

568 3692 674 3730 om.
715 3674 894 3743 Eud„
942 3691 1085 3743 quae
1133 3692 1200 3729 ex
1241 3674 1502 3728 Philostr.
1542 3671 1657 3726 Vit.
1698 3674 1749 3741 Ι,
1788 3679 1820 3725 2
1860 3675 1920 3727 et
1955 3674 2157 3729 Athen.
2197 3672 2301 3725 XII
2340 3691 2393 3742 p.
2433 3678 2539 3726 550
2577 3672 2860 3743 descripta

567 3771 688 3808 esse
727 3754 845 3808 dixi
880 3754 1022 3809 Mus.
1060 3755 1236 3808 Rhen.
1267 3754 1302 3806 1.
1335 3770 1382 3807 c.

712 3833 1113 3889 CCCCLXXXI
1151 3832 1300 3887 Eud.
1340 3852 1394 3902 p.
1428 3839 1548 3890 461.
1618 3833 1699 3888 Cf.
1738 3832 1941 3891 Msiller
1977 3837 2015 3890 1.
2053 3854 2099 3889 ο.
2244 3840 2313 3887 20
2368 3830 2579 3902 ἔγραψε
2623 3866 2687 3873 -
2733 3836 2861 3890 exit.

565 3916 622 3968 in
660 3914 912 3983 proximo
945 3911 1150 3967 Suidae
1188 3912 1426 3968 articulo
1463 3916 1594 3983 post
1631 3910 1819 3969 αὐτῶν
1858 3915 2086 3970 exhibet
2112 3920 2157 3966 V
2268 3918 2333 3967 21
2376 3908 2439 3966 ἐν
2481 3914 2618 3985 βιβλ.
2655 3910 2711 3986 β’
2757 3934 2863 3971 om.

565 4001 610 4047 V
756 4001 823 4049 22
862 3995 1064 4049 librum
1104 3994 1173 4047 de
1213 4010 1370 4048 sacro
1407 3993 1560 4047 bello
1600 3994 1853 4062 Byzantii
1890 4013 2010 4051 esse
2048 3995 2192 4050 vidit
2232 3995 2443 4048 Mamer
2591 3996 2862 4065 Θηβαίων

565 4092 666 4145 pro
707 4080 898 4130 Βοιωτ.
937 4081 980 4126 Ε

710 4154 1140 4210 CCCCLXXXII
1177 4154 1327 4209 Eud.
1368 4173 1420 4223 p.
1460 4162 1595 4223 462,
1643 4173 1786 4225 quae
1823 4159 1975 4211 reciae
2014 4174 2122 4211 om.
2172 4149 2234 4217 ὃς
2272 4151 2508 4224 Πρόκλῳ
2553 4186 2617 4193 -
2660 4157 2799 4215 exit.
2838 4176 2865 4212 a

567 4234 738 4288 Suida
776 4253 842 4289 ex
877 4234 1079 4287 Marini
1117 4234 1240 4289 vita
1265 4234 1444 4289 Procl.
1477 4254 1521 4291 c.
1554 4243 1585 4291 8
1618 4236 1914 4306 descripta.
1956 4236 2035 4292 Of.
2067 4236 2206 4289 Mus,
2237 4234 2411 4288 Rhen.
2441 4234 2477 4287 l.
2508 4251 2555 4289 c.
2606 4235 2867 4293 Fortasse

565 4316 688 4367 tota
723 4315 842 4368 Vita
880 4312 1124 4368 Suidana
1162 4316 1246 4367 esi]
1390 4326 1458 4373 24
1497 4318 1747 4386 δοκιμῶν
1784 4321 1828 4367 V
