3025 4892
1075 243 1500 304 HESYCHIUS.
2346 243 2429 310 57

149 411 260 476 τοῦ
306 410 378 476 ἐν
421 412 512 502 τῷ
561 407 890 499 Βοσπόρῳ
937 405 1275 494 ἅνάπλου,
1321 408 1473 495 περὶ
1518 406 1800 494 θρήνων
1847 407 2015 497 (ἔστι
2063 406 2138 475 δὲ
2182 411 2433 494 ποίημα

149 513 381 600 μεστὸν
410 517 850 602 ἐπικηδείων).
891 512 1397 603 [ὑπολαμβάνω,
1433 511 1539 582 ὅτι
1568 513 1938 595 Διονύσιος
1971 511 2008 583 ὁ
2038 513 2434 603 περιηγητὴς

153 620 444 701 Βιθυνὸς
486 613 573 709 ἦν
622 620 737 689 διὰ
781 619 903 690 τὸν
947 618 1247 710 ποταμὸν
1275 619 1569 709 Ῥήβαν]

322 747 666 815 CCXVIII.
742 745 1179 825 Διονύσιος
1221 752 1599 832 Κορίνθιος
1643 745 1972 826 ἐποποιός.
2062 743 2433 834 ὑποθήκας,
2478 807 2481 810 ,

153 862 337 921 Αἰτια
411 853 482 920 ἐν
556 858 793 944 βιβλίῳ
864 853 957 939 α’,
1036 851 1705 941 μετεωρολογούμενα
1788 854 1899 921 καὶ
1970 852 2434 940 καταλογάδην
2462 865 2489 904 ⁵

151 958 498 1048 ὑπόμνημα
551 963 646 1040 εἰς
691 964 1029 1045 Ησίοδον,
1079 959 1094 1051 Ι
1143 961 1541 1047 οἰκουμένης
1592 959 1987 1047 περιήγησιν
2036 958 2139 1027 δι”
2178 962 2355 1028 ἐπῶν
2404 959 2437 1050 Ι.

152 1071 343 1134 ταῦτα
399 1067 472 1136 δὲ
528 1059 732 1152 εὗρον
788 1068 899 1134 καὶ
960 1070 1033 1135 ἐν
1084 1072 1430 1158 Διονυσίῳ
1478 1069 1569 1159 τῷ
1616 1064 1695 1134 τὰ
1748 1065 2041 1135 Λιθιακὰ
2085 1064 2436 1154 γράψαντι.

155 1172 420 1260 πότερος
467 1165 592 1242 οὖν
641 1171 864 1242 αὐτῶν
910 1171 1032 1242 οὐκ
1080 1172 1250 1242 οἶδα.

319 1300 600 1368 CCXIX.
684 1298 1126 1378 Διονύσιος
1181 1303 1493 1378 Σικελίας
1548 1297 1896 1386 τύραννος.
1992 1303 2237 1387 ἔγραψε
2282 1325 2436 1382 τρα-

152 1409 383 1495 γῳδίας
431 1406 568 1490 [καὶ
612 1410 992 1499 κωμῳδίας]
1050 1405 1159 1474 καὶ
1207 1404 1528 1493 ἱστορικά.
2467 1437 2519 1476 ιο

320 1533 566 1600 CCXX.
652 1528 1096 1610 Διονύσιος
1153 1529 1300 1610 υίὸς
1351 1534 1474 1597 τοῦ
1531 1535 1846 1611 Σικελίας
1896 1531 2268 1616 τυράννου,
2330 1531 2442 1599 καὶ

161 1634 351 1717 αὐτὸς
393 1637 729 1723 τύραννος
770 1638 881 1706 καὶ
910 1637 1302 1724 φιλόσοφος.
1377 1634 1725 1718 ἐπιστολὰς
1752 1638 1864 1705 καὶ
1899 1639 2047 1727 περὶ
2084 1641 2219 1706 τῶν
2258 1663 2443 1724 ποιη·

163 1744 378 1828 μάτων
419 1741 843 1833 Ἐπιχάρμου.

324 1869 606 1938 CCXXI.
682 1866 1129 1962 Διονύσιος
1155 1868 1495 1956 Μιλήσιος
1543 1866 1893 1954 ἱστορικός.
1984 1868 2063 1936 τὰ
2110 1868 2275 1938 κατὰ
2308 1878 2442 1936 Λα-

157 1989 329 2060 ρεῖον
377 1978 452 2043 ἐν
489 1983 776 2064 βιβλίοις
813 1975 894 2060 ε’,
933 1975 946 2066 Ι
983 1975 1381 2063 περιήγησιν
1418 1977 1843 2064 οἰκουμένης,
1884 1975 1899 2067 Ι
1946 1974 2246 2063 Περσικὰ
2280 1975 2443 2044 Ἰάδι
2474 1998 2525 2037 15

156 2083 556 2174 διαλέκτῳ,.Ι
613 2085 929 2172 Τρωικῶν
965 2087 1193 2169 βιβλία
1239 2081 1334 2168 γ’,
1381 2080 1661 2170 μυθικά,
1698 2081 1949 2150 κύκλον
1995 2082 2333 2171 ἱστορικὸν
2371 2086 2445 2152 ἐν

157 2193 430 2274 βιβλίοις
477 2189 534 2272 ζ’
557 2190 594 2282 Ι

146 2337 150 2341 ·
319 2316 635 2384 CCXXII.
722 2313 1162 2393 Διονύσιος
1227 2319 1678 2400 Μουσωνίου,
1734 2311 1993 2394 Ῥόδιος
2054 2311 2095 2401 ἢ
2162 2313 2446 2401 Σάμιος,

156 2422 502 2509 ἱστορικός·
577 2413 665 2508 ἦν
726 2420 800 2489 δὲ
855 2423 965 2489 καὶ
1027 2417 1242 2506 ἱερεὺς
1304 2423 1422 2488 τοῦ
1489 2421 1698 2488 ἐκεῖσε
1768 2424 1955 2509 ἱεροῦ
2018 2424 2143 2490 τοῦ
2194 2418 2448 2492 Ἡλίου.

284 2633 315 2680 2
358 2621 742 2700 ὑπολαμβάνω
781 2643 896 2696 seq.
936 2625 1090 2682 Suid.
1127 2627 1302 2682 verba.
1337 2642 1446 2680 om.
1476 2626 1648 2696 Eud„
1685 2626 1745 2681 in
1779 2628 1989 2683 Suidae
2023 2627 2182 2682 libris
2219 2628 2293 2682 ad
2331 2627 2445 2682 oal-

158 2721 266 2759 cem
303 2706 458 2761 vitae
487 2705 742 2777 Dionysii
768 2708 1008 2762 Musonii
1039 2706 1233 2761 addita
1261 2711 1415 2774 sunt,
1453 2707 1602 2762 unde
1639 2709 1750 2762 huo
1775 2707 2124 2779 transposuit
2152 2709 2441 2774 Erasmus,

157 2785 242 2852 qui
285 2787 458 2840 etiam
509 2784 812 2853 Βυζάντιος
869 2787 1067 2858 corrig.
1125 2787 1184 2840 in
1231 2783 1481 2850 Βιθυνὸς
1541 2805 1667 2843 oum
1716 2790 1875 2844 Voss.
1922 2789 2054 2844 hist.
2104 2788 2194 2845 Gr.
2242 2808 2295 2859 p.
2344 2795 2447 2844 217

157 2863 316 2921 West.
361 2869 516 2921 ratus
555 2870 655 2921 est..
723 2867 836 2922 Sed
861 2867 1160 2922 Kusterum
1209 2883 1506 2936 perperam
1554 2869 1959 2940 transposuisse
2006 2868 2273 2923 viderunt
2310 2869 2448 2924 Gut-

157 2947 353 3002 schmid
390 2950 447 3001 et
483 2948 681 3016 Dor-ub,
722 2948 878 3003 Stud.
919 2967 972 3018 p.
1005 2953 1104 3002 131

288 3035 564 3091 CCXVIII
603 3037 752 3092 Eud.
791 3055 845 3107 p.
885 3042 988 3091 229
1133 3041 1168 3090 4
1207 3033 1458 3106 ἔγραψεν
1496 3035 1671 3094 ὑπο-θ.
1711 3039 1863 3092 Eud.
1988 3045 2020 3092 5
2061 3039 2293 3110 βιβλίοις
2330 3059 2449 3107 τρι-

161 3113 239 3166 σὶν
274 3116 426 3170 Eud.
504 3115 573 3170 de
611 3118 772 3170 Αἴτια
808 3136 860 3172 V.
901 3117 1113 3183 Rohde,
1152 3113 1244 3170 Gr.
1285 3117 1504 3174 Roman
1544 3139 1594 3188 p.
1637 3125 1705 3174 90
1743 3122 1856 3172 not.
1900 3123 1925 3171 1
2041 3125 2073 3173 6
2112 3115 2450 3187 οἰκουμένης

162 3194 246 3246 καὶ
284 3192 460 3257 αὐτὸς
499 3215 714 3264 περιηγ,
756 3190 834 3250 δι’
875 3191 1028 3250 ἐπῶν
1063 3196 1160 3250 rel.
1201 3197 1417 3252 omissis
1455 3200 1607 3254 Eud.
1670 3201 1825 3254 Haeo
1862 3199 2235 3268 expungenda
2271 3201 2449 3268 patet,

162 3291 274 3329 cum
309 3277 444 3346 posi,
470 3270 588 3330 εΗσ.
629 3292 859 3346 operum
897 3276 1094 3331 tabula
1131 3277 1390 3332 confecta
1426 3279 1687 3334 videatur
1725 3295 1846 3334 esse

288 3356 510 3413 CCXIX
547 3373 654 3410 om.
695 3355 967 3412 Westerm.
1045 3357 1126 3412 Cf.
1172 3356 1376 3412 Athen.
1425 3358 1503 3412 IX
1548 3377 1600 3429 p.
1652 3365 1751 3413 401
1800 3361 1860 3413 et
1908 3365 2039 3425 404,
2085 3357 2189 3412 VII
2234 3379 2286 3430 p.
2327 3351 2449 3427 279,

165 3433 402 3505 Tzetzes‚
441 3435 580 3490 Chil.
624 3434 688 3503 V,
729 3440 830 3490 178
861 3452 976 3506 seq.
1053 3435 1134 3490 cf.
1172 3435 1377 3490 Mflller
1414 3437 1465 3492 11
1502 3457 1557 3508 p.
1597 3445 1693 3507 80,
1730 3437 2011 3506 Weloker‚
2060 3436 2149 3492 Gr.
2190 3440 2355 3509 Trag.
2394 3459 2449 3509 p.

165 3520 313 3584 1229,
353 3516 640 3581 Meinoke,
676 3516 837 3569 Anal.
878 3534 929 3585 p.
965 3522 1084 3582 137,
1121 3515 1196 3569 id.
1235 3514 1260 3567 I
1297 3535 1351 3586 p.
1383 3523 1486 3572 525
1509 3519 1625 3587 'qui
1664 3517 1980 3573 comoedias
2018 3518 2220 3573 merisso
2259 3520 2450 3589 explo-

163 3592 244 3650 sit.
317 3597 578 3650 Fortasse
624 3595 772 3649 idem
821 3595 1030 3664 legissur
1077 3596 1137 3649 in
1180 3595 1349 3650 titulo
1395 3597 1588 3652 Attico
1628 3598 1703 3652 111
1742 3617 1795 3652 n.
1825 3603 1926 3652 951
2096 3603 2160 3651 10
2200 3595 2447 3667 ἱστορικά

168 3690 288 3728 num
323 3675 553 3744 tyranni
591 3675 702 3730 sint·
737 3675 958 3730 dubitat
999 3677 1210 3730 Maller

291 3754 486 3810 CCXX
522 3755 672 3810 Eud.
713 3773 768 3825 p.
807 3762 910 3811 236
1058 3762 1124 3809 12
1164 3756 1234 3810 de
1280 3758 1535 3827 epistolis
1582 3758 1650 3815 cf.
1688 3759 1889 3813 Athen.
1933 3756 2034 3810 VH
2076 3776 2129 3826 p.
2169 3762 2299 3824 279,
2345 3755 2450 3810 XII

163 3849 211 3899 p.
248 3839 347 3889 546

289 3914 510 3970 CCXXI
556 3915 707 3971 Eud.
754 3933 808 3985 p.
848 3923 978 3985 222,
1025 3935 1168 3988 quae
1216 3918 1404 3988 pergit
1450 3917 1768 3987 συντέθηκε
1817 3915 1886 3972 τὰ
1938 3949 2021 3973 -.
2096 3917 2176 3972 De
2226 3917 2450 3988 seriptis

163 3990 306 4048 Dion.
346 3995 418 4050 of.
457 3994 662 4049 Mfiller
697 3994 748 4048 11
775 4014 828 4065 p.
861 4003 892 4051 5
921 4014 1033 4066 seq.
1065 4017 1118 4067 p.
1149 4003 1256 4053 490
1370 4004 1434 4052 14
1473 3995 1617 4052 κατὰ
1660 3997 1857 4067 scripsi
1892 4015 2019 4054 oum
2052 3998 2446 4063 GutschmidiO,

164 4069 289 4138 μετὰ
326 4075 475 4144 vuly.
514 4075 662 4129 idem
693 4077 999 4130 Miillerum
1036 4081 1258 4132 secutus
1296 4079 1402 4132 hoo
1440 4078 1768 4146 opusculum
1806 4094 1838 4131 a
1878 4080 2178 4145 Περσικοῖς
2213 4094 2326 4131 non
2363 4076 2448 4131 di-

163 4168 366 4209 versum
415 4171 534 4210 esso
573 4157 764 4210 monet
957 4164 1021 4211 15
1069 4153 1400 4228 περιήγησιν
1448 4156 1785 4227 οἰκουμένης
1831 4156 2211 4212 Alexandrino
2249 4157 2451 4213 Glauci

165 4229 282 4302 filio,
316 4233 694 4300 tribuendam,
746 4237 1014 4303 Τρωικῶν
1054 4238 1240 4310 βιβλία
1278 4233 1328 4307 γ’
1365 4236 1727 4306 Mitylenaeo‚
1764 4232 2009 4291 Μυθικά
2048 4236 2208 4304 opioo
2247 4239 2449 4306 poetae

165 4307 448 4381 Byzantio,
487 4311 694 4368 κύκλον
733 4311 1016 4390 ἴστορικόν
1055 4314 1116 4371 ἐν
1158 4320 1297 4391 βιβλ.
1338 4312 1387 4381 ζ’
1431 4314 1619 4370 Samio
1658 4313 1935 4384 persuasit
1963 4315 2285 4372 Gutschmid

294 4392 486 4454 CCXII
522 4393 674 4450 Eud.
711 4411 768 4468 p„
805 4400 932 4466 223,
977 4413 1120 4464 quae
1159 4415 1268 4456 om.
1308 4389 1378 4468 ἦν
1415 4393 1479 4454 δὲ
1522 4426 1588 4436 -
1627 4391 1803 4469 ἡλίου.
1872 4394 1953 4452 Cf.
1992 4393 2197 4452 Miiller
2232 4396 2283 4452 II
2320 4414 2376 4468 p.
2417 4403 2447 4452 7
