3025 4892
1174 175 1538 232 HESYCHIU
1546 177 1599 230 S.
2228 206 2235 211 ·
2397 175 2525 239 239

205 338 524 420 ἔγραψεν
582 341 627 402 I
629 333 886 416 ξευτικὰ
941 332 1030 402 δι’
1085 337 1262 404 ἐπῶν
1317 336 1436 403 οιαὶ
1493 333 1807 421 θαύματα
1858 337 1996 402 τῶν
2058 332 2270 419 ἁγίων
2324 331 2527 418 ἀναρ-

202 438 453 529 γύρων
511 446 754 529 Κοσμοῖ
801 442 912 510 καὶ
962 445 1340 529 Δαμιανοῦ.

383 567 988 636 DGGOLXXVIII.
1085 565 1548 655 Χρύσιππος
1608 565 2106 635 Ἀπολλωνίδου
2172 563 2428 643 Σολεὺς
2482 554 2523 651 ἢ

210 672 554 760 Ταρσεύς,
586 673 990 761 φιλόσοφος,
1021 672 1326 760 μαθητὴς
1352 672 1783 759 Κλεάνθους,
1824 671 2380 761 καθηγησάμενος
2410 676 2527 758 τῆς

198 784 532 867 Στωικῆς
586 784 828 867 σχολῆς
880 780 1041 867 μετὰ
1099 778 1496 866 Κλεάνθην,
1552 781 1664 848 καὶ
1718 777 2113 865 τελευτήσας
2168 778 2232 846 o'
2287 778 2399 845 καὶ
2454 777 2521 863 γ’
2552 797 2578 835 5

197 886 381 953 ἐτῶν
433 884 573 955 ὑπὸ
619 891 741 956 τοῦ
786 901 964 956 πιεῖν
1011 883 1304 976 ἄκρατον
1348 885 1458 953 καὶ
1498 889 1891 973 ίλιγγιᾶσαι,
1938 880 2105 953 κατὰ
2158 884 2233 953 δὲ
2280 884 2525 965 ἄλλους

196 987 337 1059 ὑπὸ
407 994 705 1079 γέλωτος
760 991 1068 1081 ἀπείρου,
1124 994 1230 1062 ἐπὶ
1287 991 1445 1080 ρμγ’
1507 991 1935 1080 ὀλυμπιάδος.
2037 993 2391 1080 συντέταχε
2452 992 2527 1061 δὲ

203 1102 458 1183 βιβλία
507 1105 710 1169 πλείω
749 1096 790 1187 ἢ
827 1098 929 1186 ψ’,
977 1099 1321 1187 φιλόσοφά
1356 1125 1428 1167 τε
1463 1099 1574 1167 καὶ
1613 1099 1913 1186 ίστορικα
1952 1099 2063 1167 καὶ
2091 1098 2525 1188 γραμματικά.

402 1226 923 1293 DCOOLXXIX.
977 1220 1212 1311 Ὠλὴν
1254 1231 1560 1310 Δυμαῖος
1604 1219 1647 1311 ἢ
1684 1221 2149 1312 ’Τπερβόρειος
2184 1220 2225 1310 ἢ
2260 1222 2526 1307 Λύκιος,

203 1330 574 1417 ἐποποιός,
631 1335 886 1419 μᾶλλον
944 1330 1020 1398 δὲ
1067 1329 1316 1409 Λύκιος
1359 1328 1488 1399 άπὸ
1537 1331 1850 1416 Ξάνθου,
1905 1328 1995 1411 ὡς
2041 1335 2241 1418 δηλοῖ
2281 1336 2523 1399 Καλλί-
2555 1349 2608 1388 10

205 1464 440 1525 μαχος
488 1439 598 1506 καὶ
646 1435 683 1507 ὁ
731 1442 1132 1524 Πολυίστωρ
1181 1440 1254 1505 ἐν
1299 1451 1440 1517 τοῖς
1483 1438 1634 1527 περὶ
1682 1443 1952 1518 Λυκίας.

403 1561 893 1630 DOOOLXXX.
964 1558 1553 1649 Ὡραπόλλων
1606 1562 2076 1651 Φενεβήθεως,
2140 1563 2363 1651 κώμης
2405 1567 2529 1631 τοῦ

205 1673 758 1737 Πανοποπλίτου
785 1672 1024 1756 νομοῦ,
1042 1667 1514 1758 γραμματικός,
1547 1668 1822 1751 διδάξας
1850 1673 1923 1739 ἐν
1942 1668 2398 1760 Ἀλεξανδρεία
2416 1672 2527 1738 καὶ

207 1776 288 1842 ἐν
312 1772 667 1865 Αἰγύπτῳ,
697 1771 838 1843 εἶτα
869 1776 941 1842 ἐν
971 1773 1689 1843 Κωνσταντινουπόλει
1720 1777 1824 1843 ἐπὶ
1852 1781 2241 1845 Θεοδοσίου.
2283 1783 2527 1865 ἔγραψε

211 1881 575 1968 τεμενικά,
622 1879 984 1967 ὑπόμνημα
1032 1884 1495 1967 Σοφοκλέους,
1538 1880 1873 1971 Ἀλκαίου,
1924 1887 2014 1964 εἰς
2044 1880 2355 1972 Ὅμηρον.
2556 1900 2607 1938 15

411 2008 924 2075 DOGOLXXXI.
991 2004 1269 2093 Ὠρίων
1316 2012 1611 2093 Θηβαῖος
1654 2012 1772 2095 τῆς
1818 2008 2185 2097 Αἰγύπτου.
2234 2029 2528 2095 συναγω-

212 2112 358 2201 γὴν
398 2117 722 2200 γνωμῶν,
769 2111 984 2199 ἤγουν
1013 2110 1430 2198 άνθολόγιον
1467 2112 1637 2201 πρὸς
1665 2112 2009 2183 Εύδοκίαν
2037 2114 2162 2203 τὴν
2190 2120 2525 2201 βασιλίδα,

217 2234 528 2305 γυναῖκα
572 2223 944 2288 Θεοδοσίου
989 2223 1112 2287 τοῦ
1158 2223 1431 2307 μικροῦ,
1479 2226 1707 2306 βιβλία
1753 2220 1840 2307 γ’.

405 2344 961 2413 DCCCLXXXII.
995 2342 1166 2430 Ὠρί
1171 2370 1278 2411 ων
1300 2339 1772 2428 Ἀλεξανδρεὺς
1799 2345 2264 2433 γραμματικός.
2295 2343 2527 2436 Ιάνθο-

218 2449 526 2541 λόγιονΙ,
559 2447 868 2519 Ἀττικῶν
906 2452 1146 2531 λέξεων
1185 2449 1609 2538 συναγωγήν,
1646 2451 1796 2539 περὶ
1835 2448 2286 2539 ἐτυμολογίας,
2327 2451 2523 2537 ἐγκω-
2554 2469 2607 2507 2⁰

226 2588 395 2646 μιον
439 2558 795 2647 Ἀδριανοῦ
840 2562 965 2627 τοῦ
1011 2563 1371 2647 Καίσαρος.

382 2806 409 2854 1
452 2797 748 2871 μαρτύρων
784 2816 885 2869 pro
922 2794 1120 2869 α’ναργ.
1161 2798 1303 2854 coni.
1341 2799 1642 2866 Kasterm,
1680 2800 1950 2855 librorum
1986 2799 2285 2856 lectionem
2323 2796 2524 2854 merito

230 2879 494 2936 defendit
530 2880 835 2935 Fabricius

381 2960 843 3015 DCCCLXXVIII
881 2961 1032 3017 Eud.
1061 2979 1114 3030 p.
1148 2966 1266 3015 743.
1305 2960 1523 3015 Pendet
1550 2959 1620 3014 de
1646 2959 1807 3029 Diog.
1839 2958 1963 3027 VII,
1992 2967 2090 3015 179
2122 2976 2253 3029 seq„
2288 2965 2390 3013 184
2410 2976 2523 3025 seq.

223 3040 317 3096 Cf.
357 3040 582 3095 Clinton
617 3060 670 3110 p.
707 3047 806 3095 197
839 3041 932 3094 Kr.
1080 3048 1112 3093 3
1146 3034 1506 3094 Ἀπολλωνίου
1544 3040 1816 3109 Dioye‘nes
1961 3047 1992 3095 6
2030 3035 2238 3109 γλυκὺν
2276 3034 2525 3108 ἄκρατον

222 3122 399 3189 Dioy.
476 3119 610 3175 Inde
658 3122 829 3190 epigr.
876 3119 1097 3175 Jacobs.
1137 3118 1366 3174 Anfihol.
1407 3119 1496 3176 Gr.
1537 3120 1639 3187 III,
1683 3126 1788 3175 706
1970 3128 1999 3176 ’7
2049 3120 2317 3189 συνέταχε
2367 3116 2431 3173 δὲ
2480 3123 2526 3170 Δ

225 3209 260 3257 8
305 3206 500 3257 πλεῖον
526 3206 621 3254 ΒΕ
659 3203 866 3255 πλείων
895 3206 949 3253 1
976 3206 1094 3256 Am.
1237 3199 1553 3269 Adscripsit
1590 3200 1789 3255 Suidas
1827 3201 2095 3256 nonnulla
2133 3218 2201 3255 ex
2236 3201 2481 3271 Dioye‘ne

380 3280 794 3336 DCCCLXXIX
834 3281 915 3337 Cf.
949 3280 1298 3348 Bernhardy,
1338 3279 1429 3334 Gr.
1460 3278 1565 3336 Lib.
1596 3280 1649 3332 Ι4
1683 3299 1737 3350 p.
1770 3287 1874 3335 354
1991 3287 2057 3337 10
2086 3280 2305 3337 Gallim.
2334 3281 2525 3349 hymn.

233 3362 364 3416 Del.
405 3366 508 3416 305
658 3367 719 3416 11
760 3362 962 3415 Mffller
998 3360 1077 3415 111
1113 3378 1168 3429 p.
1198 3365 1302 3413 236
1343 3358 1428 3428 (fr.
1459 3364 1551 3429 85)
1588 3363 1807 3415 Λυκίαν
1842 3367 1885 3413 Ε

374 3439 764 3495 DCCCLXXX
801 3457 908 3495 om.
937 3439 1210 3495 Westerm.
1271 3438 1460 3509 Steph.
1494 3440 1625 3510 Byz.
1663 3460 1715 3497 v.
1747 3440 2082 3512 Φενὲβηθις.
2134 3442 2218 3495 De
2246 3440 2525 3511 Hesychio

227 3519 440 3574 iniuria
477 3520 698 3575 dubitat
727 3520 922 3591 Daub,
963 3520 1120 3573 stud.
1165 3537 1212 3588 p.
1256 3524 1357 3572 129
1478 3526 1543 3574 12
1584 3520 1776 3589 scripsi
1816 3537 1942 3574 eum
1981 3519 2285 3589 Stephane,
2328 3523 2526 3573 Φαινε-

233 3598 461 3675 βύθεως
497 3600 630 3655 libri
790 3606 854 3654 13
900 3600 968 3669 τῇ
1019 3595 1082 3654 ἐν
1119 3598 1236 3668 Αἰγ.
1287 3600 1573 3668 eleganter
1618 3601 1918 3669 Κιιείενιιε,
1965 3600 2064 3655 sed
2109 3602 2389 3669 Αἴγυπτον
2434 3598 2527 3651 hic

229 3676 424 3749 χώραν
461 3692 581 3735 esse
621 3683 814 3736 monet
853 3678 1175 3734 Gutschmid
1321 3686 1386 3734 15
1431 3680 1534 3735 His
1582 3677 1815 3749 adiungi
1854 3680 2002 3750 apud
2040 3680 2268 3734 Suidam
2306 3696 2375 3734 ex
2417 3677 2527 3733 Da-

231 3758 444 3814 mascio
488 3761 651 3817 Phot.
691 3763 956 3832 excerpta
992 3760 1108 3815 dixi
1144 3760 1281 3815 Mus,
1320 3760 1495 3814 Rhen.
1536 3759 1745 3814 XXXV
1782 3779 1836 3831 p.
1866 3764 1995 3826 2253
2042 3760 2110 3815 cf.
2151 3758 2327 3815 etiam
2362 3760 2525 3815 Phot.

231 3858 288 3909 p.
320 3845 472 3895 536a
2413 3885 2419 3895 .

379 3916 792 3975 DCCCLXXXI
843 3922 997 3975 Haec
1045 3922 1125 3976 sio
1170 3915 1465 3978 constituit
1497 3920 1857 3990 Bernhardy:
1900 3916 2096 3991 Ὠρίων
2137 3915 2526 3990 Ἀλεξανδρεύς

234 3992 270 4067 ἢ
303 4000 554 4071 Θηβαῖος
587 4000 688 4069 τῆς
715 3998 1029 4070 Αἰγύπτου,
1059 3996 1457 4071 γραμματικός.
1507 3996 1841 4070 συναγωγὴν
1868 4002 2107 4071 γνωμῶν
2135 4031 2201 4039 -
2233 4001 2419 4072 βιβλία
2447 3998 2525 4070 γ’,

231 4073 487 4133 Ἀττικῶν
526 4112 593 4119 -
633 4081 944 4149 Καίσαρος;
983 4081 1080 4135 sed
1118 4082 1186 4135 ef.
1227 4080 1571 4137 Schneidew.
1638 4080 1789 4135 Coni.
1830 4080 1951 4135 erit.
1990 4099 2044 4150 p.
2075 4086 2142 4134 39
2257 4086 2321 4135 17
2369 4082 2523 4152 βασι-

237 4160 366 4213 λίδα
405 4163 502 4210 ΔΕ
544 4157 811 4232 βασιλέως
845 4162 990 4230 vuly.

229 4237 820 4390 ὮροέἓᾷξξΐῇΧΧΠ
880 4246 943 4295 19
983 4236 1326 4311 άνθολόγιον
1357 4260 1424 4297 ex
1453 4242 1638 4312 priore
1682 4242 1803 4298 vita
1830 4242 2185 4312 desumptum
2213 4243 2271 4297 et
2297 4239 2445 4296 infra
2473 4260 2523 4299 v.
2636 4257 2644 4264 ’
