3025 4892
1134 206 1558 265 HESYCHIUS.
2358 210 2485 273 227

384 368 733 435 DCGCXL.
831 374 942 435 Φί
956 376 994 435 λ
1014 396 1038 435 ι
1059 388 1156 435 στ
1180 394 1217 435 ο
1239 395 1271 447 ς
1331 374 1797 457 Ναυκρατίτης
1832 364 1903 459 Ιῆ
1962 368 2488 457 Σουρακούσιος.

210 470 601 561 Ἀρχωνίδου
655 473 818 554 υἱός.
911 472 1216 561 μαθητὴς
1275 474 1349 542 δὲ
1394 467 1481 562 ἦν
1531 473 1809 562 Εὐήνου
1852 478 1977 544 τοῦ
2022 477 2487 562 ἐλεγειοποιοῦ.

215 576 286 659 ὃς
318 584 567 669 πρῶτος
603 579 768 649 κατὰ
805 579 930 667 τὴν
969 578 1330 669 ῥητορικὴν
1366 583 1609 668 τέχνην
1650 584 1951 667 ἱστορίαν
1992 586 2254 671 ἔγραψε.
2336 604 2488 652 συν-

209 688 384 767 ε’ταξε
453 686 530 757 δὲ
599 688 841 774 τέχνην
906 686 1326 777 ρητορικήνΙ,
1391 684 1807 772 Λίγυπτιακοὶ
1874 689 1947 755 ἐν
2019 693 2305 775 βιβλίοις
2368 690 2487 776 ιβ’,

211 791 538 882 ΙΣικελικά
582 796 656 862 ἐν
703 798 990 879 βιβλίοις
1040 793 1187 884 ιαἸ,
1233 792 1398 881 πρὸς
1442 791 1563 861 τὸν
1620 792 2040 882 Τρικάρανον
2084 794 2291 881 λόγον
2337 799 2486 885 περὶ
2516 824 2542 863 5

207 898 674 988 Ναυκράτεως,
713 898 887 990 Ιπερὶ
928 906 1303 968 Διονυσίου
1347 904 1470 969 τοῦ
1516 900 1857 989 τυράννου
1894 906 2119 987 βιβλία
2170 902 2293 992 ςἸ,
2339 904 2489 990 περὶ

201 1010 314 1093 τῆς
360 1012 748 1094 Αἰγυπτίων
797 1012 1157 1093 θεολογίας
1199 1008 1435 1094 ’βιβλία
1490 1007 1583 1093 γ’,
1631 1007 2097 1098 ΙΛημηγορίας
2152 1011 2263 1076 καὶ
2319 1008 2489 1077 ἄλλα

201 1113 351 1181 τινά
361 1113 404 1204 Ι
487 1114 639 1202 περὶ
687 1119 945 1199 Συρίας
989 1114 1101 1181 καὶ
1149 1112 1422 1200 Λιβύης.

375 1221 772 1290 DGOOXLI.
871 1224 1262 1307 Φιλοκλῆς
1333 1226 1786 1301 Φιλοπείθους
1842 1218 2201 1309 Ἀθηναῖος
2266 1249 2488 1309 τραγι-

198 1327 340 1414 κός,
397 1341 540 1407 τοῖς
593 1325 864 1415 χρόνοις
910 1324 1056 1394 κατ’
1109 1325 1506 1415 Εὐριπίδην.
1596 1329 1972 1397 ἐπεκαλεῖτο
2021 1330 2095 1396 δὲ
2140 1328 2322 1415 Χολὴ
2372 1328 2483 1397 διὰ
2517 1360 2567 1398 10

196 1432 268 1500 τὸ
317 1433 579 1519 πικρόν.
669 1438 915 1521 ἔγραψε
961 1437 1334 1524 τραγῳδίας
1379 1435 1469 1522 ρ’,
1529 1425 1627 1503 ὧν
1673 1437 1807 1504 ἐστι
1857 1431 1978 1503 ’καὶ
2024 1440 2255 1504 ταῦτα·
2312 1433 2485 1524 Ἠρι-

195 1538 399 1626 γόνη,
475 1539 854 1625 Ναύπλιος,
930 1543 1281 1624 Οἰδίπους,
1357 1541 1626 1627 Οἰνεύς,
1700 1549 2035 1630 Πρίαμος,
2102 1544 2487 1631 Πηνελόπη,

199 1646 632 1733 Φιλοκτήτης.
725 1645 1068 1734 Αἰσχύλου
1125 1645 1198 1714 δὲ
1252 1650 1374 1715 τοῦ
1419 1653 1737 1735 τραγικοῦ
1783 1642 1869 1736 ῆν
1916 1648 2325 1736 ἀδελφιδοῦς
2377 1653 2489 1719 καὶ

198 1758 393 1839 ἔσχεν
439 1752 598 1820 υἱὸν
643 1750 1007 1841 Μόρσιμον
1053 1750 1173 1820 τὸν
1219 1752 1571 1841 τραγικόν,
1620 1745 1701 1821 οὗ
1745 1781 1927 1835 τινος
1972 1762 2227 1841 γίνεται
2266 1756 2489 1825 Ἀστυ-

194 1858 413 1945 δάμας
461 1856 496 1928 ὁ
543 1858 870 1945 τραγικός.
909 1898 993 1925 .--·
1042 1859 1287 1927 τούτου
1336 1856 1397 1926 δ’
1442 1862 1664 1948 ἕτερος
1716 1868 2110 1950 Φιλοκλῆς
2153 1863 2482 1951 τραγικός.
2515 1891 2569 1930 15

377 1966 805 2035 DOGOXLII.
905 1966 1348 2049 Φιλόξενος
1405 1966 1789 2037 Εὗλυτίδου
1845 1970 2226 2059 Κυθήριος,
2282 1978 2491 2060 (Καλ-

196 2079 546 2161 λίστρατος
584 2071 658 2140 δὲ
686 2071 1076 2162 εΗρακλείας
1125 2072 1335 2142 αὐτὸν
1373 2074 1615 2162 γράφει
1646 2079 1843 2162 <τῆς>
1873 2081 2269 2169 Ποντικῆς),
2307 2086 2491 2165 λυρι-

192 2179 330 2259 κός.
406 2185 651 2267 ἕγραψε
699 2179 1167 2269 διθυράμβους
1211 2180 1338 2249 κδ’.
1388 2186 1659 2270 τελευτᾷ
1709 2182 1782 2249 δὲ
1830 2185 1903 2250 ἐν
1937 2180 2209 2276 Ἐφέσῳ.
2294 2177 2493 2267 οὗτος

341 2340 623 2395 DCCCXL
669 2342 820 2397 Eud.
861 2360 914 2410 p.
947 2347 1067 2396 716.
1135 2341 1320 2395 Vitam
1364 2342 1514 2395 edidi
1552 2360 1773 2411 prorsus
1814 2346 2035 2398 secutus
2072 2343 2375 2399 Mfillerum
2412 2347 2489 2400 IV

109 2456 118 2461 -
192 2438 248 2489 p.
281 2426 347 2475 47
357 2426 404 2488 7,
444 2421 541 2488 qui
576 2420 880 2476 Philiscum
918 2422 1227 2486 rhetorem,
1265 2421 1565 2476 Philistum
1596 2422 2000 2493 Syracusanum
2015 2465 2028 2491 ‚
2066 2423 2210 2477 Phil.
2245 2425 2491 2481 Naucra-

194 2502 366 2556 titam
414 2501 670 2556 confusos
716 2518 834 2556 esse
884 2500 1042 2557 vidit.
1115 2502 1311 2569 Itaque
1357 2502 1432 2557 ad
1468 2504 1522 2556 Ν
1524 2504 1857 2559 aucratitam
1904 2505 2162 2573 spectant
2207 2520 2297 2572 ea,
2345 2522 2491 2573 quae

195 2584 360 2639 uncis
399 2585 604 2638 carent.
668 2582 864 2637 Talem
903 2582 1196 2651 descripsit
1233 2582 1579 2636 Gutschmid:
1622 2585 1738 2638 Φιλ.
1778 2586 1998 2653 Ναυκρ.
2047 2580 2116 2656 Ιῆ
2155 2587 2321 2653 Συρ.,
2356 2582 2489 2655 Ἄρχ.

193 2660 324 2725 υἱός
363 2695 428 2703 -
469 2659 712 2733 ἔγραψεΙ
763 2659 792 2735 ΙΙ
807 2660 1075 2727 συνέταξε
1117 2660 1180 2716 δὲ
1222 2692 1289 2701 -
1327 2658 1627 2733 ῥητορικήν
1648 2660 1679 2735 ΙΙ
1727 2660 2079 2732 Αἰγυπτιακά
2118 2695 2187 2705 --
2223 2662 2304 2736 ιβ’
2357 2664 2489 2737 ΙΣι-

193 2740 395 2798 κελικά
438 2772 505 2781 -
546 2738 656 2814 ἰαἸ
705 2738 888 2813 ΙΙπρὸς
933 2738 1032 2796 τὸν
1075 2738 1432 2811 Τρικάρανον
1477 2738 1691 2821 λό-γονΙΙ
1728 2744 1857 2812 περὶ
1896 2742 2281 2813 Ναυκράτεως
2327 2743 2492 2817 Ιπερὶ

198 2832 358 2879 Λιον.
397 2844 525 2891 πυρ.
556 2854 621 2862 —-
659 2819 734 2895 ςἸ
781 2823 909 2888 περὶ
945 2823 1042 2892 τῆς
1079 2822 1397 2892 Αἰγυπτίων
1425 2828 1585 2879 θεολ.
1622 2855 1680 2862 —-
1714 2821 1770 2892 γ’
1821 2822 2211 2895 ΙΔημηγορίας
2240 2856 2305 2863 -—
2334 2820 2489 2897 τινάΙ

197 2904 332 2974 περὶ
359 2904 574 2972 Συρίας
609 2903 709 2956 καὶ
736 2898 974 2972 Λιβύης,
1012 2904 1078 2956 ut
1113 2903 1337 2958 lineolis
1375 2902 1725 2972 simplicibus
1764 2904 2187 2972 circumscripta
2222 2906 2293 2959 ad
2324 2906 2490 2974 Syra-

202 2985 425 3040 cusium
461 2985 742 3053 spectent,
781 2982 1081 3051 duplicatis
1119 2984 1189 3039 ad
1227 2982 1533 3037 Philiscum
1681 2990 1708 3036 1
1751 2978 1895 3037 κατά
1936 2983 2000 3037 δέ
2039 3004 2195 3047 τινας
2230 2985 2381 3039 Eud.

197 3073 231 3121 2
266 3060 577 3134 Ἀρχενίδου
606 3063 759 3117 Eud.
791 3058 1178 3133 Ἀρχομενίδου
1211 3064 1458 3118 Pausan.
1490 3064 1558 3131 V,
1590 3070 1679 3133 23,
1709 3070 1741 3117 6
1870 3070 1903 3117 3
1931 3062 2133 3133 τέχνην
2166 3094 2233 3104 -
2272 3061 2491 3135 ῥητορι-

201 3142 313 3214 κήν
351 3162 460 3197 om.
489 3149 535 3196 V
707 3148 738 3196 ὅ
777 3140 1046 3198 Σικελικὰ
1083 3149 1182 3196 VB
1220 3144 1371 3200 Eud.
1419 3140 1729 3201 Σικελιακά
1777 3146 1922 3213 vuly.
2093 3141 2341 3214 Χάρωνα
2388 3162 2490 3214 pro

205 3231 360 3296 Τρικ.
397 3224 646 3292 Toupius
683 3223 809 3278 coll.
852 3224 1002 3279 Suid.
1042 3243 1093 3278 v.
1125 3220 1329 3292 Χάρων
1483 3228 1615 3296 post
1659 3221 1827 3294 λόγον
1873 3224 2243 3279 distinxerunt
2284 3224 2491 3293 Osann,

205 3303 374 3361 Beitr.
414 3304 465 3357 II
502 3321 555 3373 p.
583 3309 666 3373 12,
715 3303 1009 3377 Westejrm„
1049 3306 1259 3359 Malleo-
1423 3312 1454 3359 6
1492 3306 1680 3377 βιβλία
1720 3301 1774 3377 β’
1817 3305 2136 3360 Gutschmid
2295 3310 2328 3358 8
2366 3308 2488 3375 Λιβ.

204 3384 301 3441 καὶ
335 3387 476 3453 Συρ.
514 3383 666 3439 Eud.

345 3463 658 3520 DCCGXLI
704 3464 856 3519 Eud.
904 3484 958 3535 p.
993 3470 1111 3520 724.
1187 3464 1266 3519 Of.
1316 3484 1367 3521 v.
1411 3459 1775 3534 Ἀστυδάμαςς
1824 3464 1996 3520 schol.
2046 3466 2135 3519 Ar.
2184 3468 2332 3520 Aves
2371 3472 2489 3521 282.

207 3546 438 3601 Tractat
469 3542 750 3612 Welcker,
789 3545 880 3601 Gr.
920 3544 1085 3615 Trag.
1114 3563 1170 3614 p.
1202 3550 1301 3600 967
1415 3551 1448 3599 9
1490 3547 1867 3605 Φιλοπείθους
1904 3544 2075 3597 schol.
2115 3547 2332 3603 Πολυπ.
2361 3546 2494 3599 libri

209 3631 276 3679 10
312 3620 439 3679 κατ’
481 3618 684 3693 Εὐριπ.
725 3641 861 3680 corr,
904 3625 1128 3679 Clinto‘n
1163 3644 1217 3694 p.
1257 3624 1489 3679 XXXVI
1525 3627 1638 3679 not.
1677 3622 1772 3678 Kr.
1810 3620 1949 3693 μετὰ
1990 3617 2127 3690 Εὖρ.
2165 3622 2297 3676 libri

213 3712 273 3759 11
313 3704 410 3758 καὶ
448 3720 554 3758 om.
584 3709 630 3756 V
777 3710 842 3758 13
881 3696 954 3773 ἦν
991 3703 1054 3759 δὲ
1093 3704 1243 3774 Αἰσχ.
1283 3705 1434 3761 Eud.
1586 3709 1651 3757 15
1688 3698 1892 3758 τούτου
1933 3734 1999 3741 --
2038 3700 2167 3756 exit.
2199 3718 2306 3755 om.
2337 3702 2490 3757 Eud.

211 3782 512 3855 στρατηγός
547 3785 691 3854 vuly.
730 3782 992 3855 τραγικός
1028 3791 1180 3838 Anv

345 3862 686 3919 DCCCXLII
733 3865 883 3920 Eud.
923 3884 976 3935 p.
1018 3870 1137 3919 725.
1213 3865 1446 3921 Tractat
1491 3865 1704 3935 Bergk,
1750 3864 1905 3919 Poet.
1952 3864 2055 3932 lyr.
2102 3880 2159 3931 p.
2200 3866 2338 3915 1266
2378 3878 2489 3931 seq.

213 3946 534 4001 Rectissime
579 3946 646 3999 de
694 3944 942 4000 fontibus
977 3946 1130 4001 vitae
1176 3946 1605 4016 disputaverunt
1641 3946 2017 4010 Wachsmuth,
2056 3940 2244 4012 Symb.
2284 3960 2337 4010 p.
2372 3946 2490 4008 142,

213 4028 402 4093 Daub,
449 4027 518 4081 de
557 4025 708 4080 Suid.
747 4032 935 4095 p.·428
1096 4032 1162 4080 16
1201 4022 1520 4095 Εὐλητίδου
1557 4026 1701 4093 vuly.
1741 4025 1893 4080 Eud.
1932 4020 2247 4077 Εὖλυτίὸου
2284 4024 2491 4073 ABVE

215 4107 380 4163 verba
405 4107 816 4175 Καλλίστρατος
834 4138 901 4147 -
923 4108 1205 4175 Ποντικῆς
1231 4105 1553 4176 transposui
1582 4107 1742 4173 (φησι
1770 4122 1873 4173 pro
1902 4098 2107 4173 γράφει
2132 4101 2316 4169 vala),
2346 4099 2491 4155 infra

215 4189 340 4259 post
382 4186 610 4256 λυρικοῦ
657 4187 870 4241 habent
911 4186 1067 4254 libri3
1113 4188 1213 4257 τῆς
1251 4188 1381 4241 ante
1421 4189 1589 4239 Ποντ.
1630 4186 1757 4239 add.
1798 4180 2064 4238 suadente
2100 4182 2490 4251 Bernhardy03

217 4265 520 4323 callistrati
555 4266 694 4337 frag.
733 4267 886 4337 (περὶ
914 4263 1264 4337 Ἡρακλείας)
1303 4284 1410 4322 om.
1439 4265 1642 4319 Mfiller
1668 4264 1747 4319 IV
1774 4282 1828 4334 p.
1860 4269 1979 4318 354.
2042 4260 2121 4315 Cf.
2160 4279 2210 4317 v.
2246 4255 2490 4330 Ἰσοκρά-

217 4368 310 4417 της
455 4352 520 4401 18
556 4343 652 4400 κδ’
693 4346 790 4401 καὶ
827 4367 942 4416 γεν.
979 4367 1024 4401 τ.
1065 4345 1222 4401 Αἶαν.
1262 4350 1377 4415 μελ.
1416 4345 1511 4400 rel.
1552 4342 1770 4397 omissis
1808 4342 1956 4399 Eud.

1958 4431 2063 4485 15*
