3025 4892
571 226 702 292 156
1499 228 1929 285 HESYCHIUS.

564 393 700 458 τῶν
774 389 1171 478 θυγατέρων
1243 387 1472 459 αὐτοῦ.
1582 391 1818 477 γέγονε
1893 389 1969 459 δὲ
2037 389 2167 479 πρὸ
2239 390 2336 459 ια’
2400 397 2649 479 γενεῶν
2715 398 2841 461 τῶν

575 482 945 585 Τρωικῶν,
974 502 1091 565 καί
1131 516 1298 584 φασι
1345 495 1657 584 μαθητὴν
1702 498 2020 583 γενέσθαι
2066 495 2275 567 αὐτὸν
2323 504 2572 585 Λίνου,
2617 505 2843 587 βιῶναι

566 602 641 671 δὲ
696 602 927 689 γενεὰς
981 602 1058 671 θ’
1063 655 1081 688 ,
1153 606 1224 673 oc
1279 604 1356 673 δὲ
1412 604 1507 671 ια’
1557 611 1789 691 φασίν.
1878 610 2125 694 ἔγραψε
2182 607 2545 735 τριασμούς
2600 610 2840 699 (λέγον-

565 735 671 777 ται
719 710 794 778 δὲ
840 708 1014 779 εἶναι
1043 709 1282 793 Ἴωνος
1326 714 1450 781 τοῦ
1492 715 1840 840 τραγικοῦ·
1888 714 1961 781 ἐν
2011 711 2085 781 δὲ
2129 712 2393 793 τούτοις
2436 712 2517 782 τὰ
2566 717 2843 801 ἱεροστο-

513 836 539 875 ⁶
567 814 716 884 λικὰ
758 817 1190 909 καλούμενα),
1227 824 1475 899 κλίσεις
1499 818 1843 907 κοσμικάς,
1879 819 2322 905 νεοτευκτικά,
2360 818 2582 908 ἱεροὺς
2616 819 2845 907 λόγους

567 925 642 991 ἐν
699 926 1071 1015 ραψφδίαις
1122 923 1235 992 κδ’
1285 925 1623 1015 (λέγονται
1674 925 1749 993 δὲ
1796 923 1969 993 εἶναι
2014 925 2399 1014 Θεογνήτου
2442 931 2565 995 τοῦ
2610 935 2844 995 Θεσσα-

565 1033 721 1117 λοῦ,
770 1033 841 1097 οὗ
882 1030 958 1099 δὲ
1006 1033 1366 1120 Κέρκωπος
1410 1036 1533 1101 τοῦ
1582 1034 2125 1123 Πυθαγορείου),
2172 1034 2539 1122 χρησμούς,
2586 1040 2655 1103 οἳ
2694 1031 2844 1103 ἀνά-

567 1137 888 1225 φέρονται
926 1141 1020 1218 εἰς
1052 1135 1550 1227 Ὀνομάκριτον,
1596 1138 1857 1219 τελετάς
1905 1137 2182 1229 (ὁμοίως
2228 1141 2306 1209 δέ
2347 1162 2513 1227 φασι
2558 1143 2666 1209 καὶ
2700 1139 2846 1210 ταύ-

564 1271 680 1324 τας
721 1240 1253 1331 Ὀνομακρίτου),
1303 1245 1621 1334 <λιθικά>
1671 1248 1775 1335 (ἐν
1818 1245 2081 1327 τούτοις
2128 1244 2191 1314 δ’
2254 1251 2390 1315 ε”στι
2438 1248 2586 1335 περὶ
2639 1253 2843 1318 λίθων

487 1371 536 1409 10
565 1354 861 1437 γλυφῆς,
908 1348 1050 1437 ἥτις
1097 1350 1712 1440 ὀγδοηκοντάλιθος
1760 1352 2243 1440 ἐπιγράφεται),
2290 1356 2581 1442 σωτήρια
2625 1357 2845 1441 (ταῦτα

573 1459 972 1544 Τιμοκλέους
1014 1463 1138 1527 τοῦ
1185 1464 1662 1547 Συρακουσίου
1707 1459 1964 1546 λέγεται
2010 1455 2051 1547 ἢ
2091 1466 2437 1549 Περσίνου
2481 1466 2603 1529 τοῦ
2639 1468 2843 1547 Μιλη-

565 1565 770 1652 σίου),
807 1570 1138 1653 κρατῆρας
1176 1566 1410 1651 (ταῦτα
1442 1564 1778 1654 Ζωπύρου
1815 1567 2030 1654 φασί),
2068 1566 2487 1655 θρονισμοὺς
2515 1568 2848 1660 μητρῴους

561 1672 672 1738 καὶ
729 1672 1009 1759 βακχικοί
1062 1674 1293 1761 (ταῦτα
1351 1676 1602 1740 Νικίου
1665 1676 1786 1741 τοῦ
1840 1669 2153 1741 Ἐλεάτου
2209 1676 2418 1761 φασὶν
2480 1673 2710 1765 εἶναι),
2765 1679 2847 1753 εἰς

546 1776 786 1847 ’Ἁιδου
838 1778 1208 1865 κατάβασιν
1257 1781 1492 1867 (ταῦτα
1526 1775 1891 1865 Ἡροδίκου
1946 1784 2071 1848 τοῦ
2124 1784 2566 1869 Περινθίου),
2611 1784 2845 1849 πέπλον

488 1904 535 1943 ¹⁵
562 1885 674 1953 καὶ
740 1889 1012 1953 δίκτυον
1079 1886 1218 1973 (καὶ
1281 1890 1488 1953 ταῦτα
1545 1884 1881 1974 Ζωπύρου
1939 1891 2063 1954 τοῦ
2110 1885 2602 1975 Ἡρακλεώτου,
2658 1893 2727 1957 οἱ
2778 1889 2844 1955 δὲ

563 1994 990 2081 Βροντίνου),
1029 1989 1476 2078 ὀνομαστικὸν
1516 1996 1637 2079 ἔπη
1678 1994 1839 2084 ,ασ’,
1875 2000 2247 2079 θεογονίαν
2278 1999 2397 2081 ἔπη
2431 1994 2596 2085 ,ασ’,
2628 1994 2842 2084 ἀστρο-

562 2105 832 2186 νομίαν,
872 2098 1278 2188 ἆμοκοπίαν,
1323 2098 1770 2187 θυηπολικόν,
1819 2097 2160 2193 ᾥοθυτικά
2209 2096 2251 2187 ἢ
2301 2098 2679 2194 ᾠοσκοπικὰ
2724 2104 2843 2171 ε’πι-

561 2209 720 2293 κῶς,
785 2208 1302 2292 καταζωστικόν,
1369 2204 1655 2293 ὕμνους,
1727 2206 2221 2297 κορυβαντικὸν
2296 2210 2407 2277 καὶ
2463 2209 2740 2297 φυσικά,
2808 2206 2843 2276 ἃ

568 2320 949 2401 Βροντίνου
996 2319 1224 2400 φασίν.

484 2438 538 2477 2⁰
742 2431 972 2500 DXCI.
1023 2429 1344 2519 Ὀρφεὺς
1380 2436 1745 2510 Κικονατος
1784 2425 1825 2517 ἢ
1858 2425 2053 2518 Ἀρκὰ
2085 2425 2215 2517 <ἢ>
2252 2432 2325 2499 ἐκ
2350 2436 2707 2511 Βισαλτίας
2742 2434 2841 2517 τῆς

701 2704 735 2751 3
782 2693 1087 2768 τριαγμούς
1133 2699 1432 2752 Kasterus:
1490 2696 1561 2751 de
1607 2696 1739 2751 Ione
1788 2696 1939 2766 qnod
1994 2698 2253 2753 narratur
2298 2716 2501 2753 vanum
2552 2714 2669 2753 ense
2718 2696 2843 2753 vidit

560 2777 788 2832 Lobeck
824 2778 861 2832 l.
902 2796 947 2832 c.
985 2797 1040 2848 p.
1072 2783 1176 2833 384
1347 2783 1379 2831 5
1418 2773 1641 2846 κλήσεις
1676 2783 1723 2830 A
1768 2778 2007 2849 κλίματα
2052 2775 2292 2850 κοσμικοί
2330 2779 2607 2834 Kucterus
2651 2781 2839 2840 κτίσεις

561 2852 774 2927 κόσμου
811 2857 1166 2913 Eschenbach
1211 2857 1339 2912 coll.
1377 2857 1589 2912 Malala
1627 2877 1680 2928 p.
1721 2864 1786 2914 72
1834 2858 1964 2927 περὶ
2008 2860 2155 2914 θεοῦ
2203 2853 2237 2929 ἢ
2284 2859 2384 2930 τῆς
2428 2860 2698 2931 κοσμικῆς
2742 2860 2839 2913 κτί-

562 2955 724 3005 σεως,
761 2934 1139 2994 νεωτευκτικοὶ
1179 2938 1296 2993 sive
1332 2934 1707 2993 ναοτευιιτικοὶ
1736 2939 2115 3010 Eschenbach,
2154 2957 2392 3009 quorum
2417 2943 2679 2995 neutrum
2712 2940 2837 2995 arri-

560 3017 657 3071 det
700 3019 1095 3091 Bernhardyo,
1149 3020 1420 3089 κοσμικαί
1459 3022 1609 3070 ABE
1666 3020 1872 3082 κλίσεις
1927 3022 2297 3090 κοσμικαίνας
2340 3022 2486 3090 vulq.
2526 3019 2678 3075 Eud.
2726 3036 2842 3074 mox

558 3117 887 3153 νεοτευτικα
926 3100 1078 3155 Eud.
1115 3096 1495 3155 νεωτευκτικοί
1534 3100 1901 3154 Ησυιείωᾛὴαε
2029 3106 2060 3154 6
2100 3096 2389 3173 ῤἀψφὸίαι
2426 3104 2473 3154 A
2592 3106 2624 3155 9
2661 3094 2840 3155 λιθιιια

557 3179 688 3248 post
719 3172 903 3249 ’.Ονομ
941 3178 1211 3235 excidisse
1241 3180 1384 3235 vidit
1409 3180 1770 3252 Bernhardy,
1807 3180 1982 3234 verba
2018 3175 2081 3235 ἐν
2116 3211 2182 3220 -
2212 3183 2455 3249 γλυφαῖς
2492 3183 2594 3236 aut
2629 3198 2694 3236 ex
2729 3181 2839 3235 loco

559 3257 800 3327 genuino
837 3262 996 3314 mota
1031 3262 1090 3315 et
1124 3256 1281 3314 aliud
1309 3276 1551 3328 carmen,
1588 3258 1966 3315 Hieroetolica
1992 3260 2255 3331 fortasse,
2294 3263 2574 3331 spectare,
2611 3262 2709 3315 aut
2745 3260 2839 3313 duo

559 3338 730 3392 fuisse
777 3341 1044 3410 poemata
1086 3339 1324 3393 τελετῶν
1371 3358 1595 3396 nomme
1605 3381 1623 3407 ‚
1669 3359 1840 3396 unum
1888 3340 2234 3396 Onomacriti
2279 3342 2353 3407 ab
2399 3339 2634 3411 antiquo
2674 3358 2838 3411 gra-m-

558 3419 765 3475 matico
809 3420 1127 3489 laudatum,
1174 3419 1415 3475 alterum
1459 3420 1786 3477 r‘eoenfioris
1832 3422 2075 3478 auctoris
2122 3421 2191 3477 de
2236 3421 2491 3491 lapidum
2540 3420 2840 3489 sculpturiS,

559 3517 594 3554 a
633 3500 807 3555 Suida
852 3501 1219 3571 neglegenter
1265 3501 1498 3557 confusa
1545 3504 1736 3557 censet
1769 3501 1995 3557 Lobeck
2031 3520 2083 3571 p
2116 3507 2217 3557 377
2259 3496 2321 3557 ἐν
2358 3498 2582 3563 τούτοις
2628 3495 2683 3555 δ’
2735 3495 2842 3554 ἐστί

560 3600 668 3638 οιιι.
707 3583 886 3652 Eud„
935 3599 1044 3651 quo
1088 3580 1325 3637 fortasse
1367 3583 1675 3638 remedium
1714 3584 1840 3637 loco
1877 3582 2107 3638 affertur
2280 3588 2343 3635 11
2384 3582 2669 3649 Περγίνου
2704 3580 2835 3649 vulq.

554 3657 845 3733 Ἠεργίνου
885 3662 1036 3717 Eud.
1075 3663 1358 3731 Περσίνου
1395 3666 1493 3714 ΔΕ
1530 3656 1567 3730 ἢ
1607 3666 1777 3731 Περσ.
1816 3680 1953 3719 corr.
1987 3662 2323 3733 Bernhardy
2461 3665 2529 3715 14
2567 3662 2838 3731 Προδίκου

559 3743 703 3801 coni.
736 3743 973 3812 Malla,
1023 3740 1280 3798 Orchom
1296 3761 1376 3835 p.
1419 3750 1482 3797 18
1522 3745 1863 3839 Πειρινθίου
1901 3748 1948 3795 A
2131 3748 2195 3796 16
2243 3741 2321 3797 sic
2356 3746 2451 3795 BE
2500 3742 2770 3812 Βροτίνου
2802 3742 2838 3790 Δ

555 3825 700 3894 vulq.
733 3823 885 3878 Eud.
969 3816 1360 3893 ὄνομαστικῶν
1388 3824 1603 3879 Lobeck
1630 3819 2006 3894 ὄνομαστικὸν
2034 3827 2081 3874 A
2108 3816 2455 3891 ὀνομαστικὰ
2484 3820 2584 3877 rel.
2624 3820 2840 3875 fibulum

557 3899 1012 3959 commenticium
1067 3918 1186 3957 esse
1242 3902 1387 3958 vidit
1425 3903 1776 3973 Bernhardy:
1834 3903 1903 3959 ef.
1951 3902 2158 3973 Hiller,
2204 3902 2345 3957 Mus.
2397 3901 2576 3957 Rhen.
2624 3899 2841 3955 XXXIII

553 4003 612 4055 p.
642 3988 745 4037 523
785 3981 878 4050 (cf.
918 3981 1089 4036 etiam
1127 3981 1392 4053 Gieseke,
1433 3984 1578 4037 Mus,
1603 3983 1781 4041 Rhen.
1812 3984 1946 4040 VIII
1980 4002 2034 4054 p.
2064 3987 2156 4054 92)
2279 3988 2343 4037 16
2383 3987 2612 4053 θεογον.
2642 4016 2708 4023 -
2742 3977 2838 4057 ‘aa'

553 4061 791 4119 accessit
827 4078 894 4116 ex
930 4066 977 4113 A
1142 4066 1206 4115 17
1245 4058 1610 4134 ἄμμοκοπίαν
1647 4065 1799 4119 Eud.
1838 4058 2151 4135 οἶμοκοπίαι
2189 4067 2236 4117 A
2272 4057 2698 4133 ἄνεμοσκοπίαν
2734 4063 2839 4117 Fa-

555 4144 765 4199 bricius
799 4136 1158 4213 ἄμνοκοπίαν
1195 4142 1576 4213 Eschenbach,
1623 4138 2015 4215 ἆμνοσκοπίαν
2066 4144 2158 4199 vel
2194 4137 2609 4212 ἄστροσκοπίαν
2645 4142 2842 4198 Lobeck

554 4240 611 4293 p.
639 4228 740 4277 361
861 4221 922 4275 in
957 4237 1095 4276 voce
1135 4217 1344 4287 ἔπικῶς
1380 4224 1558 4281 latere
1598 4222 1705 4295 ἔπη
1741 4225 1938 4281 addito
1974 4232 2235 4280 versuum
2272 4239 2504 4277 numero
2542 4222 2841 4293 suspicatus

557 4303 647 4356 est
682 4301 894 4356 Lobeck
928 4318 983 4371 p.
1015 4306 1119 4355 355

698 4378 873 4434 DXCI
902 4380 1051 4436 Eud.
1083 4401 1135 4452 p.
1160 4387 1278 4439 528.
1319 4385 1593 4441 Tractant
1620 4386 1820 4457 Bergk,
1850 4384 1959 4442 Lit.
1990 4386 2081 4443 Gr.
2104 4386 2131 4441 I
2158 4403 2213 4457 p.
2235 4390 2356 4455 400,
2388 4385 2569 4453 Daub,
2600 4384 2673 4441 de
2703 4382 2840 4441 Suid.
