3025 4892
543 210 665 274 138
1125 296 1132 303 .
1566 216 1994 274 HEsYcfflUS.

533 368 1006 458 ἀρχαιολογίαν
1044 377 1118 441 ἐν
1153 380 1444 461 βιβλίοις
1480 376 1602 463 ιβ’,
1650 377 1907 465 μυθικὰ
1955 380 2029 449 ἐν
2076 387 2361 468 βιβλίοις
2390 382 2445 464 ζ’
2484 384 2597 452 καὶ
2637 383 2837 471 ἕτερά

535 504 687 545 τινα
731 480 880 565 περὶ
925 484 1043 567 τῆς
1088 485 1266 563 ἰδίας
1307 486 1645 570 πατρίδος.

710 596 946 666 DXIV.
1029 604 1648 687 Μελανιππίδης
1694 608 2071 690 Κρίτωνος,
2118 606 2415 693 γεγονώς
2476 605 2640 675 κατὰ
2695 605 2827 693 τὴν

532 699 627 783 ξε’
676 700 1077 791 ὀλυμπιάδα,
1127 704 1409 793 Μήλιος.
1483 712 1729 795 ἔγραψε
1778 708 1852 778 δὲ
1892 704 2603 800 διθυράμβωνβιβλία
2641 720 2827 781 πλεῖ-

477 830 502 869 5
532 827 652 875 στα
721 810 832 877 καὶ
900 810 1233 898 ποιήματα
1293 811 1482 882 έπικὰ
1538 815 1649 883 καὶ
1706 816 2164 904 ἐπιγράμματα
2220 819 2332 887 καὶ
2386 822 2655 905 ἐλέγους
2710 820 2829 887 καὶ

529 912 697 985 ἄλλα
743 924 1032 989 πλεῖστα.

707 1040 910 1110 DXV.
990 1046 1598 1128 Μελανιππίδης
1656 1046 2114 1130 θυγατριδοῦς
2164 1045 2287 1110 τοῦ
2340 1045 2825 1130 πρεσβυτέρου,

528 1160 683 1227 παῖς
739 1148 812 1216 δὲ
861 1152 1208 1236 Κρίτωνος
1263 1152 1543 1243 λυρικοῦ
1598 1149 1709 1215 καὶ
1765 1146 2006 1233 αὐτοῦ,
2063 1144 2137 1228 ὃς
2193 1150 2266 1217 ἐν
2323 1152 2401 1238 τῇ
2448 1154 2583 1218 τῶν
2622 1154 2874 1218 &nstv--

532 1255 809 1343 ράμβων
848 1260 1196 1344 μελοποιίᾳ
1240 1254 1715 1342 ἑκαινοτόμησε
1750 1263 2044 1340 πλεῖστα,
2090 1256 2200 1323 καὶ
2248 1260 2600 1342 διατρίψας
2636 1256 2821 1342 παρά

455 1384 504 1421 ιυ
535 1366 878 1453 Περδίκκᾳ
923 1365 1015 1453 τῷ
1063 1367 1327 1447 βασιλεῖ
1369 1364 1505 1429 ἐκεῖ
1546 1359 1667 1430 τὸν
1705 1368 1861 1448 βίον
1894 1363 2349 1449 κατέστρεψεν.
2424 1368 2669 1450 ἔγραψε
2709 1363 2825 1430 καὶ

531 1465 730 1550 αὐτὸς
777 1466 1036 1559 ᾅσματα
1084 1468 1321 1556 λυρικὰ
1367 1469 1476 1537 καὶ
1528 1469 2009 1560 διθυράμβους.

706 1586 945 1653 DXVI.
1021 1586 1480 1673 Μελέαγρος
1530 1584 1773 1672 [ὄνομα
1819 1585 2106 1673 κύριον]
2139 1639 2152 1653 .
2183 1640 2196 1653 .
2227 1639 2241 1653 .
2274 1578 2471 1665 οὗτος
2518 1582 2552 1653 ὁ
2602 1592 2823 1654 Μελέ-

529 1719 734 1778 αγρος
795 1694 1029 1773 Φοῖνιξ
1083 1684 1170 1779 ἦν
1221 1695 1370 1772 τῶν,
1415 1690 1547 1761 άπὸ
1607 1699 2071 1760 Παλαιστίνου
2125 1692 2401 1761 πόλεων.
2504 1695 2824 1779 ἐποίησεν

529 1798 604 1866 δὲ
639 1797 762 1867 τὸν
797 1796 1186 1885 θαυμάσιον
1221 1800 1489 1867 τουτονὶ
1528 1802 1665 1867 τῶν
1706 1798 2217 1885 ἐπιγραμμάτων
2256 1801 2611 1886 στέφανον.
2661 1820 2827 1868 συν-

449 1925 499 1965 15
528 1904 752 1987 έταξεν
799 1903 874 1971 δὲ
921 1901 1120 1984 αὐτὸς
1163 1904 1328 1972 κατὰ
1384 1919 1733 1991 στοιχεῖον.

703 2022 973 2087 DXVII.
1041 2026 1128 2086 M
1141 2045 1171 2086 ε
1191 2026 1230 2087 λ
1250 2018 1292 2106 ἦ
1313 2039 1355 2087 σ
1373 2046 1403 2087 ε
1425 2047 1464 2107 ρ
1486 2047 1533 2107 μ
1556 2048 1591 2087 ο
1614 2048 1644 2100 ς
1686 2019 2041 2106 Ἀθηναῖος
2088 2021 2426 2107 σοφιστής.
2529 2027 2829 2108 ἔγραψεν

527 2128 890 2197 ἐπιστολῶν
939 2128 1288 2211 ἑταιρικῶν
1333 2132 1561 2214 βιβλία
1607 2126 1724 2212 ιδ’,
1770 2127 1881 2195 καὶ
1928 2126 2332 2215 άγροικικῶν
2382 2130 2473 2210 ἕν,
2519 2155 2823 2216 μαγειρι-

525 2236 663 2301 κῶν
731 2235 1096 2301 ἐπιστολῶν
1163 2234 1269 2320 ἕν,
1336 2237 1793 2321 στρατηγικῶν
1849 2239 2117 2321 βιβλίον
2174 2237 2278 2319 ἓν,
2343 2240 2831 2321 συμποσιακῶν

525 2346 790 2429 βιβλίον
831 2343 920 2410 ἕν.

445 2478 498 2515 2⁰
702 2459 1004 2525 DXVIII.
1064 2458 1432 2544 Μέλητος
1468 2462 1689 2526 Λαΐου
1722 2454 2080 2544 Ἀθηναῖος
2107 2459 2343 2545 ῥήτωρ.
2403 2449 2598 2537 οὗτος
2628 2457 2829 2545 ἐγρά-

669 2733 694 2779 1
738 2723 820 2796 ιη’
849 2731 896 2778 V
1013 2732 1045 2781 2
1075 2726 1174 2781 καὶ
1204 2758 1268 2766 —-
1300 2727 1568 2793 πατρίδος
1597 2741 1707 2779 non
1739 2724 1959 2779 diversa,
1996 2742 2115 2797 esse
2154 2742 2187 2778 a
2214 2727 2639 2785 Μακεδονικοῖς
2678 2724 2832 2778 eius-

523 2807 650 2861 dem
688 2807 931 2862 auctoris
968 2807 1258 2879 perspexit
1295 2807 1620 2861 Gutschmid

664 2894 844 2949 DXIV
883 2897 1031 2951 Eud.
1073 2914 1125 2965 p.
1163 2901 1268 2950 498
1422 2900 1456 2947 4
1502 2889 1599 2947 πε’
1639 2897 1779 2950 coni.
1820 2896 2137 2961 ReinesiuS,
2185 2893 2282 2948 sed
2320 2892 2388 2947 cf.
2429 2908 2573 2961 quae
2616 2896 2828 2962 argute

522 2976 833 3045 disputavit
871 2977 1088 3043 Rohde‚
1127 2977 1267 3031 Mus.
1306 2974 1480 3027 Rhen.
1522 2972 1758 3028 XXXIII
1794 2994 1847 3045 p.
1886 2982 1989 3029 213
2010 2993 2121 3044 seq.
2162 2974 2257 3043 qui
2295 2974 2536 3043 priorem
2587 2976 2827 3042 poetam

521 3072 554 3109 a
593 3056 972 3125 grammaticis
1010 3057 1200 3111 fictum
1241 3073 1360 3111 esse
1399 3054 1566 3109 certis
1607 3055 1880 3109 conclusit
1916 3053 2257 3125 argumentis
2297 3054 2422 3108 coll.
2454 3052 2821 3121 potissimum

523 3154 571 3187 v.
612 3130 900 3203 Διαγόρας
935 3132 1156 3203 Μήλιος
1193 3138 1251 3190 et
1287 3136 1569 3189 Plutarch.
1610 3152 1750 3188 mus,
1792 3140 1859 3189 30
1950 3133 2033 3189 -δὲ
2074 3151 2181 3187 om.
2214 3134 2364 3189 Eud.
2404 3150 2557 3187 more
2598 3132 2771 3187 solito

524 3219 555 3267 5
595 3209 815 3282 ἐλεγεῖα
851 3216 995 3285 vulga.
1035 3216 1184 3270 Eud.
1227 3211 1452 3285 ἐλέγους
1489 3219 1641 3267 ARV

664 3300 817 3355 DXV
864 3303 1014 3357 Eud.
1054 3303 1090 3357 1.
1132 3321 1177 3358 c.
1362 3310 1391 3358 7
1437 3303 1823 3374 πρεσβυτέρου
1872 3302 2243 3372 probabiliter
2280 3303 2424 3358 coni.
2461 3303 2829 3374 Bernhardy,

521 3400 629 3437 rec.
663 3384 935 3439 Westerm.
974 3379 1291 3454 πρεσβύτου
1327 3385 1471 3453 vuly.
1520 3380 1725 3437 τούτου
1771 3401 1872 3453 pro
1910 3385 2101 3453 πρεσβ.
2141 3384 2292 3438 Eud.
2476 3390 2507 3438 9
2554 3383 2655 3437 καὶ
2694 3387 2827 3438 δια-

522 3465 725 3532 τρίψας
762 3496 831 3505 -—
869 3461 1250 3533 κατέστρεψεν
1290 3482 1396 3518 om.
1437 3464 1590 3518 Eud.

665 3553 846 3608 DXVI
885 3554 1123 3609 accessit
1159 3572 1226 3608 ex
1255 3553 1372 3608 cod.
1407 3553 1632 3607 Anthol.
1667 3554 1783 3608 Pal.
1843 3554 1923 3607 De
1962 3554 2066 3607 hoc
2102 3552 2312 3623 insigni
2351 3551 2620 3621 articu10,
2662 3552 2827 3607 cuius

523 3652 794 3703 nusquam
835 3634 973 3688 alibi
1000 3633 1245 3703 vestigia
1275 3636 1485 3701 extant,
1516 3632 1583 3687 cf.
1609 3633 1841 3701 Finsler,
1871 3631 2010 3689 Krit.
2032 3633 2189 3688 Unts.
2222 3650 2264 3686 Ζ.
2289 3633 2454 3687 Anth.
2485 3651 2538 3701 p.
2574 3637 2695 3688 152.
2736 3634 2823 3686 Cf.

519 3718 816 3784 praeterea
851 3714 1056 3770 Jacobs
1085 3714 1162 3767 VI
1192 3733 1244 3783 p
1278 3712 1427 3768 LXV
1465 3710 1804 3782 Μελεάγρου
1845 3713 2081 3779 ποιητοῦ
2112 3713 2494 3777 Παλαιστίνου
2532 3712 2827 3780 στέφανος

521 3792 814 3864 διαφόρων
856 3790 1291 3865 ἐπιγραμμάτων
1403 3800 1470 3847 14
1506 3791 1608 3848 τὸν
1646 3793 1775 3847 ante
1812 3792 1923 3844 τῶν
1962 3791 2085 3845 add.
2120 3793 2293 3859 Apoy.
2326 3791 2456 3843 Par.
2488 3791 2601 3844 τῶν
2630 3792 2756 3847 Pal.

525 3881 590 3930 15
618 3876 675 3929 in
704 3876 964 3931 Palatino
990 3876 1135 3931 libro
1166 3876 1415 3944 sequitur
1442 3874 1905 3937 additamentum,
1935 3868 2003 3931 de
2033 3886 2143 3939 quo
2174 3869 2287 3923 dixi
2312 3870 2625 3940 Prolegom.
2650 3874 2703 3925 11
2734 3880 2765 3939 ξ
2788 3882 2822 3927 2

662 3966 871 4019 DXVII
909 3966 1058 4021 Eud.
1089 3984 1141 4033 p.
1163 3971 1285 4020 496.
1333 3965 1414 4020 Of.
1444 3964 1659 4031 Robde,
1691 3964 1781 4017 Gr.
1814 3962 2032 4015 Roman
2060 3978 2111 4029 p.
2135 3965 2238 4013 343
2258 3961 2401 4028 not.,
2439 3958 2621 4029 Daub,
2653 3963 2818 4017 stud.

520 4064 574 4115 p.
615 4053 682 4101 67
833 4052 897 4100 17
937 4041 1058 4114 άγρ.
1101 4046 1315 4119 βιβλίον
1356 4042 1416 4099 ἓν
1455 4045 1624 4097 Daub
1702 4040 2082 4109 στρατηγικῶν
2121 4041 2169 4111 β.
2212 4036 2298 4106 ἓν,
2347 4056 2686 4109 quamquam
2727 4061 2823 4097 ac-

521 4125 688 4179 cessit
733 4140 802 4178 ex
836 4129 954 4194 AV,
1001 4126 1319 4194 suspectum
1366 4123 1507 4177 mihi
1553 4122 1801 4189 videtur,
1850 4137 1957 4175 om.
2006 4120 2148 4188 vuly.
2195 4118 2374 4185 Eud„
2424 4123 2822 4189 παρασιτικῶν

521 4206 888 4275 probabiliter
924 4205 1067 4260 coni.
1106 4205 1295 4259 Rohde

664 4293 899 4347 DXVIII
927 4295 1078 4349 Eud.
1110 4312 1162 4362 p.
1185 4300 1303 4348 496.
1337 4294 1416 4348 Of.
1447 4293 1663 4361 Nauck,
1690 4293 1757 4347 fr.
1777 4293 1920 4359 trag.
1950 4308 2003 4359 p.
2027 4295 2129 4343 606
2240 4294 2308 4341 20
2337 4287 2517 4342 Λαΐου
2541 4308 2609 4343 ex
2641 4292 2823 4348 schol.

523 4374 741 4428 Platon.
768 4374 868 4440 (VI
887 4391 942 4441 p.
965 4379 1068 4427 226
1090 4374 1298 4442 Herm.)
1330 4374 1717 4429 corr.Glinton
1742 4391 1795 4442 p.
1820 4377 1886 4425 59
1907 4371 2000 4424 Kr.
2031 4364 2221 4439 Λάρου
2252 4367 2382 4423 libri
2411 4367 2570 4423 Suid.
2598 4371 2657 4425 et
2682 4371 2824 4429 Eud
