3025 4892
1171 248 1600 306 HESYCHIUS.
2406 254 2439 317 l
2454 256 2532 319 19

272 407 363 473 καὶ
401 407 540 495 περὶ
585 405 1112 495 ἐπιχειρημάτων
1158 410 1233 477 ἐν
1277 414 1569 495 βιβλίοις
1607 410 1693 496 ε’,
1736 412 1886 499 περὶ
1922 416 2207 493 πειθοῦς
2240 420 2285 501 β
2296 412 2351 501 ’,·
2382 416 2533 504 περὶ

269 516 372 581 τοῦ
407 520 685 600 Νείλου,
732 516 974 601 τέχνην
1021 513 1384 603 ῥητορικὴν
1429 516 1541 585 καὶ
1590 519 1795 605 ἕτερα.

419 622 760 691 OCCGXL.
819 623 1076 709 Κέβης
1113 628 1408 710 Θηβαῖος
1435 623 1833 711 φιλόσοφος,
1872 626 2281 715 Σωκράτους
2315 638 2531 715 μαθη-

265 727 374 814 τής.
459 728 761 814 διάλογοι
834 728 908 797 δὲ
963 727 1174 799 αὐτοῦ
1228 733 1552 818 φέρονται
1622 730 1716 817 γ’·
1770 730 2099 820 Ἑβδόμη,
2170 734 2529 823 Φρύνιχος,

263 836 452 916 Πίναξ
497 837 665 923 (ἔστι
715 834 790 903 δὲ
833 840 969 905 τῶν
1017 837 1090 905 ἐν
1113 834 1352 906 ’Ἅιδου
1401 837 1763 927 διήγησις),
1809 840 1919 907 καὶ
1968 838 2135 909 ἄλλα
2179 841 2350 910 τινά.
2558 860 2583 901 5

414 941 792 1012 COOOXLI.
855 950 924 1011 Κ
934 950 1252 1024 ελστνος
1305 942 1676 1033 Εὔδωρον,
1724 947 2201 1033 Κασταβαλεὺς
2254 949 2527 1035 φιλόσο-

257 1074 386 1133 φος.
428 1053 672 1136 ἔγραψε
708 1046 1114 1137 συναγωγὴν
1152 1050 1508 1139 δογμάτων
1546 1050 1763 1138 πάσης
1792 1054 2106 1141 αἱρέσεως
2142 1056 2530 1143 φιλοσόφου

256 1154 353 1221 καὶ
395 1156 596 1242 ἕτερα.

411 1262 827 1331 CCCCXLII.
883 1270 1308 1350 Κεφαλίων
1347 1264 1360 1357 Ι
1399 1260 1442 1351 ἢ
1473 1264 1809 1351 Κεφάλων
1836 1271 2195 1355 Γεργίθιος
2222 1268 2268 1361 Ι,
2306 1268 2525 1359 ῥήτωρ

243 1370 347 1435 καὶ
381 1368 734 1455 ἱστορικός,
779 1368 1075 1455 γεγονὼς
1115 1371 1220 1439 ἐπὶ
1263 1368 1638 1459 Ἀδριανοῦ.
1713 1376 1919 1461 ἔφυγε
1967 1374 2039 1443 δὲ
2077 1374 2200 1461 τὴν
2237 1380 2523 1465 πατρίδα
2560 1396 2607 1435 ¹0

246 1476 330 1545 δι’
377 1474 734 1563 ἀπέχθειαν
781 1481 1137 1546 δυναστῶν
1181 1477 1292 1547 καὶ
1340 1480 1496 1565 ε’βίω
1542 1480 1617 1547 ἐν
1644 1486 1940 1569 Σικελίᾳ.
2003 1486 2249 1570 ἔγραψε
2286 1506 2528 1551 παντο-

243 1584 444 1666 δαπὰς
508 1588 804 1671 ἱστορίας
867 1586 940 1653 ἐν
1005 1589 1292 1671 βιβλίοις
1349 1584 1454 1672 θ’,
1540 1583 1735 1653 ἅτινα
1801 1589 2148 1676 ἐπιγράφει
2218 1588 2525 1675 Μούσας,

107 1764 126 1779 ‚
233 1690 392 1759 Ἰάδι
429 1692 778 1783 διαλέκτῳ,
817 1691 832 1782 Ι
881 1691 1154 1778 μελέτας
1199 1717 1266 1759 τε
1305 1692 1691 1780 ῥητορικάς,
1729 1694 1744 1785 Ι
1782 1695 1894 1762 καὶ
1941 1693 2111 1763 ἄλλα
2154 1695 2325 1763 τινά.

407 1799 853 1867 GOCOXLIII.
901 1800 1266 1884 Κέφαλος
1297 1796 1658 1885 Ἀθηναῖος
1693 1800 1916 1889 ῥήτωρ
1954 1802 2063 1871 καὶ
2103 1803 2522 1891 δημαγωγός,

235 1903 310 1985 ὃς
349 1909 605 1994 πρῶτος
640 1911 959 1993 προοίμια
993 1906 1106 1973 καὶ
1145 1900 1498 1991 ἐπιλόγους
1534 1909 1929 1994 προσέθηκε.
2012 1911 2247 1997 γέγονε
2295 1910 2366 1977 δὲ
2416 1910 2520 1977 ἐπὶ
2554 1926 2602 1966 1⁵

229 2017 344 2099 τῆς
377 2010 712 2098 ἀναρχίας.
777 2010 908 2097 [ὅτι
946 2013 1261 2099 Κέφαλος
1307 2003 1504 2093 οὗτος
1552 2018 1698 2101 ε”σχε
1742 2018 2085 2102 θυγατέρα
2131 2015 2255 2103 τὴν
2297 2024 2520 2103 Οἰήν.]

403 2121 848 2189 CCCCXLIV.
943 2117 1527 2205 Κηφισόδωρος
1595 2116 1983 2207 Ἀθηναῖος,
2055 2122 2344 2210 κωμικὸς
2406 2128 2523 2209 τῆς

227 2224 500 2315 ἀρχαίας
552 2231 920 2317 κωμῳδίας.
1025 2230 1206 2292 ἔστιν
1267 2221 1476 2292 αὐτοῦ
1550 2229 1684 2293 τῶν
1760 2226 2115 2313 δραμάτων
2174 2227 2519 2313 Ἀντιλαΐς,

221 2332 596 2419 Ἀμαζόνες,
651 2332 1071 2420 Τροφώνιος,
1107 2322 1230 2410 Ὗς.

368 2557 394 2603 1
435 2545 487 2604 ε’
520 2566 588 2603 ex
612 2552 652 2599 B
683 2544 935 2616 reposuit
963 2546 1260 2609 Καειονιιε,
1289 2546 1438 2600 idem
1466 2547 1705 2615 praebet
1732 2552 1793 2615 V,
1823 2546 1990 2603 πέντε
2024 2554 2069 2601 A
2096 2545 2165 2602 θ’
2196 2548 2515 2618 vu19.Eud.

366 2628 640 2683 CCCCXL
679 2627 828 2683 Eud.
867 2646 924 2697 p.
961 2632 1084 2680 446.
1151 2624 1229 2680 Cf.
1269 2642 1412 2695 quae
1456 2626 1572 2680 dixi
1608 2645 1660 2681 v.
1699 2625 2025 2690 Κάλλιππος
2172 2636 2207 2683 4
2245 2626 2516 2698 φέρονται

221 2704 400 2763 αὐτοῦ
437 2710 590 2764 Eud.
736 2714 766 2761 5
807 2704 922 2761 ἔστι
959 2704 1024 2760 δὲ
1063 2706 1160 2759 καὶ
1195 2708 1310 2760 τῶν
1345 2706 1788 2764 Ηαηείεθὴαείιιε

363 2787 666 2845 CCCCXLI
701 2788 854 2841 Eud.
884 2806 936 2856 p.
960 2793 1079 2841 446.
1122 2786 1230 2851 Qui
1258 2786 1424 2841 homo
1453 2786 1639 2853 fuerit,
1668 2786 1939 2841 nescitur:
1972 2790 2041 2841 cf.
2072 2787 2245 2857 Diels,
2276 2790 2513 2856 Doxogr.

215 2889 269 2939 p.
315 2876 416 2923 184
445 2872 558 2923 not.
671 2874 703 2923 6
741 2864 1200 2940 Κασταβασιλεύς
1227 2872 1272 2919 V
1308 2865 1683 2940 Κασταβαλάς
1711 2872 1805 2920 BE
1930 2874 1959 2923 7
2000 2863 2331 2937 φιλοσόφων
2361 2868 2512 2923 Eud-

217 2968 359 3018 quae
398 2950 498 3004 rel.
537 2966 644 3003 om.

360 3029 692 3085 CCCCXLII
729 3028 881 3083 Eud.
912 3046 964 3097 p.
995 3033 1116 3081 440.
1173 3024 1254 3082 Of.
1283 3027 1487 3083 Muller
1516 3029 1593 3082 111
1621 3048 1676 3099 p.
1709 3036 1777 3083 68
1816 3032 1873 3082 et
1902 3034 2023 3097 625,
2063 3030 2159 3097 qui
2188 3029 2513 3083 historicum

214 3111 494 3165 iuniorem
535 3108 934 3177 Cephalionem
979 3112 1038 3163 et
1082 3108 1456 3175 antiquiorem
1493 3108 1875 3177 Cephalonem
1912 3107 2174 3162 confusos
2212 3124 2334 3161 esse
2375 3106 2517 3163 vidit

215 3192 306 3259 (ef.
347 3190 551 3244 Strabo
579 3189 792 3259 XIII-p.
825 3192 975 3257 589);
1015 3187 1185 3241 etiam
1217 3185 1475 3255 tertium,
1512 3189 1823 3256 rhetorem,
1862 3188 2188 3255 accessisse,
2226 3188 2516 3241 contendit

213 3273 412 3339 Daub,
457 3270 612 3325 S'tud.
643 3288 696 3339 p.
728 3276 756 3324 7
869 3276 900 3323 9
943 3270 1242 3337 Γεργίθιος
1269 3271 1370 3318 Av
1409 3264 1727 3337 Γεργήθιος
1760 3269 1857 3324 rel.
1916 3268 1995 3324 cf.
2026 3268 2267 3335 Lobeck,
2306 3267 2429 3335 Agl.
2463 3268 2513 3320 II

213 3370 269 3419 p,
301 3358 406 3406 995
436 3368 550 3420 seq.
677 3356 742 3403 11
783 3345 1018 3420 ἐβίωσεν
1051 3350 1196 3417 vuly.
1237 3342 1369 3417 ἐβίω
1407 3354 1506 3402 VB
1622 3356 1687 3403 12
1728 3345 2034 3419 ἐπιγράφει
2072 3366 2140 3403 ex
2166 3352 2213 3400 A
2240 3347 2514 3402 Kasterus

118 3494 128 3505 ι
216 3428 600 3501 ἐπιγράφουσι
628 3430 726 3484 rel.
757 3430 907 3485 Eud.
1022 3435 1086 3482 13
1117 3425 1352 3499 μελέτας
1379 3427 1591 3483 rhetori
1619 3429 1751 3484 dedi
1858 3429 1956 3483 καὶ
1984 3424 2123 3482 ἄλλα
2152 3422 2328 3480 πολλά
2359 3428 2510 3481 Eud.

362 3511 718 3566 CCCCXLIII
756 3510 907 3564 Eud.
945 3527 1001 3577 p.
1029 3514 1151 3562 440.
1219 3508 1300 3562 cf.
1341 3507 1633 3566 Ruhnken.
1674 3510 1803 3564 hist.
1844 3527 1920 3563 or.
1958 3527 2013 3577 p.
2044 3505 2167 3561 XLI
2284 3512 2348 3559 15
2387 3525 2512 3560 συν-

213 3584 443 3645 τέθεικε
489 3592 634 3660 vuly.
673 3591 824 3646 Eud.
871 3588 1194 3658 προσέθηκε
1236 3592 1438 3641 ABVE
1550 3584 1644 3643 ἐπὶ
1680 3590 1779 3658 τῆς
1815 3583 2092 3656 άναρχίας
2130 3603 2195 3639 ex
2236 3587 2359 3639 Par.
2391 3587 2510 3641 Ku-

213 3678 391 3727 sterus
427 3667 536 3740 πρὸ
566 3692 611 3727 τ.
641 3665 732 3724 ἄν.
763 3665 848 3724 σε’
879 3669 1024 3738 libri,
1065 3664 1418 3739 ὀλυμπιάδας
1454 3670 1588 3737 post
1615 3664 1699 3723 σε’
1732 3669 1857 3722 add.
1888 3668 2056 3733 Eud„
2098 3666 2193 3719 ubi
2230 3685 2289 3719 οε
2332 3683 2397 3719 ex
2425 3660 2510 3719 ὅτι

210 3750 558 3820 insequentis
596 3751 817 3819 glossae
855 3766 976 3805 esse
1015 3752 1198 3805 ortum
1237 3748 1521 3818 perspexit
1556 3749 1914 3819 Bernhardy,
1953 3764 2065 3816 qua
2100 3746 2302 3801 vocula
2338 3746 2511 3801 semel

213 3834 436 3886 mutata.
481 3825 838 3899 ὀλυμπιάδας
878 3830 1178 3898 adscripsit
1222 3828 1398 3883 lector
1441 3828 1733 3897 insipiens;
1787 3828 1923 3883 olim
1968 3827 2141 3880 fuisse
2195 3820 2288 3879 ἐπὶ
2334 3846 2377 3878 τ.
2418 3820 2506 3879 ἄν.

212 3906 526 3981 ὀλυμπιάδι
571 3906 663 3981 Qe'
703 3912 872 3979 putat
911 3909 1109 3978 Daub,
1157 3909 1425 3964 maiorem
1477 3913 1537 3963 et
1584 3909 1857 3962 iuniorem
1907 3908 2185 3961 rhetorem
2239 3905 2333 3959 hie
2380 3922 2507 3960 eon-

212 3991 366 4047 fueos
402 4008 518 4046 esse
545 3993 700 4045 ratus
855 3996 919 4044 16
957 3990 1110 4043 Haec
1147 4007 1214 4044 ex
1249 3989 1440 4059 glossa.
1478 3988 1701 4058 Οἰῆθεν
1739 3988 1963 4041 fluxisse
2000 3986 2117 4039 dixi
2153 3985 2293 4041 Mus.
2328 3988 2505 4041 Rhen.

213 4069 421 4125 XXXV
449 4090 504 4140 p.
535 4075 667 4138 215,
703 4069 906 4125 merito
939 4087 1045 4125 om.
1077 4070 1348 4126 Westerm.

359 4149 713 4207 CCCCXLIV
753 4151 902 4207 Eud.
939 4170 991 4220 p.
1015 4157 1135 4205 443.
1177 4150 1258 4205 Cf.
1287 4150 1545 4206 Meineke
1576 4149 1601 4201 I
1628 4168 1681 4218 p.
1713 4154 1813 4203 267
1838 4166 1952 4215 seq.
2058 4154 2121 4203 17
2152 4142 2411 4216 τραγικός
2440 4180 2503 4186 —-

215 4234 532 4303 τραγῳδίας
559 4232 707 4299 libri,
735 4249 872 4287 corr.
896 4234 1188 4298 Kusterus,
1215 4233 1349 4301 quia
1377 4230 1652 4285 comicum
1682 4230 1995 4297 agnoscunt
2013 4228 2216 4281 Athen.
2238 4226 2315 4279 IX
2334 4245 2387 4296 p.
2402 4232 2505 4281 459

219 4314 276 4365 et
310 4311 508 4366 Pollux
535 4312 629 4377 IV,
659 4317 728 4365 24
893 4318 957 4366 18
997 4309 1234 4381 φέρεται
1271 4305 1449 4365 αὐτοῦ
1489 4305 1750 4378 δράματα
1777 4308 1929 4362 Eud.
2101 4304 2361 4371 Ἀντιλαΐς
2398 4326 2503 4363 om.

223 4390 373 4445 Eud.
411 4387 537 4453 υἱός
572 4406 674 4458 pro
713 4380 779 4453 ὖς
817 4396 862 4443 V
