3025 4892
639 214 722 284 76
1560 216 1988 274 HEschUS.

631 380 982 466 ἐπαφεῖναι
1030 377 1228 472 αὐτῷ.
1312 383 1382 448 oc
1425 377 1500 446 δὲ
1547 377 1911 467 ἱστόρησαν
1959 376 2083 467 οὐχ
2129 375 2260 448 ὑπὸ
2296 380 2548 464 κυνῶν,
2594 377 2741 448 ἄλλ’
2786 376 2895 448 ὑπὸ

629 491 969 570 γυναικῶν
1042 486 1306 572 νύκτωρ
1382 491 1919 574 διασπασθῆναι,
1988 485 2447 575 πορευόμενον
2520 485 2694 571 άωρὶ
2759 486 2897 572 πρὸς

632 590 984 681 Κρατερὸν
1028 591 1147 662 τὸν
1197 592 1537 682 ἐρώμενον
1579 592 1964 681 Ἀρχελάου·
2008 594 2119 662 καὶ
2165 592 2291 680 γὰρ
2339 606 2526 680 σχεῖν
2566 592 2773 662 αὐτὸν
2805 594 2892 660 καὶ

628 699 779 787 περὶ
824 700 983 782 τοὺς
1027 700 1374 780 τοιούτους
1419 706 1683 791 ἔρωτας.
1769 706 1838 770 οί
1859 700 1956 768 δὲ
1999 700 2167 786 πρὸς
2210 698 2335 787 τὴν
2378 697 2672 787 γαμετὴν
2718 707 2891 768 Νικο-

576 825 601 868 5
632 810 826 875 δίκου
878 813 1000 876 τοῦ
1055 806 1514 895 Ἀρεθουσίου.
1607 815 1717 895 ἔτη
1776 809 1851 877 δὲ
1905 812 2157 896 βιῶναί
2196 811 2492 896 <φασιν>
2543 805 2749 876 αὐτὸν
2792 806 2889 892 οε’,

628 914 739 982 καὶ
785 912 864 985 τὰ
903 911 1066 984 ὀστᾶ
1103 914 1316 985 αὐτοῦ
1355 919 1427 986 έν
1465 920 1693 1007 Πέλλῃ
1739 922 2172 1004 μετακομίσαι
2208 915 2327 985 τὸν
2365 918 2687 1002 βασιλέα]
2759 915 2890 1002 δρά-

629 1048 800 1109 ματα
839 1023 913 1091 δὲ
960 1022 1171 1092 αὐτοῦ
1217 1023 1382 1094 κατὰ
1418 1025 1543 1112 μέν
1587 1051 1775 1104 τινας
1820 1024 1940 1110 οε’,
1985 1023 2149 1093 κατὰ
2199 1023 2274 1092 δὲ
2319 1021 2568 1102 ἄλλους
2612 1023 2743 1108 οβ’,
2786 1022 2888 1090 σώ-

635 1135 858 1210 ζονται
907 1130 981 1198 δὲ
1020 1129 1136 1212 οζ’.
1209 1137 1401 1211 νίκας
1447 1131 1522 1200 δὲ
1569 1128 1866 1200 ἀνείλετο
1914 1131 1996 1215 ε’,
2041 1129 2158 1210 τὰς
2202 1130 2325 1218 μὲν
2372 1129 2441 1197 δ’
2480 1131 2746 1215 περιών,
2785 1127 2887 1214 τὴν

630 1235 705 1303 δὲ
768 1241 928 1321 μιάν
991 1236 1151 1325 μετὰ
1213 1238 1337 1324 τὴν
1399 1238 1745 1327 τελευτήν,
1812 1238 2313 1325 ἐπιδειξαμένου
2376 1235 2451 1304 τὸ
2522 1240 2737 1323 δρᾶμα
2786 1239 2888 1303 τοῦ

551 1361 602 1402 10
630 1339 1002 1428 ἀδελφιδοῦ
1049 1343 1257 1413 αὐτοῦ
1303 1343 1701 1433 Εὐριπίδου.
1787 1347 2160 1426 ἐπεδείξατο
2210 1343 2285 1411 δὲ
2323 1341 2524 1424 ὅλους
2571 1341 2887 1420 ἐνιαυτοὺς

628 1447 756 1534 μβ’.
794 1524 801 1530 ,
847 1450 956 1517 καὶ
1004 1458 1272 1542 τελευτᾷ
1319 1454 1424 1521 ἐπὶ
1469 1457 1588 1539 τῆς
1633 1452 1731 1538 Qy'
1779 1449 2208 1539 ὀλυμπιάδος.

805 1576 1265 1645 OGLXXXIX.
1346 1573 1741 1663 Εὐσέβιος
1790 1575 2097 1662 Ἀράβιος
2156 1575 2507 1663 σοφιστής,
2574 1574 2883 1661 ἀντισοφι-

628 1673 930 1763 στεύσας
950 1684 1058 1751 καὶ
1109 1681 1308 1765 αὐτὸς
1355 1682 1733 1777 Οὐλπιανῷ.

805 1808 1044 1876 CCXC.
1122 1806 1539 1896 [Εὐσέβιος
1587 1806 1623 1876 ὃ
1666 1815 2054 1896 Παμφίλου,
2096 1815 2572 1896 προσκείμενος
2608 1812 2684 1897 τῇ
2715 1804 2883 1894 Ἀρει-

549 1931 598 1971 1⁵
626 1918 823 2002 ανικῇ
863 1916 1142 2000 αἱρέσει,
1196 1917 1549 1995 ἐπίσκοπος
1587 1922 1993 2005 Καισαρείας
2028 1921 2146 2004 τῆς
2184 1921 2668 2002 Παλαιστίνης,
2713 1935 2881 1982 σπου·

627 2025 818 2099 δαῖος
880 2022 953 2089 έν
1016 2035 1160 2102 ταῖς
1223 2028 1443 2102 θείαις
1503 2039 1827 2110 γραφαῖς,
1890 2024 2000 2092 καὶ
2060 2027 2180 2110 τῆς
2231 2029 2426 2102 θείας
2479 2021 2883 2109 βιβλιοθήκης
2972 2025 2974 2084 ζ

625 2155 760 2216 αμα
826 2133 1162 2219 Παμφίλῳ
1231 2135 1322 2220 τῷ
1389 2129 1676 2216 μάρτυρι
1740 2132 2239 2230 ἐπιμελέστατος
2300 2129 2707 2218 ἆνιχνευτής.
2802 2130 2880 2207 ἐξ·

626 2238 832 2305 έδωκε
895 2235 1106 2304 πολλὰ
1168 2235 1396 2324 τεύχη,
1463 2228 1562 2304 ὧν
1610 2242 1738 2306 είσι
1794 2236 1983 2306 τάδε
2038 2235 2465 2325 εὐαγγελικης
2520 2236 2880 2317 ἀποδείξεως

625 2340 815 2430 λόγοι
870 2341 958 2429 κ’,
1015 2340 1440 2430 εὐαγγελικῆς
1493 2347 2046 2432 προπαρασκευῆς
2098 2343 2289 2431 λόγοι
2346 2344 2453 2431 ιε’,
2510 2347 2880 2432 θεοφανείας

546 2464 597 2504 ²⁰
626 2449 816 2537 λόγοι
854 2449 934 2536 ε’,
979 2453 1518 2537 ἐκκλησιαστικῆς
1556 2454 1851 2539 ἱστορίας
1886 2450 2081 2538 λόγοι.
2120 2454 2192 2539 ι’,
2231 2457 2566 2540 χρονικῶν
2602 2451 2879 2520 κανόνων
2970 2499 2972 2502 ⁴

623 2563 1052 2644 παντοδαπῆς
1098 2560 1414 2642 ἱστορίας,
1459 2558 1572 2626 καὶ
1617 2558 1874 2627 τούτων
1924 2559 2217 2647 ἐπιτομή.
2289 2561 2401 2628 καὶ
2437 2561 2586 2645 περὶ
2623 2563 2733 2646 τῆς
2764 2559 2877 2626 τῶν

612 2662 1029 2751 εὐαγγελίων
1080 2670 1483 2752 διαφωνίας,
1542 2669 1637 2744 εἰς
1696 2663 1818 2733 τὸν
1873 2663 2227 2754 προφήτην
2277 2665 2555 2735 Ἡσαΐαν
2602 2665 2778 2751 λόγοι
2817 2662 2877 2745 ι’,

622 2769 788 2838 κατὰ
824 2779 1241 2859 Πορφυρίου.
1273 2776 1395 2840 τοῦ
1427 2771 1575 2840 τότε
1613 2769 2125 2860 συγγράφοντος
2161 2775 2234 2842 ἐν
2273 2779 2572 2862 Σικελίᾳ,
2612 2771 2697 2852 ὥς
2727 2796 2878 2847 τινες

626 2885 911 2963 οἴονται,
943 2877 1132 2965 λόγοι
1160 2880 1239 2965 λ’,
1285 2882 1577 2947 τοπικῶν
1603 2880 1801 2964 λόγος
1828 2877 1921 2963 α’,
1950 2877 2309 2965 ἀπολογίας
2340 2878 2507 2964 ὑπὲρ
2534 2877 2881 2966 Ὠριγένους

543 2999 596 3040 ²⁵
623 2982 813 3070 λόγοι
871 2983 957 3072 ς’,
1013 2986 1162 3071 περὶ
1199 2989 1330 3054 -τοῦ
1375 2991 1535 3072 βίου
1572 2991 1939 3072 Παμφίλου
1985 2984 2178 3072 λόγοι
2223 2985 2312 3073 γ’,
2360 2987 2510 3072 περὶ
2557 2984 2878 3074 μαρτύρων

623 3092 810 3179 ἕτερα
857 3092 1358 3182 συγγράμματα,
1403 3093 1514 3159 καὶ
1562 3097 1657 3172 είς
1691 3091 1845 3171 τοὺς
1884 3092 1996 3179 ρν’
2034 3091 2339 3180 ψαλμοὺς
2377 3092 2874 3181 δεδοκιμασμένα

769 3379 792 3426 1
836 3374 913 3444 τῷ
954 3370 1236 3448 Εὐριπίδῃ
1264 3364 1365 3446 prb
1399 3371 1552 3447 αὐτῷ
1587 3375 1729 3428 Mos.
1816 3373 1996 3445 ἕτεροι
2028 3377 2172 3432 Mos.
2207 3375 2662 3448 ἴστορήσαντεςἿ
2739 3384 2767 3431 4
2791 3377 2872 3429 Νι-

621 3454 854 3508 κοδίκου
893 3458 1047 3507 AVE
1087 3454 1424 3526 Νικοδήμου
1461 3454 1556 3510 vel
1592 3455 1929 3524 Νικοδημοῦ
1965 3458 2108 3525 vuly.
2288 3463 2319 3512 5
2362 3457 2694 3531 βεβιωκέναι
2730 3455 2870 3522 φασίν

623 3532 766 3588 Mos.
818 3534 1018 3606 βιῶναι
1065 3553 1171 3590 om.
1222 3555 1397 3605 φασιν
1437 3535 1597 3590 Suid.
1645 3553 1824 3602 φασιν
1868 3535 2076 3591 inserui
2120 3537 2209 3605 (cf.
2257 3556 2308 3592 v.
2351 3539 2640 3606 Δαφίδας)
2681 3531 2751 3606 ρε’
2790 3549 2868 3602 pro

622 3609 701 3668 σε’
742 3613 1028 3670 Dobraeus
1066 3616 1291 3672 Advers.
1333 3623 1364 3670 2
1403 3636 1457 3687 p.
1500 3621 1603 3671 125
1642 3616 1737 3670 καὶ
1775 3611 1844 3669 τὰ
1883 3611 2020 3670 ὀστᾶ
2058 3648 2128 3656 --
2166 3612 2243 3671 οε’
2285 3635 2391 3672 om.
2430 3623 2477 3670 A
2636 3625 2665 3672 ’1
2702 3614 2865 3681 σώζον-

619 3715 712 3749 ται
751 3692 814 3750 δὲ
854 3693 938 3762 οζ’
981 3714 1087 3751 om
1126 3704 1172 3750 V
1331 3706 1362 3753 9
1405 3694 1841 3767 ἐπιδειξαμένου
1882 3727 1944 3736 -—
1984 3694 2084 3767 μβ’
2125 3714 2233 3751 om.
2276 3697 2421 3751 Mos.
2573 3705 2639 3753 10
2672 3693 2863 3762 ἀδελφι-

620 3775 756 3838 δοῦς
795 3776 1012 3831 omissis
1051 3773 1228 3833 αὐτοῦ
1268 3774 1406 3847 Εὐρ.
1441 3783 1487 3830 V
1635 3784 1694 3832 11
1748 3772 1843 3845 κβ’
1883 3780 1983 3829 AV
2021 3773 2114 3834 κς’
2152 3778 2250 3834 rel.
2295 3772 2392 3846 με’
2431 3777 2707 3847 Hartuny.
2764 3775 2862 3828 Eur.

619 3855 794 3909 restifi.
837 3863 860 3910 1
904 3875 956 3926 p.
991 3863 1026 3910 4
1099 3854 1197 3931 μβ’
1237 3859 1569 3928 Bernhardy
1609 3859 1883 3912 Westerm.
1922 3855 2019 3910 καὶ
2055 3854 2289 3911 τελευτα
2318 3861 2363 3909 A
2398 3858 2631 3932 τελευτᾷ
2669 3853 2722 3911 δ’
2750 3856 2862 3909 Mos.

620 3930 884 3992 ἀπέθανε
926 3933 1022 3992 ἐπὶ
1057 3939 1201 4008 plur.
1243 3939 1450 3994 Suidae
1487 3936 1621 3994 libri

763 4033 1132 4088 CCLXXX1X
1170 4035 1320 4090 Eud.
1351 4056 1402 4106 p.
1425 4043 1547 4092 289.
1614 4037 1694 4091 Cf.
1733 4036 1923 4104 Daub,
1962 4036 2031 4088 de
2064 4033 2217 4089 Suid.
2250 4053 2301 4104 p.
2325 4041 2428 4088 407
2544 4041 2608 4089 12
2647 4031 2705 4096 ὃς
2738 4028 2863 4086 ἄντε-

619 4116 988 4183 σοφίστευσεν
1028 4109 1206 4171 Οὐλπ,
1245 4116 1395 4171 Eud.
1553 4122 1619 4170 13
1659 4111 1974 4186 Οὐαπιανῷ
2012 4122 2054 4168 E

763 4210 948 4266 CGXC
987 4211 1147 4265 fluxit
1183 4231 1249 4268 ex
1287 4213 1813 4282 Hieron-Sophron.
1853 4232 1900 4268 ο.
1939 4219 2004 4267 81
2175 4218 2240 4267 14
2273 4207 2549 4282 Ἀριοινικῇ
2587 4218 2634 4265 A
2776 4199 2857 4274 ἀφ’

619 4283 699 4345 ὧν
739 4290 819 4353 εἰς
860 4286 958 4360 ἐμὲ
998 4288 1154 4360 λόγοι
1192 4294 1369 4347 εἴκοσι
1406 4292 1583 4364 μόνον
1621 4295 1934 4364 περιῆλθον
1972 4294 2104 4361 posb
2142 4295 2282 4348 Παλ.
2325 4293 2449 4347 add.
2492 4293 2654 4362 δορὴ.

620 4376 687 4426 22
728 4366 826 4422 τὸν
864 4367 1162 4440 προφήτην
1203 4388 1309 4425 om.
1351 4371 1517 4446 δορὴ.
1663 4379 1730 4430 25
1771 4375 1871 4431 τοῦ
1911 4377 1981 4432 Π.
2020 4373 2303 4447 υκῖ9.[τοῦ
2345 4390 2452 4430 om.
2489 4377 2637 4430 ABE
