3025 4892
539 232 668 298 102
1465 230 1893 289 HESYCHIUS.

715 393 1133 462 CCCLXXX.
1191 389 1467 461 Ἰάσων
1501 391 1795 481 Ἀργετος
1832 392 2194 480 ἱστορικός,
2243 391 2566 479 νεώτερος
2601 399 2801 459 Πλου-

534 498 785 586 τάρχου
855 502 978 567 τοῦ
1041 502 1470 587 Χαιρωνέως,
1539 498 2060 588 [γραμματικός].
2161 504 2406 586 ἔγραψε
2490 500 2640 582 περὶ
2705 503 2807 585 τῆς

523 602 847 684 Ἑλλάδος
900 609 1126 691 βιβλία
1179 604 1246 671 δ’
1303 606 1467 695 (ἔχει
1526 606 1600 674 δὲ
1661 603 2138 693 ἀρχαιολογίαν
2181 602 2529 691 Ἑλλάδος,
2582 606 2689 673 καὶ
2736 604 2807 673 τὰ

536 709 666 779 ἀπὸ
729 714 865 778 τῶν
927 715 1290 797 Μηδικῶν,
1354 712 1434 780 τά
1498 738 1569 779 τε
1632 710 1773 779 κατ’
1835 711 2271 799 Ἁλέξανδρον
2340 714 2463 791 ἕως
2524 716 2809 797 τελευτῆς

402 890 406 894 ,
483 841 509 882 5
539 815 748 887 αὐτοῦ
799 819 910 886 καὶ
965 817 1046 886 τὰ
1093 821 1282 908 μέχρι
1332 816 1714 905 Ἀθηναίων
1764 816 2073 899 ἁλώσεως
2124 823 2243 905 τῆς
2286 819 2648 906 γενομένης
2690 815 2808 885 ὑπὸ

533 922 970 1012 Ἀντιπάτρου
1014 930 1135 994 τοῦ
1183 923 1431 1012 πατρὸς
1477 924 1946 1015 Κασάνδρου).

716 1033 1168 1101 CCCLXXXI.
1235 1030 1512 1101 Ἰάσων
1551 1032 2043 1121 Μενεκράτους,
2082 1031 2397 1112 Νυσαεὺς
2442 1034 2515 1100 ἐκ
2561 1031 2811 1120 πατρός,

539 1137 667 1208 άπὸ
699 1140 772 1208 δὲ
801 1139 1048 1228 μητρὸς
1065 1137 1342 1226 Ῥόδιος,
1367 1139 1764 1227 φιλόσοφος,
1785 1139 2089 1227 μαθητὴς
2116 1140 2225 1207 καὶ
2246 1144 2696 1229 θυγατριδοῦς
2714 1139 2814 1207 καὶ

541 1246 856 1332 διάδοχος
892 1251 1006 1333 τῆς
1043 1248 1115 1315 ἐν
1144 1244 1354 1339 Ῥόδῳ
1393 1250 1742 1334 διατριβῆς
1772 1251 2240 1315 Ποσειδωνίου
2274 1250 2396 1314 τοῦ
2434 1245 2816 1333 φιλοσόφου.

462 1377 513 1416 ιο
544 1358 791 1439 ἔγραψε
818 1357 1010 1437 βίους
1038 1352 1356 1435 ἐνδόξων,
1383 1353 1493 1419 καὶ
1524 1352 1924 1439 φιλοσόφων
1953 1351 2270 1443 διαδοχὰς
2298 1353 2410 1421 καὶ
2433 1358 2588 1439 βίον
2606 1350 2817 1419 Ἐλλά-

543 1462 661 1538 δος
698 1460 771 1526 ἐν
798 1463 1087 1544 βιβλίοις
1121 1458 1186 1525 δ’
1217 1457 1382 1526 κατά
1418 1486 1625 1538 τινας.
1684 1450 1938 1543 [οὗτος]
1980 1464 2227 1546 ἔγραψε
2262 1459 2372 1527 καὶ
2402 1460 2551 1547 περὶ
2578 1456 2819 1526 Ῥόδου.

720 1566 1202 1632 CCCLXXXII.
1287 1564 1599 1651 Ἴβυκος
1656 1570 1916 1633 Φυτίου
1975 1567 2075 1653 (οἰ
2130 1565 2206 1634 δὲ
2260 1565 2656 1652 Πολυζήλου
2696 1568 2811 1631 τοῦ

541 1678 940 1758 Μεσσηνίου
987 1671 1537 1760 ἱστοριογράφου,
1587 1675 1655 1740 οἱ
1699 1672 1773 1740 δὲ
1816 1672 2256 1763 Κέρδαντος),
2302 1674 2481 1759 γένει
2517 1672 2820 1757 Ῥηγῖνος,

541 1779 822 1845 ἐνθένδε
873 1782 967 1857 εἰς
1013 1777 1256 1864 Σάμον
1302 1771 1537 1864 ἦλθεν,
1586 1776 1693 1847 ὅτε
1742 1767 1947 1864 αὐτῆς
1992 1771 2193 1866 ἦρχεν
2241 1776 2278 1847 ὁ
2317 1777 2749 1863 Πολυκράτης
2787 1774 2820 1844 ὁ

463 1906 513 1947 15
539 1888 662 1951 τοῦ
707 1883 1052 1971 τυράννου
1096 1884 1338 1972 πατήρ·
1386 1885 1629 1973 χρόνος
1677 1886 1751 1954 δὲ
1788 1878 1875 1972 ἦν
1916 1877 2113 1965 οὗτος
2150 1887 2255 1954 ἐπὶ
2294 1892 2600 1975 Κροίσου
2638 1883 2824 1970 ὀλυμ-

541 1988 694 2069 πιὰς
767 1990 898 2057 νδ’.
1009 1992 1244 2077 γέγονε
1321 1991 1394 2059 δὲ
1461 1994 2076 2080 ἐρωτομανέστατος
2142 1994 2291 2080 περὶ
2357 1991 2665 2079 μειράκια
2724 1992 2826 2058 καὶ

541 2099 802 2182 πρῶτος
847 2087 998 2185 εὗρε
1044 2096 1169 2184 τὴν
1216 2100 1640 2185 καλουμένην
1687 2098 2038 2185 σαμβύκην
2086 2098 2295 2187 (εἶδος
2344 2100 2424 2167 δέ
2448 2100 2601 2167 ’ἐστι
2646 2098 2827 2166 κιθά-

544 2230 664 2292 ρας
717 2202 1098 2295 τριγώνου).
1190 2208 1327 2273 ἔστι
1376 2205 1451 2273 δὲ
1497 2203 1709 2273 αὐτοῦ
1755 2205 1835 2273 τὰ
1881 2213 2107 2293 βιβλία
2156 2206 2211 2289 ζ’
2257 2210 2336 2295 τῇ
2388 2210 2651 2294 Δωρίδι
2697 2209 2827 2272 δια·

544 2309 765 2402 λέκτφ.
869 2311 1310 2399 [συλληφθεὶς
1371 2312 1444 2380 δὲ
1503 2308 1635 2380 ὑπὸ
1701 2316 1963 2401 λῃστῶν
2028 2311 2127 2381 ἐπ’
2196 2315 2471 2399 ἐρημίας
2530 2316 2658 2400 ἔφη
2712 2306 2829 2378 κᾶν

463 2441 516 2481 20
542 2414 658 2496 τὰς
711 2416 1066 2507 γεράνους,
1134 2414 1214 2499 ἃς
1268 2423 1497 2505 ἔτυχεν
1556 2416 2080 2508 ὑπερίπτασθαι,
2144 2420 2449 2499 ἐκδίκους
2502 2420 2829 2505 γενέσθαι.

541 2523 653 2590 καὶ
710 2521 910 2603 αὐτὸς
964 2523 1087 2609 μὲν
1141 2521 1477 2612 ἀνῃρέθη,
1535 2523 1697 2612 μετὰ
1756 2524 1829 2593 δὲ
1879 2529 2085 2594 ταῦτα
2128 2529 2266 2594 τῶν
2311 2530 2576 2614 λῃστῶν
2626 2520 2719 2605 εἷς
2766 2527 2831 2591 ἐν

543 2633 623 2718 τῇ
670 2629 860 2697 πόλει
906 2630 1326 2717 θεασάμενος
1369 2631 1702 2718 γεράνους
1748 2637 1874 2719 ἔφη
1921 2635 2076 2718 (ἴδε,
2124 2635 2199 2699 αἰ
2234 2630 2503 2719 Ἰβύκου
2551 2632 2833 2699 ἔκδικοι’.

689 2850 1028 2908 CCCLxxx
1063 2854 1215 2910 Eud.
1246 2872 1300 2924 p.
1323 2860 1442 2909 399.
1485 2853 1564 2907 cf.
1588 2854 1809 2923 millet,
1839 2854 2039 2923 Scripss.
2060 2853 2218 2909 Alex.
2239 2874 2293 2923 p.
2315 2861 2432 2924 139,
2472 2854 2651 2923 Dans,
2682 2854 2834 2908 stud.

544 2952 598 3003 p.
631 2938 698 2987 29
819 2938 850 2986 2
891 2930 1274 3004 γραμματικός
1311 2951 1417 2988 om.
1451 2934 1600 2988 Eud.
1638 2935 1942 2988 absurdum
1980 2952 2099 2990 esse
2136 2937 2296 3005 patei
2343 2932 2444 2991 ἶστ.
2474 2931 2651 3003 venit„
2691 2937 2760 2987 H.
2791 2954 2834 2987 τ.

545 3019 611 3069 Χ.
650 3010 1009 3085 γραμματεύς
1038 3016 1357 3070 Gutschmid
1475 3021 1508 3069 4
1541 3009 1900 3085 Ἀλεξάνδρου
1930 3019 1975 3066 A
2098 3020 2129 3069 5
2179 3010 2249 3069 τὰ
2288 3018 2418 3071 ante
2457 3014 2619 3085 μέχρι
2657 3032 2766 3070 om.
2795 3019 2836 3067 A

547 3095 699 3164 (hinc
739 3096 988 3165 corrigas
1029 3094 1330 3164 Gaisford.)

690 3172 1055 3229 CCCLXXXI
1091 3175 1244 3230 Eud.
1282 3193 1336 3243 p.
1378 3180 1496 3228 396.
1574 3173 1655 3228 Cf.
1695 3173 1917 3243 Manet,
1957 3174 2158 3244 Scripss.
2199 3174 2286 3230 Al.
2314 3193 2370 3244 p.
2404 3180 2503 3229 159
2616 3181 2647 3228 7
2686 3178 2837 3229 Νυσ·

548 3249 718 3315 σαεύς
755 3258 800 3305 A
947 3259 1009 3306 11
1061 3244 1228 3316 οὗτος
1273 3270 1380 3310 om.
1420 3253 1601 3322 Eud„
1651 3256 1801 3309 certae
1847 3254 1919 3308 ab
1966 3253 2233 3323 Hesychii
2281 3254 2411 3311 stilo
2459 3253 2702 3309 alienum
2741 3257 2837 3324 est,

549 3332 640 3387 cui
675 3349 745 3386 ne
784 3332 1076 3400 sequentia.
1112 3334 1340 3402 quidem
1379 3334 1643 3389 videntur
1680 3333 1873 3389 deberi

693 3411 1080 3467 CCCLXXXII
1125 3414 1274 3469 Eud.
1324 3432 1377 3483 p.
1415 3418 1521 3467 403
1568 3430 1711 3481 quae
1755 3416 2059 3483 postquam
2100 3424 2174 3469 ’ex
2210 3412 2497 3483 Hesychio
2545 3414 2841 3484 descripsit

543 3490 635 3568 Ἰβ,
677 3498 809 3548 Φυτ.
856 3490 1008 3563 υἴός,
1053 3492 1314 3564 ποιητής,
1365 3491 1579 3564 ἔγραψε
1620 3496 1835 3565 Δωρίδι
1882 3495 2157 3564 διαλέκτῳ
2203 3497 2387 3566 βιβλία
2431 3490 2479 3560 ζ’
2528 3495 2841 3549 narratiun-

549 3574 735 3628 culam
773 3574 1030 3629 adiunxit
1066 3591 1133 3629 ex
1160 3573 1446 3643 Nemesio‚
1486 3574 1555 3629 de
1593 3576 1706 3630 nat.
1738 3574 1885 3629 hom.
1920 3593 1967 3629 c.
1994 3580 2062 3629 42
2102 3574 2169 3628 dc
2204 3576 2386 3629 morte
2424 3574 2581 3643 Ibyci
2610 3590 2645 3627 a
2674 3574 2845 3629 Suida

550 3655 846 3710 diversam.
923 3654 1002 3708 Cf.
1042 3654 1213 3710 etiam
1250 3654 1541 3722 Welcker,
1579 3654 1715 3709 Mus.
1755 3655 1931 3709 Rhen.
1972 3671 2021 3707 a.
2065 3658 2202 3707 1834
2248 3672 2302 3723 p.
2343 3660 2449 3708 214
2478 3670 2593 3722 seq.
2649 3653 2844 3720 Pulch‚

549 3734 620 3788 dc
658 3734 804 3789 Viol.
841 3752 897 3803 p.
937 3738 1005 3788 85
1154 3741 1217 3788 12
1258 3729 1586 3799 Πολυζύλου
1624 3739 1671 3785 V
1710 3782 1723 3791 ,
1800 3739 1865 3787 13
1905 3730 2005 3788 ἴστ.
2045 3737 2250 3785 ABVB
2288 3734 2390 3786 τοῦ
2431 3730 2598 3801 ΐστορ.
2638 3732 2735 3785 rel.
2778 3729 2843 3787 οὗ

550 3815 649 3868 τοῦ
689 3810 1125 3882 ἰστοριογράφου
1153 3815 1414 3881 Bothius,
1452 3830 1694 3868 errorem
1733 3814 1910 3868 latere
1947 3815 2152 3883 putant}
2190 3813 2403 3866 Muller
2439 3813 2497 3866 ct
2527 3812 2846 3871 Gutschmid

552 3899 619 3947 14
657 3886 688 3947 ὃ
732 3893 830 3946 τοῦ
869 3890 1149 3961 τυράννου
1187 3888 1372 3964 πατήρ
1415 3909 1517 3962 pro
1558 3892 1963 3947 comenfficiis
2000 3893 2174 3947 habet
2198 3891 2559 3962 Bernhardy,
2606 3892 2845 3947 alt-,erum

552 3968 582 4027 ὁ
623 3990 731 4027 om.
762 3977 966 4026 ABVE
1005 3968 1093 4030 ὅτι
1121 3971 1331 4043 Αἰάκης
1369 3965 1541 4044 ἦρχεν
1570 3968 1600 4028 ὁ
1634 3977 1843 4028 Πολυκ.
1870 3974 1971 4027 τοῦ
2001 3992 2118 4042 τυρ.
2148 3967 2330 4040 πατήρ
2361 3972 2683 4027 Gutschmid
2719 3973 2846 4027 coll.

549 4053 813 4123 Polyaen.
844 4055 939 4122 VI,
970 4061 1037 4110 45
1157 4060 1220 4109 15
1261 4047 1332 4125 ἦν
1369 4054 1520 4109 solus
1548 4060 1595 4106 V
1633 4054 1789 4108 dedit
1824 4048 1853 4107 ὁ
1893 4050 1986 4108 ἐπὶ
2013 4053 2257 4120 Κροίσου
2287 4044 2332 4103 A
2368 4053 2513 4121 ναῖς.
2554 4046 2584 4106 ὁ
2616 4068 2723 4106 om.
2755 4056 2845 4105 BE

552 4139 618 4187 19
659 4134 727 4189 de
766 4135 871 4189 hac
907 4135 1125 4205 fabula,
1163 4153 1332 4204 quam
1368 4133 1680 4203 Hesychius
1726 4135 1873 4189 cerfie
1918 4134 2012 4187 hic
2048 4150 2163 4189 non
2206 4130 2469 4199 inseruit,
2518 4132 2585 4185 cf.
2624 4134 2849 4201 praebet

548 4212 802 4267 Nemesii
829 4214 1015 4267 locum
1044 4216 1189 4269 Plut.
1221 4215 1290 4269 de
1330 4215 1533 4283 gan-ul.
1566 4232 1621 4283 p.
1640 4219 1760 4281 509,
1792 4214 2078 4269 Iamblich.
2110 4212 2209 4269 vif..
2230 4214 2393 4282 Pybh.
2416 4213 2457 4279 I,
2478 4217 2565 4278 27,
2594 4212 2846 4267 Paroem.

550 4294 573 4346 1
603 4312 655 4363 p.
682 4299 772 4359 133
801 4294 1080 4364 Welcker,
1108 4296 1247 4350 Mus,
1277 4295 1455 4348 Rhen.
1488 4298 1625 4348 1833
1655 4313 1708 4364 p.
1738 4299 1841 4348 401
1872 4298 2018 4361 seq.‚‘
2046 4292 2467 4359 Schneidewin„
2498 4292 2645 4361 Ibyc.
2678 4308 2847 4349 carm.

551 4393 605 4443 p.
647 4380 713 4427 22
736 4391 852 4442 seq.
975 4380 1041 4428 21
1090 4370 1152 4429 ἐν
1190 4376 1255 4447 τῇ
1296 4372 1458 4430 πόλει
1495 4394 1601 4433 om.
1632 4382 1675 4429 Β
