3025 4892
1154 239 1581 296 HESYOHIUS.
2427 237 2507 300 19

191 406 404 471 ἐπῶν
449 409 672 472 πᾶσαν
716 405 841 492 τὴν
887 407 1022 471 τῶν
1057 399 1391 491 Ἑβραίων
1438 401 1724 492 γραφήν.
1804 404 2050 488 ἔγραψε
2098 398 2172 468 δὲ
2216 399 2327 466 καὶ
2374 402 2507 468 ἐπι-

192 509 463 590 στολὰς
508 512 616 578 καὶ
665 509 834 578 ἄλλα
879 510 1094 579 πολλά
1146 515 1268 594 [εἰς
1311 507 1436 596 τὴν
1482 509 1751 596 γραφὴν
1798 505 2283 594 ὑπομνήματα]

398 621 628 686 LXXI.
677 617 1263 704 Ἀπολλόδωρος
1282 613 1643 702 Ἀθηναῖος
1676 613 1981 700 κωμικός.
2054 614 2323 698 ἐποίησε
2351 611 2508 697 δρά-

195 749 394 810 ματα
441 724 571 811 μζ,
619 727 925 811 ἐνίκησεν
974 723 1052 793 ε’.

399 833 660 899 LXXII.
727 829 1314 919 Ἀπολλόδωρος
1352 826 1840 915 Ἀσκληπιάδου
1884 826 2362 915 γραμματικός,
2418 818 2511 902 εἷς
2538 849 2563 888 5

196 941 353 1004 τῶν
402 942 780 1006 Παναιτίου
835 940 956 1005 τοῦ
994 934 1262 1005 Ῥοδίου
1315 935 1701 1022 φιλοσόφου
1754 935 1864 1002 καὶ
1906 935 2337 1021 Ἀριστάρχου
2388 933 2512 997 τοῦ

202 1049 685 1130 γραμματικοῦ
739 1048 1086 1132 μαθητῶν,
1130 1041 1485 1130 Ἀθηναῖος
1529 1041 1604 1110 τὸ
1651 1043 1864 1128 γένος.
1931 1033 2087 1127 ἦρξε
2134 1039 2209 1107 δὲ
2254 1042 2513 1125 πρῶτος

203 1154 360 1217 τῶν
409 1155 846 1238 καλουμένων
890 1150 1338 1239 τραγιάμβων.

400 1258 698 1326 LXXIII.
783 1254 1370 1344 Ἀπολλόδωρος
1435 1259 1697 1346 Γελῷος
1754 1253 2075 1341 κωμικός,
2143 1252 2514 1340 σύγχρονος

203 1367 340 1431 τοῦ
404 1370 706 1450 κωμικοῦ
762 1365 1190 1452 Μενάνδρου.
1293 1362 1597 1450 δράματα
1664 1357 1873 1430 αὐτοῦ
1919 1360 2415 1448 Ἀποκαρτερῶν
2470 1354 2597 1443 ἢιο

215 1470 678 1560 Φιλάδελφοι,
734 1471 1182 1556 Δευσοποιός,
1222 1467 1503 1561 ΙἹέρεια,
1552 1465 2288 1557 ΓραμματειδιοποιόςΙ,
2340 1474 2517 1534 Ψευ-

213 1581 450 1662 δαίας,
497 1584 837 1666 Σίσυφος,
884 1584 1244 1667 Αἰσχρίων.

402 1687 693 1754 LXXIV.
775 1683 1369 1773 Ἀπολλόδωρος
1431 1684 1728 1772 Ταρσεὺς
1780 1683 2111 1771 τραγικός.
2211 1681 2515 1770 δράματα

212 1788 436 1858 αὐτοῦ
476 1790 965 1878 Ἀκανθοπλήξ,
1029 1791 1503 1875 Τεκνοκτόνος,
1551 1789 1895 1878 “Ελληνες,
1942 1793 2266 1876 Θυέστης,
2298 1786 2518 1856 Ἱκέτι·

213 1899 364 1982 δες,
406 1895 775 1979 Ὀδυσσεύς;
2547 1917 2597 1957 15

402 2005 662 2074 LXXV.
757 2005 1355 2094 Ἀπολλοφάνης
1413 2003 1801 2091 Ἀθηναῖος,
1874 2003 2162 2092 κωμικὸς
2224 2001 2519 2092 ἀρχαῖος.

218 2115 528 2201 δράματα
566 2111 776 2180 αὐτοῦ
816 2117 1050 2197 Δαλίς,
1082 2109 1456 2199 Ἰφιγέρων,
1496 2114 1775 2197 Κρῆτες,
1815 2112 2078 2198 Δανάη,
2121 2117 2517 2198 Κένταυροι.

403 2222 693 2288 LXXVI.
771 2217 1381 2297 Ἀπολλώνιος
1433 2215 1928 2305 Ἀλεξανδρεύς,
1986 2221 2163 2286 ἐπῶν
2220 2216 2518 2303 ποιητής,

220 2331 579 2414 διατρίψας
643 2328 718 2393 ἐν
772 2323 1014 2417 Ῥόδῳ,
1088 2324 1238 2404 υίὸς
1301 2327 1628 2409 Σιλλέως,
1693 2324 1997 2411 μαθητὴς
2058 2323 2517 2410 Καλλιμάχου,

221 2433 598 2521 σύγχρονος
627 2432 1158 2521 Ἐρατοσθένους
1192 2433 1304 2500 καὶ
1354 2429 1799 2518 Εὐφορίωνος
1842 2432 1953 2498 καὶ
1999 2430 2364 2518 Τιμάρχου,
2411 2430 2515 2498 ἐπὶ
2544 2450 2598 2490 2⁰

371 2639 398 2684 1
438 2631 502 2685 δὲ
545 2626 718 2685 ἐπιστ.
759 2648 868 2686 om.
907 2627 1004 2684 καὶ
1030 2634 1076 2681 A
1215 2633 1248 2681 2
1289 2625 1371 2689 εἰς
1407 2643 1522 2697 seq.
1560 2628 1768 2696 Suidae
1806 2645 1923 2683 esse
1960 2630 2153 2683 monet
2180 2626 2516 2682 Gutschmid.

221 2708 513 2765 Nonnulla
551 2711 677 2766 add.
717 2711 927 2765 Suidas
963 2726 1031 2763 ex
1065 2707 1401 2776 Philostorg.
1433 2691 1588 2776 vm,
1630 2715 1693 2762 11
1734 2708 2014 2778 descripta.

367 2790 558 2862 LXXI·
596 2791 850 2846 Eundem
903 2806 1025 2846 esse
1081 2807 1207 2844 cum
1261 2785 1517 2858 Carystio
1573 2788 1717 2844 vidis,
1764 2789 2014 2843 Meineke
2065 2789 2091 2842 I
2138 2807 2191 2858 p.
2239 2793 2359 2842 462.
2436 2785 2516 2841 Cf.

207 2865 539 2928 -Westerm.=
587 2873 796 2940 „malui
833 2873 973 2927 haec
1021 2873 1091 2926 ad
1131 2870 1443 2939 Caryatium
1493 2887 1619 2925 cum
1652 2868 1939 2923 Meinekio
1976 2887 2030 2938 p.
2060 2875 2191 2937 462,
2228 2885 2398 2937 quam
2432 2866 2518 2920 in-

224 2953 409 3006 dicem
453 2951 770 3007 fabularum
818 2952 891 3007 ad
937 2953 1173 3008 Geloum
1220 2969 1347 3007 eum
1390 2952 1754 3022 Bernhardyo
1799 2944 2033 3004 refer're:
2090 2952 2250 3004 erant
2304 2948 2401 3017 qui
2450 2948 2519 3002 de

226 3033 399 3089 tertio
411 3077 426 3102 ,
465 3033 794 3087 Atheniensi
807 3077 820 3101 ‚
858 3033 1173 3103 cogitarent
1183 3035 1216 3062 “

370 3113 572 3168 LXXII
608 3113 759 3168 Eud.
798 3131 852 3183 p.
885 3119 986 3168 10¹1
1113 3120 1146 3168 6
1184 3114 1294 3166 τῶν
1330 3113 1431 3166 τοῦ
1470 3112 1623 3166 Eud.
1692 3109 1773 3164 Cf.
1812 3127 1862 3165 v.
1893 3110 2207 3171 Παναίτιος
2338 3113 2367 3161 ’1
2408 3127 2513 3176 μα-

229 3189 415 3262 θητής
439 3198 485 3245 A
542 3189 550 3198 ’

369 3272 597 3327 LXXIII
635 3273 786 3328 Eud.
825 3292 880 3343 p.
913 3279 1041 3342 104,
1085 3289 1227 3341 quae
1266 3271 1521 3329 ordinem
1556 3271 1875 3326 fabularum
1910 3270 2080 3340 paulo
2122 3269 2377 3323 mutavit.
2434 3266 2517 3321 Of.

225 3352 485 3406 Meineke
513 3355 538 3407 Ι
565 3371 620 3424 p.
652 3359 754 3406 459
785 3369 898 3421 seq.
1041 3352 1105 3407 11
1147 3354 1497 3408 Δευσοποιοί
1520 3353 1671 3407 Eud.
1700 3352 1843 3420 vuly.
1893 3347 2247 3411 Δευσοποιός
2283 3366 2349 3404 ex
2382 3349 2518 3402 Par.

229 3449 370 3487 corr.
399 3433 674 3486 Kusterus
805 3428 1005 3502 Ἱέρεια
1037 3432 1288 3502 Οατγεὺίο
1326 3433 1484 3487 dedit
1520 3433 1723 3489 Athen.
1745 3434 1823 3487 VI
1850 3450 1905 3502 p.
1934 3439 2038 3487 243
2170 3435 2519 3500 Γραμματει-

233 3508 488 3575 διοποιός
514 3513 678 3569 offert
705 3512 904 3568 Pollux
933 3511 1027 3581 IV,
1051 3518 1134 3581 19,
1163 3511 1285 3580 VII,
1307 3519 1428 3582 190,
1456 3515 1525 3582 X,
1549 3520 1652 3568 193
1686 3507 2235 3583 Γραμματιδιοποιὸς
2265 3510 2519 3580 Carystio

237 3593 396 3648 dedit
432 3595 632 3648 Athen.
664 3593 767 3648 VII
803 3613 857 3663 p.
888 3598 994 3648 280
1043 3591 1584 3664 Γραμματόδειπνος
1618 3600 1720 3647 Av
1757 3595 1908 3649 Eud.
2071 3592 2336 3654 Ψευδέας
2369 3596 2519 3644 ABE

240 3679 296 3726 u
322 3673 470 3728 Eud.
619 3680 684 3728 12
723 3672 996 3744 Αἰσχρίων
1032 3680 1078 3727 A
1117 3677 1174 3728 et
1207 3679 1330 3728 Vat.
1367 3679 1616 3727 Pearnoni
1654 3671 1888 3742 Αἰσχίων
1926 3672 2078 3726 Eud.
2107 3673 2252 3741 vulg.

357 3753 604 3808 LXXIV
632 3754 782 3808 Eud.
805 3772 858 3823 p.
883 3760 1002 3824 105,
1033 3771 1176 3823 quae
1205 3753 1342 3809 item
1364 3753 1618 3809 ordinem
1636 3753 1893 3809 mutavit.
1929 3751 2286 3806 Cf.Weleker
2302 3770 2357 3821 p.
2382 3756 2519 3805 1045

237 3841 305 3890 14
330 3830 708 3903 Ἀκανθοπλήξ
741 3837 800 3888 et
821 3830 1120 3897 Ὀδυσσεύς
1154 3834 1387 3889 eandem
1415 3833 1665 3887 fabulam
1690 3832 1865 3887 fuisse
1892 3831 2183 3902 probabile
2212 3832 2317 3901 est,
2345 3826 2519 3885 ἄκαν-

237 3918 442 3982 θοπλίξ
479 3918 614 3970 vett.
647 3916 769 3969 edd.
801 3909 1160 3980 άκανθόπλιξ
1187 3914 1339 3970 Eud.
1472 3908 1853 3975 Τεκτοκτόνος
1890 3913 2040 3966 Eud.

373 3995 575 4049 LXXV
611 3996 760 4050 Eud.
800 4013 855 4064 p.
897 4001 1015 4049 105.
1091 3993 1172 4048 Cf.
1210 3993 1466 4048 Meineke
1509 3994 1535 4046 I
1570 4010 1625 4061 p.
1666 3998 1770 4046 266
1802 4009 1913 4060 seq.
2065 3997 2128 4045 17
2170 3993 2344 4053 Λαλίς
2381 4008 2517 4047 corr.

240 4077 485 4131 Meineke
512 4095 566 4146 p.
595 4081 698 4130 267
732 4071 906 4137 Δάλις
941 4076 1088 4145 vulq.
1126 4076 1338 4136 Δαυλίς
1368 4091 1434 4128 ex
1465 4073 1667 4128 Athen.
1699 4072 1776 4125 III
1805 4091 1855 4142 p.
1890 4077 2009 4140 114,
2044 4070 2121 4124 XI
2148 4090 2201 4140 p.
2235 4077 2338 4126 269
2380 4073 2520 4126 Por-

234 4174 396 4211 sonus
434 4157 555 4224 (sed
582 4155 641 4210 in
668 4155 944 4210 Athenaei
972 4154 1112 4210 locis
1142 4156 1383 4209 Δαυλίδι
1413 4153 1557 4208 coni.
1590 4153 1972 4218 Casaubonus,
2010 4153 2232 4206 δαλνίὸι
2272 4153 2362 4206 vel
2389 4153 2521 4206 δαλ-

238 4238 380 4290 νίδει
414 4235 571 4300 libri,
613 4236 816 4288 Δαλίδι
844 4235 1305 4305 Schweiyhduser)

373 4314 602 4369 LXXVI
640 4315 789 4369 Eud.
818 4332 872 4383 p.
908 4320 1009 4368 104
1120 4321 1185 4368 19
1223 4312 1466 4376 Σιλλέως
1503 4309 1539 4383 ἢ
1574 4308 1782 4376 Ἰλιέως
1819 4313 2059 4383 scriptor
2086 4314 2183 4370 vit.
2214 4313 2521 4385 (Westerm.

239 4414 290 4466 p.
322 4402 404 4461 51,
435 4396 491 4463 2)
601 4397 730 4462 post
767 4391 1125 4464 Καλλιμάχου
1166 4395 1316 4450 Eud.
1355 4395 1529 4449 habet
1568 4388 1661 4447 ἐπὶ
1698 4397 1867 4448 Πτολ.
1904 4414 1950 4448 τ.
1983 4388 2187 4464 Εὗεργ.
2219 4389 2394 4449 ἐπικλ.

2017 4483 2094 4536 2*
