3025 4892
523 226 651 289 140
921 270 932 279 .
1445 222 1875 279 HESYCHIUS.

697 389 997 455 DXXIII.
1057 383 1581 473 Μενεκράτης
1619 383 1924 472 κωμικός.
1991 382 2294 470 δράματα
2338 381 2547 450 αὐτοῦ
2599 383 2825 451 Μανέ-

521 520 693 582 κτωρ
741 490 785 580 ἢ
823 492 1215 583 Ἑρμιονεύς
1243 547 1257 561 .
1287 547 1301 561 .
1339 546 1353 561 .

694 603 999 671 DXXIV.
1056 600 1575 688 Μενεκράτης
1620 598 2093 689 Συρακούσιος
2138 597 2380 687 ἰατρός.
2466 589 2693 682 [οὗτος
2745 596 2822 665 δὲ

519 706 774 795 μισθὸν
831 708 956 795 μὲν
1001 706 1250 777 οὐδένα
1299 710 1628 795 ἐκομίζετο
1674 711 1791 794 τῆς
1834 713 2196 794 θεραπείας
2242 702 2640 796 (ἐθεράπευε
2684 699 2820 789 γὰρ

466 838 491 878 ⁵
517 812 644 901 τὴν
701 813 890 902 ἱερὰν
949 814 1224 904 νόσον),
1281 813 1575 894 δούλους
1629 813 1703 881 δὲ
1748 810 1960 881 αὐτοῦ
2006 810 2361 899 ὁμολογεῖν
2406 809 2563 891 τοὺς
2609 819 2820 898 θερα-

519 924 934 1009 πενομένους
987 919 1220 1011 ἀπῄτει
1287 922 1398 990 καὶ
1453 927 1591 989 Δία
1646 918 1888 989 ἑαυτὸν
1948 917 2196 1004 ἐκάλει,
2252 916 2464 998 θεοὺς
2517 916 2591 984 δὲ
2654 914 2819 996 τοὺς

523 1029 841 1109 ἰαθέντας
902 1027 1019 1096 ὑπ’
1082 1026 1323 1113 αὐτοῦ,
1389 1027 1602 1106 τιθεὶς
1666 1024 1917 1118 ἑκάστω
1983 1032 2476 1114 προσηγορίαν,
2539 1026 2630 1115 τῷ
2688 1022 2819 1111 μὲν

513 1133 796 1223 Ἑρμοῦ,
842 1140 933 1227 τῷ
984 1134 1058 1204 δὲ
1101 1134 1563 1217 Ἀπόλλωνος]

699 1244 965 1311 DXXV.
1038 1243 1448 1371 Μενέλαος
1490 1244 1771 1327 Αἰγαῖος
1816 1240 2145 1321 ἐποποιός.
2220 1244 2466 1326 ἔγραψε
2497 1194 2817 1325 &mmmm

446 1372 499 1412 ιο
527 1352 599 1417 ἐν
646 1354 933 1435 βιβλίοις
979 1348 1075 1416 ια’
1121 1349 1234 1416 καὶ
1279 1346 1467 1416 αλλα.

699 1458 1000 1524 DXXVI.
1056 1450 1541 1534 Μένιππος
1593 1452 1900 1540 κωμικός.
1990 1456 2128 1521 τῶν
2185 1451 2542 1541 δραμάτων
2600 1450 2820 1521 αὐτοῦ

523 1566 662 1633 ἐστι
709 1564 1061 1650 Κέρκωπες
1106 1561 1217 1629 καὶ
1264 1558 1450 1629 ἄλλα.

700 1671 1035 1738 DXXVH.
1091 1665 1580 1754 Μεσομήδης
1614 1665 1803 1754 Κρὴς
1849 1665 2151 1753 λυρικός,
2199 1664 2494 1754 γεγονώς
2530 1665 2637 1734 ἐπὶ
2683 1670 2828 1733 τῶν

519 1775 875 1867 Ἀδριανοῦ
933 1775 1233 1864 χρόνων,
1291 1772 1745 1861 ἀπελεύθερος
1804 1770 2016 1841 αὐτοῦ
2071 1774 2183 1841 καὶ
2229 1776 2303 1842 ἐν
2348 1788 2489 1852 τοῖς
2533 1771 2830 1860 μάλιστα

445 1906 494 1943 1⁵
525 1890 737 1972 φίλος.
829 1882 1073 1972 γράφει
1123 1874 1251 1950 οὖν
1298 1886 1392 1961 εἰς
1443 1879 1790 1949 Ἀντίνοον
1840 1885 2119 1949 ἔπαινον
2183 1876 2287 1965 [ὃς
2329 1874 2416 1967 ἦν
2458 1877 2830 1967 Ἀδριανοῦ

521 1988 854 2076 παιδικά,]
901 1990 1012 2057 καὶ
1060 1986 1228 2056 ἄλλα
1277 1984 1571 2077 διάφορα
1619 1990 1800 2075 μέλη.

701 2096 1065 2164 DXXVIII.
1121 2096 1591 2182 Μεταγένης
1613 2091 1993 2181 Ἀθηναῖος,
2024 2092 2281 2163 δούλου
2306 2107 2483 2180 παῖς,
2511 2093 2834 2181 κωμικός.

525 2362 820 2432 exscripsit
869 2363 1080 2419 Suidas
1109 2363 1304 2439 ‘ipsius
1351 2362 1644 2419 Menandri
1679 2361 1916 2432 praefat.
1971 2364 2046 2433 (p.
2097 2366 2203 2417 438
2250 2360 2439 2430 Nieb.;
2493 2361 2701 2417 Mfiller
2748 2361 2837 2416 IV

523 2462 578 2512 p.
613 2449 742 2507 2013
785 2444 1046 2512 Dindorf,
1085 2444 1228 2499 Hist.
1268 2443 1400 2498 min.
1439 2444 1491 2497 II
1528 2461 1583 2513 p.
1621 2448 1653 2495 2
1684 2445 1835 2511 seq.).

665 2523 900 2577 DXXlII
928 2524 1164 2578 Tractat
1181 2522 1440 2577 Meineke
1460 2521 1487 2574 I
1511 2540 1567 2592 p.
1589 2525 1694 2575 493
1705 2538 1820 2589 seq.
1851 2522 1951 2590 qui
1978 2525 2036 2576 et
2054 2518 2322 2592 Ἑρμιόνη
2342 2522 2741 2592 corrigendum
2773 2524 2839 2576 et

523 2604 621 2657 καὶ
656 2620 759 2672 pro
796 2597 832 2672 ἢ
871 2604 1247 2659 revocandum
1285 2602 1527 2670 censuit,
1566 2618 1691 2655 eum
1730 2596 1991 2671 δράματα
2018 2602 2093 2655 ad
2128 2602 2320 2671 plures
2348 2601 2668 2656 comoedias
2696 2618 2835 2671 spe-

525 2684 656 2737 ciei..
720 2683 843 2753 Ego
881 2684 1114 2739 lacunae
1153 2683 1375 2753 signum
1412 2680 1575 2751 posui
1702 2687 1729 2735 1
1769 2678 2069 2751 δραμάτων
2108 2681 2383 2737 Καειοναε
2418 2675 2685 2750 δράματα
2722 2684 2835 2733 Av

523 2764 670 2832 ναῖς.
735 2762 814 2817 Cf.
855 2781 904 2818 v.
945 2756 1291 2832 Δεξικράτης
1328 2762 1399 2819 al.
2296 2784 2305 2795 ·

666 2841 901 2897 DXXIV
937 2844 1087 2899 Eud.
1126 2862 1181 2914 p.
1211 2849 1316 2897 493
1461 2848 1493 2895 3
1533 2841 1705 2895 verba.
1742 2828 1905 2903 οὗτος
1942 2857 2054 2909 seq.
2087 2840 2323 2895 Suidam
2350 2839 2717 2909 adscripsisse
2757 2858 2833 2894 ex

525 2922 726 2978 Athen.
767 2923 868 2977 VII
913 2942 968 2993 p.
1009 2930 1112 2978 289
1161 2922 1275 2977 dixi
1322 2922 1460 2977 Mus.
1507 2922 1685 2975 Rhen.
1724 2919 1935 2975 XXXV
1981 2940 2035 2990 p.
2074 2926 2195 2976 218.
2271 2919 2474 2974 Totam
2520 2920 2704 2974 vitam
2754 2921 2833 2976 de

523 3000 815 3058 Athenaeo
851 3005 1093 3073 pendere
1129 3008 1324 3059 monet
1359 3004 1555 3071 Danh,
1600 3004 1669 3058 de
1708 3000 1860 3055 Suid.
1899 3018 1955 3070 p.
1991 3006 2099 3056 440
2133 3002 2250 3056 not.
2288 3007 2355 3055 41
2512 3020 2680 3062 ουτος
2718 2998 2833 3070 μὲν

523 3077 736 3153 μισθὸν
773 3083 923 3139 Eud.
1073 3091 1102 3139 7
1145 3082 1453 3146 ἰασθὲντας
1490 3084 1641 3137 Eud.

668 3161 873 3215 DXXV
911 3163 1062 3218 Eud.
1102 3182 1156 3233 p.
1194 3169 1316 3217 499.
1392 3162 1472 3217 Of.
1511 3162 1777 3231 Dfintzer,
1814 3162 1917 3232 Ep.
1956 3162 2022 3218 fr.
2062 3162 2115 3214 II
2149 3180 2205 3231 p.
2248 3167 2349 3216 106
2477 3167 2508 3216 9
2547 3159 2751 3230 Αἰγέος
2781 3168 2830 3214 V

521 3238 729 3304 Ἀναῐος
766 3258 903 3298 corr.
941 3244 1217 3298 Kusterus
1254 3242 1380 3298 coll.
1419 3240 1671 3296 Holsten.
1710 3242 1785 3295 ad
1824 3242 2019 3313 Steph.
2050 3242 2179 3312 Byz.
2208 3260 2261 3297 v.
2296 3237 2482 3296 Ἀναία
2628 3247 2699 3296 10
2740 3238 2823 3311 ιβ’

523 3323 667 3392 tuly.
707 3324 858 3378 Eud.
900 3319 994 3375 ια’·
1027 3327 1232 3376 ABVE

666 3401 899 3456 DXXVI
934 3403 1088 3459 Eud.
1125 3423 1179 3473 p.
1218 3409 1339 3459 499.
1413 3402 1492 3457 cf.
1532 3401 1788 3457 Meineke
1826 3402 1852 3453 I
1888 3420 1943 3471 p.
1983 3408 2115 3471 494,
2162 3403 2255 3471 qui
2306 3403 2455 3456 huno
2492 3400 2829 3470 Menippum

524 3480 791 3536 ficticium
837 3484 1062 3551 poetam
1108 3484 1298 3552 putat,
1347 3499 1415 3537 ex
1459 3482 1683 3537 nomine
1730 3480 2024 3551 Hermippi
2072 3482 2378 3548 detortum,
2424 3481 2583 3535 euius
2624 3480 2835 3535 fabula

525 3560 826 3632 Κέρκωπες
856 3562 1148 3617 notissima
1260 3568 1323 3616 12
1350 3559 1547 3632 Ὄφεις
1575 3564 1706 3633 post
1733 3558 2038 3632 Κέρκωπες
2066 3563 2193 3618 add.
2225 3563 2398 3630 Eud„
2430 3561 2583 3631 quod
2611 3578 2829 3615 nomen

523 3660 624 3712 per
670 3659 911 3697 errorem
957 3642 1411 3735 inexplicabilem
1456 3642 1807 3711 immigrasse
1862 3642 2086 3711 putavit
2132 3643 2329 3711 Daub‚
2378 3642 2448 3695 de
2485 3639 2633 3695 Viol.
2675 3658 2733 3709 p.
2774 3649 2829 3696 6.

525 3721 607 3777 De
646 3720 1052 3792 significatione
1086 3723 1238 3777 vocis
1275 3719 1467 3791 Ὅφεις
1505 3723 1669 3778 docte
1707 3723 2019 3793 disputavit
2044 3722 2301 3777 Meineke
2341 3722 2465 3777 eoll.
2506 3723 2671 3777 Phot.
2714 3723 2829 3778 lex.

528 3822 575 3857 v.
604 3798 812 3870 ”.Οφεις
869 3801 949 3859 Of.
988 3805 1210 3860 Unters.
1249 3821 1303 3873 p.
1344 3810 1428 3859 41.

664 3890 928 3945 DXXVH
964 3892 1114 3946 Eud.
1143 3908 1199 3960 p.
1221 3897 1325 3945 499
1443 3898 1508 3945 13
1538 3886 1904 3960 Μεσειμήδης
1920 3892 2073 3949 Eud.
2111 3887 2337 3961 λυρικός
2374 3886 2470 3945 ἐπὶ
2504 3886 2823 3960 Ἀδριανοῦ.

525 3968 776 4042 ἔγραψεν
806 3969 885 4034 εἰς
917 3967 1046 4025 'Ama
1079 4002 1146 4010 —
1176 3968 1313 4041 μέλη
1343 3972 1495 4026 Eud.
1535 3971 1767 4040 reliquie
1796 3971 2017 4026 omissis
2129 3979 2193 4026 14
2231 3971 2330 4025 καὶ
2366 3987 2507 4025 corr.
2540 3972 2825 4028 Hem-ster-

523 4053 717 4107 husius
788 4045 822 4120 ἢ
860 4053 1005 4121 vulq.
1044 4044 1116 4120 ἦν
1153 4051 1322 4106 Daub
1396 4054 1560 4119 φίλος
1587 4056 1793 4104 ABVE
1831 4053 2018 4119 φίλοις
2054 4053 2196 4121 vulg.
2309 4056 2373 4105 15
2414 4045 2477 4112 ὃς
2502 4042 2576 4119 ἦν
2610 4047 2832 4121 Ἀδρια-

525 4132 628 4186 νοῦ
667 4128 906 4185 παιδικά
947 4148 1053 4187 om.
1099 4131 1245 4186 Eud.
1285 4131 1523 4186 fortasse
1561 4132 1759 4187 lectori
1798 4133 2071 4187 debentur

667 4209 954 4266 DXXVIII
989 4211 1140 4265 Eud.
1170 4229 1224 4280 p.
1247 4217 1368 4266 499.
1426 4210 1504 4266 Cf.
1536 4210 1793 4267 Meineke
1830 4213 1855 4265 I
1890 4230 1944 4281 p.
1975 4217 2080 4266 218
2109 4230 2187 4282 sq.
2315 4217 2379 4266 17
2420 4207 2632 4265 δούλου
2662 4220 2828 4276 παῖζε

527 4291 922 4359 Waehsmuth‚
962 4292 1150 4359 Symb.
1184 4311 1238 4361 p.
1277 4297 1403 4360 141,
1443 4292 1543 4345 sed
1581 4309 1707 4346 oum
1744 4288 1915 4347 δύλου
1957 4298 2093 4354 παῖς
2119 4297 2166 4344 A
2201 4292 2429 4359 habeat,
2466 4307 2569 4359 pro
2612 4288 2828 4347 δούλου

527 4370 663 4425 olim
699 4371 878 4438 patris
916 4386 1118 4425 nomen
1155 4371 1403 4426 extitisse
1441 4371 1691 4441 suspicor
