3025 4892
585 216 616 275 1
628 211 710 275 72
1504 211 1936 266 HESYCHIUS.

577 381 742 441 κλου
776 378 900 443 τοῦ
939 380 1219 458 Λυκίου,
1264 378 1387 442 τοῦ
1423 373 1836 461 προστάντος
1870 376 1987 459 τῆς
2024 373 2099 439 ἐν
2129 368 2453 457 Ἀθήναις
2487 368 2848 457 φιλοσόφου

580 485 841 568 σχολῆς,
891 472 973 548 οὗ
1021 488 1336 569 Μαρῖνος
1383 480 1715 567 διάδοχος.
1810 484 2056 567 ἔγραψε
2102 478 2335 547 πολλά.

755 588 1132 655 DCXLVII.
1206 596 1281 654 H
1293 595 1512 655 λωτῖ
1527 614 1683 667 νος
1728 592 2218 673 Λυκοπολίτης,
2273 584 2405 654 ἄπο
2452 584 2849 672 φιλοσόφων,

578 694 884 783 μαθητὴς
936 693 1059 781 μὲν
1101 692 1480 781 Ἀμμωνίου
1536 697 1659 763 τοῦ
1714 692 1949 782 πρώην
2004 693 2377 781 γενομένου
2424 692 2851 779 σακκοφόρου,

524 824 548 862 ⁵
579 801 982 881 διδάσκαλος
1046 800 1121 868 δὲ
1178 797 1498 887 Ἀμελίου.
1593 792 1675 868 οὗ
1739 799 2139 887 Πορφύριος
2206 798 2551 887 διήκουσε,
2613 803 2725 869 τοῦ
2783 799 2853 865 δὲ

574 907 974 995 Ἰάμβλιχος,
1020 912 1142 977 τοῦ
1192 908 1265 976 δὲ
1312 907 1697 997 Σώπατρος.
1791 908 1895 977 ἐπὶ
1944 907 2019 976 δὲ
2066 911 2409 995 Γαλιηνοῦ
2455 907 2723 994 γηραιὸς
2760 903 2853 975 ῶν
2964 968 2966 997 3

581 1016 913 1103 διέμεινεν
967 1010 1130 1103 ’ἄχρι
1189 1014 1455 1102 χρόνων
1514 1014 1572 1097 ζ’
1637 1016 1747 1083 καὶ
1802 1017 2119 1097 συνέταξε
2187 1020 2417 1101 βιβλία
2472 1014 2608 1101 νδ’,
2680 1012 2853 1082 ἅτινα
2964 1016 2966 1089 J

578 1121 740 1191 κατὰ
780 1122 862 1189 θ’
900 1128 1177 1209 βίβλους
1214 1121 1567 1211 διῄρηνται
1612 1124 1722 1191 καὶ
1768 1124 2076 1209 λέγονται
2123 1121 2430 1202 ἐννεάδες
2470 1122 2553 1195 ς’.
2642 1124 2853 1209 γέγονε

585 1228 659 1298 δὲ
732 1230 843 1297 καὶ
915 1228 989 1298 τὸ
1055 1233 1246 1316 σῶμα
1309 1226 1606 1317 ἀσθενὴς
1667 1227 1797 1298 ὑπὸ
1862 1232 1981 1317 τῆς
2046 1233 2247 1317 ἱερᾶς,
2289 1228 2520 1297 νόσου.
2632 1234 2853 1317 ἔγραψε

507 1356 556 1395 1⁰
584 1337 693 1405 καὶ
742 1334 926 1404 ἄλλα.
2188 1378 2195 1387 ·

759 1445 1172 1512 DCXLVIII.
1263 1451 1450 1511 Πολ
1472 1444 1506 1511 ε’
1527 1467 1573 1529 μ
1595 1470 1647 1511 ω
1673 1470 1715 1511 ν
1775 1442 2238 1532 Φιλοστράτου
2294 1440 2337 1531 ἢ
2401 1441 2853 1532 Φιλοκράτους,

576 1549 933 1638 Ἀθηναῖος
991 1550 1398 1638 φιλόσοφος,
1457 1547 1767 1638 μαθητὴς
1817 1550 2277 1637 Ξενοκράτους
2331 1555 2454 1619 τοῦ
2512 1550 2854 1628 Πλάτωνος
2966 1594 2968 1661 3

582 1656 934 1745 διαδόχου,
993 1659 1103 1729 καὶ
1158 1655 1363 1737 αὐτὸς
1415 1655 1837 1745 ἡγησάμενος
1890 1660 2008 1744 τῆς
2046 1654 2495 1746 Ἀκαδημείας.
2587 1658 2853 1743 ἐγεγόνει
2966 1662 2968 1683 ²

583 1764 656 1833 δὲ
713 1763 978 1853 σφόδρα
1036 1764 1320 1849 ἄσωτος,
1379 1761 1519 1831 εἶτα
1571 1761 2041 1850 ἐφιλοσόφησε.
2132 1764 2242 1833 καὶ
2289 1764 2503 1835 πολλὰ
2551 1766 2673 1853 μὲν
2718 1784 2854 1831 συν-

504 1888 553 1929 15
584 1872 830 1958 ἔγραψε
889 1878 1144 1958 βιβλία,
1201 1868 1404 1939 οὐδὲν
1454 1869 1529 1937 δὲ
1575 1868 1784 1939 αὐτοῦ
1831 1870 2117 1958 φέρεται.
2212 1876 2460 1958 [ἔχαιρε
2509 1871 2583 1939 δὲ
2620 1868 2852 1961 Ὁμήρῳ

580 2005 650 2047 τε
715 1980 826 2047 καὶ
891 1986 1263 2065 Σοφοκλεῖ,
1327 1978 1438 2046 καὶ
1505 1986 1664 2057 ἴσως
1730 1982 1903 2065 ἔχειν
1970 1976 2282 2064 ἑκάτερον
2346 1974 2573 2047 αὐτῶν
2638 1985 2853 2065 σοφίας

585 2090 836 2171 ἔλεγεν,
914 2084 1080 2154 ῶστε
1150 2086 1261 2155 καὶ
1326 2084 1610 2173 φάσκειν
1658 2082 1955 2172 Ὅμηρον
2017 2084 2142 2170 μὲν
2206 2088 2563 2171 Σοφοκλέα
2626 2084 2853 2170 ἐπικόν,
2968 2148 2970 2179 ἔ

583 2195 938 2279 Σοφοκλέα
987 2193 1061 2262 δὲ
1090 2191 1384 2281 Ὅμηρον
1431 2193 1799 2280 τραγικόν]
2968 2182 2970 2197 ’

758 2300 1103 2369 DCXLIX.
1195 2300 1638 2387 Πολέμων
1703 2296 2050 2384 Εὐηγέτου
2110 2296 2372 2383 Ἰλιεύς,
2436 2301 2593 2387 (ἐκ)
2655 2325 2854 2386 κωμης

503 2426 556 2464 20
583 2412 902 2487 Γλυκείας
969 2405 1271 2494 [όνομα],
1329 2404 1657 2493 Ἀθήνησι
1725 2404 1799 2472 δὲ
1861 2411 2501 2492 πολιτογραφηθείς,
2572 2404 2700 2491 [διὸ
2761 2408 2853 2473 ἐπ-
2968 2426 2970 2433 ·

582 2513 906 2602 εγράφετο
932 2510 1371 2599 Ἑλλαδικός],
1409 2509 1444 2581 ὁ
1477 2512 1753 2598 κληθεὶς
1780 2514 2198 2600 περιηγητής,
2238 2513 2588 2602 ἱστορικός.
2644 2514 2855 2600 γέγονε

731 2700 762 2747 2
800 2689 1102 2760 Μαριανός
1138 2696 1289 2744 ABv

726 2771 1032 2827 DCXLVII
1067 2772 1679 2841 Eud.1.c.excerpta
1717 2788 1784 2825 cx
1822 2770 1941 2825 vita
1966 2770 2261 2843 Porphyrii
2294 2772 2485 2828 habet.
2544 2771 2624 2826 cf.
2655 2770 2855 2836 Malla,

581 2854 726 2910 Plot.
757 2854 896 2907 Enn.
927 2854 952 2906 I
978 2870 1033 2923 p.
1065 2858 1132 2907 27
1173 2853 1230 2905 et
1257 2850 1461 2906 Philol.
1492 2850 1778 2906 XXXVIII
1816 2869 1868 2919 p.
1901 2857 2003 2905 369
2113 2858 2145 2905 3
2185 2847 2299 2907 άπὸ
2338 2852 2490 2907 delet
2528 2857 2706 2922 φιλοσ.
2745 2867 2855 2904 cum
2970 2872 2972 2889 ι

583 2931 942 3002 sequentibus
971 2932 1311 3000 coniungens
1336 2929 1659 2987 Gutschmid
1766 2936 1797 2985 5
1828 2921 1896 2985 οὗ
1936 2932 2082 2985 male
2110 2931 2331 2986 rettulit
2360 2932 2561 2987 Suidas
2592 2951 2641 2988 v.
2663 2934 2854 2999 Hoqqm

582 3013 682 3067 τοῦ
714 3008 778 3067 δε
813 3006 1119 3083 Ἰάμβλιχος
1148 3029 1217 3066 ex
1247 3012 1381 3067 Par.
1413 3011 1539 3065 add.
1571 3013 1871 3080 Kusterus,
1908 3012 2008 3066 τοῦ
2050 3010 2113 3065 δὲ
2148 3006 2471 3081 Ἰάμβληχος
2496 3017 2543 3063 V
2664 3018 2694 3066 6
2732 3016 2782 3064 Γ
2780 3014 2855 3063 αλ

583 3092 776 3161 λιηνοῦ
804 3096 849 3143 V
879 3091 1152 3145 Westerm.
1193 3092 1461 3161 γαληινοῦ
1491 3097 1537 3143 Δ
1576 3091 1876 3161 γαλληΐνου
1904 3096 1951 3142 V
1990 3086 2084 3145 ἐπὶ
2123 3085 2513 3160 Οὗαλεριανοῦ
2546 3092 2642 3146 καὶ
2674 3091 2855 3159 Γαληί-

583 3191 686 3225 νου
717 3170 838 3226 cod..
863 3171 1037 3240 Mosq.
1070 3172 1219 3241 apud
1247 3170 1524 3225 Matthaei
1552 3172 1710 3228 codd.
1742 3170 1916 3240 Mosq.
1949 3172 1973 3224 I
2000 3189 2055 3239 p.
2085 3177 2152 3224 23
2192 3170 2289 3224 καὶ
2328 3166 2422 3225 ἐπὶ
2456 3176 2589 3229 Γαλ.
2628 3171 2767 3242 διὲμ.
2800 3201 2853 3211 -

585 3248 654 3317 ζ’.
692 3271 814 3320 γηρ.
855 3249 918 3304 δὲ
959 3246 1037 3303 ὢν
1075 3270 1194 3306 συν.
1236 3251 1377 3307 coni.
1411 3252 1623 3306 Moe'iller
1770 3257 1801 3306 8
1844 3248 2105 3322 διῄρηται
2143 3251 2274 3305 libri

724 3330 1052 3387 DCXLVIII
1089 3331 1240 3386 Eud.
1270 3350 1324 3401 p.
1357 3336 1475 3387 608.
1545 3331 1625 3387 Cf.
1654 3331 1818 3402 Diog.
1858 3332 1952 3400 IV,
1986 3337 2050 3385 16
2079 3348 2195 3400 seq.
2326 3338 2388 3386 11
2431 3326 2465 3401 ἢ
2510 3336 2724 3400 Φιλοκρ.
2762 3350 2856 3387 om.

584 3412 744 3481 Diog.
787 3412 1103 3481 suspectum
1140 3412 1504 3483 Bernhardyo
1544 3409 1603 3466 οἵ
1636 3411 1699 3468 δὲ
1743 3409 2119 3483 Φιλοκράτους
2148 3412 2303 3466 Eud.
2438 3419 2502 3467 13
2544 3410 2800 3481 διάδοχος
2823 3418 2858 3467 V

579 3487 911 3562 Ἀκαδημιάς
947 3494 1090 3561 vuly.
1205 3497 1271 3546 15
1312 3490 1574 3561 φέρεταιε
1614 3492 1683 3546 cf.
1721 3514 1773 3549 v.
1815 3489 2037 3553 Εὔοδος
2075 3492 2146 3545 al.
2224 3488 2412 3560 ἔχαιρε
2444 3523 2513 3532 —
2544 3492 2671 3547 exit.
2700 3492 2859 3559 Hesy-

585 3572 845 3627 chianum
879 3589 1090 3627 morem
1119 3573 1415 3637 excedunt;
1456 3571 1635 3627 lector
1669 3573 1869 3643 aliquis
1905 3572 2126 3626 addidit
2154 3572 2465 3641 compilans
2494 3572 2658 3641 Diog.
2686 3572 2777 3639 IV,
2806 3580 2859 3624 20

724 3652 999 3709 DCXLIX
1036 3654 1188 3708 Eud.
1217 3671 1271 3721 p.
1287 3658 1423 3729 ⁶584.
1485 3654 1757 3708 Tractant
1783 3653 2012 3719 Preller,
2041 3650 2251 3708 Polem.
2296 3650 2361 3705 fr.
2392 3671 2446 3721 p.
2476 3658 2534 3718 43
2574 3652 2773 3706 Mfiller
2798 3651 2859 3705 ΙΙΙ

583 3753 638 3804 p.
672 3740 801 3802 1083
847 3734 1130 3803 Weniger‚
1170 3734 1393 3799 Quaest.
1434 3733 1635 3802 Delph.
1673 3753 1728 3803 p.
1760 3740 1826 3788 22
1852 3749 1965 3801 seq.
2007 3730 2207 3799 (Berol.
2252 3732 2444 3801 1865);
2494 3732 2681 3799 Daub‚
2721 3732 2857 3786 Stud.

583 3834 638 3885 p.
668 3820 836 3883 eseq.
1012 3820 1076 3867 19
1117 3808 1180 3867 ἐκ
1219 3813 1346 3868 add.
1385 3814 1582 3881 Daub,
1621 3830 1729 3868 om
1766 3812 1899 3867 libri
2068 3818 2138 3866 20
2180 3814 2460 3875 Γλυκείας
2495 3817 2697 3866 Anvn
2738 3817 2859 3866 mv-

585 3895 749 3955 κυίας
786 3898 902 3947 Ald.
942 3894 1085 3962 vulq.
1125 3894 1341 3954 Λυκίας
1377 3892 1527 3946 Eud.
1568 3910 1805 3962 sequens
1844 3888 2025 3962 ὄνομα
2064 3892 2306 3961 expunxi
2343 3910 2473 3946 cum
2509 3893 2659 3947 Eud.
2782 3886 2857 3945 διὸ

584 4006 654 4016 —-
674 3970 814 4029 Ελλ.
845 3974 1045 4027 merito
1084 3974 1405 4042 suspectum
1435 3972 1681 4027 Prellero
1713 3992 1765 4043 p.
1800 3979 1883 4037 14,
1924 3990 2045 4027 cum
2076 3972 2249 4026 fuisse
2285 3971 2419 4026 libri
2455 3972 2857 4041 inscriptionem

586 4072 652 4110 ex
690 4054 892 4108 Athen.
923 4053 1001 4107 XI
1029 4072 1082 4122 p.
1113 4058 1217 4107 479
1258 4052 1573 4121 doceamur,
1611 4055 1933 4108 truncatum
1972 4070 2092 4107 esse
2132 4068 2199 4107 ex
2235 4053 2491 4107 uberiore
2530 4052 2858 4121 expositione

584 4134 904 4192 huiusmodi
941 4134 1058 4189 fere
1097 4133 1438 4202 argumenti:
1487 4130 1633 4186 κατὰ
1673 4132 1735 4188 δὲ
1776 4128 1977 4194 ἄλλους
2015 4129 2358 4202 Σικυώνιος,
2408 4128 2535 4187 ἐπεὶ
2572 4131 2668 4186 καὶ
2711 4128 2859 4201 λόγον

587 4214 812 4284 ἐποίησε
863 4214 991 4283 περὶ
1037 4214 1149 4267 τῶν
1189 4208 1250 4267 ἐν
1288 4212 1545 4266 Σικυῶνι
1580 4207 2052 4283 ἀγαλματοποιῶν
2089 4211 2187 4265 καὶ
2225 4208 2539 4281 ζωγράφων
2575 4212 2687 4266 τῶν
2724 4215 2857 4280 λεγο-

586 4295 771 4364 μένων
801 4291 1172 4359 Ἑλλαδικῶν,
1212 4288 1290 4346 δι’
1333 4288 1362 4347 ὃ
1403 4289 1761 4363 ἐπεγράφετο
1790 4288 2117 4354 Ἑλλαδικός
2152 4292 2319 4363 putat
2355 4291 2677 4347 Gutschmid

586 4382 651 4430 21
694 4371 968 4444 ἱστορικός
1006 4392 1113 4429 om.
1144 4374 1293 4429 Eud.
