3025 4892
1143 237 1713 307 PROLEGOMENA.
2448 242 2571 297 LIX

253 401 537 486 merito,
599 405 674 466 ut
735 401 994 486 opinor,
1053 401 1137 467 ad
1197 401 1498 487 Dionysii
1565 403 1907 468 historiam
1975 405 2285 470 musicam
2350 405 2575 471 reiecit

255 507 467 572 Daub
512 531 573 592 p.
611 510 740 574 417
773 531 903 594 seq.
949 509 1098 576 coll.
1141 509 1328 575 Phot.
1366 510 1406 574 1.
1445 531 1497 576 c.
1536 509 1645 594 (cf.
1682 509 2013 596 Egenolff,
2058 511 2357 576 Jahresb.
2402 513 2570 577 1879

257 613 298 677 I
352 637 418 698 p.
464 612 633 701 192).
723 613 948 702 Neque
1007 615 1076 680 in
1131 615 1481 701 lyricorum
1537 616 1689 683 vitis
1746 617 1981 684 desunt
2026 623 2203 683 certa
2256 619 2570 703 quaedam

273 727 684 806 argumenta,
714 722 948 808 quibus
977 745 1086 787 eas
1117 745 1194 788 ex
1221 721 1527 807 Dionysii
1556 745 1751 808 opere
1780 725 2042 790 fluxisse
2072 725 2398 810 probatur,
2428 725 2571 792 dico

265 851 328 892 v.
381 828 755 913 Πίνδαρος,
803 826 1110 912 Θέογνις,
1159 831 1591 914 .Μίμνερμος,
1640 815 2056 915 Παρθένίος,
2106 828 2401 915 Σαπφώ,
2454 836 2569 896 Φι-

265 931 574 1018 λόξενος,
629 935 1028 1019 Ανακρέων,
1092 932 1430 1021 Κόριννα,
1489 930 1805 1020 Ἀλκμάν,
1868 937 2165 1022 inprimis
2230 942 2449 1004 autem
2514 961 2570 1006 v.

268 1044 731 1126 Καλλίμαχος,
787 1043 966 1108 cuius
1013 1043 1149 1109 vita
1204 1063 1430 1108 ansam
1487 1041 1569 1108 ad
1623 1045 1830 1108 totam
1890 1046 2334 1129 quaestionem
2386 1045 2569 1110 insti-

269 1149 586 1214 tuendam
635 1147 1024 1214 Schneidero
1071 1149 1266 1216 dedit.

453 1254 578 1320 Sed
622 1256 689 1320 in
735 1256 1130 1321 comicorum
1169 1255 1348 1340 vitis,
1393 1255 1815 1340 potissimum
1854 1257 1935 1322 ad
1974 1260 2439 1324 enumerandas
2478 1261 2570 1325 fa-

268 1362 489 1445 bulas,
553 1384 632 1426 ex
693 1362 900 1427 altero
962 1383 1216 1447 quoque
1277 1362 1725 1447 promptuario
1787 1362 2151 1448 Hesychius
2213 1366 2573 1432 doctrinam

271 1462 463 1532 suam
499 1466 794 1534 hausisse
824 1469 1152 1554 putandus
1181 1473 1296 1552 est,
1335 1491 1412 1534 ex
1441 1469 1864 1536 Athenaeo,
1910 1469 2081 1535 Nam
2115 1475 2571 1557 praeterquam

267 1575 445 1660 quod
494 1575 870 1660 saepissime
917 1575 1086 1640 liber
1123 1575 1260 1640 eius
1299 1576 1368 1640 in
1405 1576 1801 1640 comicorum
1840 1575 1995 1641 vitis
2025 1577 2327 1642 laudatur
2362 1575 2571 1663 (locos

269 1681 516 1767 collegi
559 1680 726 1748 Mus.
771 1682 977 1748 Rhen.
1013 1681 1254 1748 XXXV
1305 1705 1368 1766 p.
1405 1679 1596 1769 200),
1642 1703 1775 1747 non
1820 1682 2011 1749 modo
2058 1686 2299 1750 multos
2342 1686 2571 1752 titulos

267 1790 354 1854 de
393 1811 471 1854 eo
499 1789 777 1873 pendere
805 1793 956 1874 post
983 1788 1453 1872 expositionem
1474 1786 1893 1871 Volkmanni,
1931 1787 2008 1853 de
2040 1787 2211 1856 Suid.
2240 1815 2301 1876 p.
2330 1793 2419 1858 35
2440 1815 2575 1879 seq.

267 1897 680 1982 aliorumque
725 1896 887 1961 vidit
921 1894 1178 1980 Rohde,
1222 1894 1388 1961 Mus.
1427 1894 1635 1960 Rhen.
1670 1893 1953 1960 XXXIII
1990 1918 2053 1979 p.
2091 1897 2215 1962 182
2258 1903 2420 1984 not.,
2460 1899 2571 1964 sed

267 2003 472 2068 etiam
511 2003 882 2068 fabularum
907 2002 1168 2068 tabulas
1199 2002 1577 2087 saepissime
1615 2022 1693 2067 ex
1732 2023 1807 2066 eo
1848 2024 2144 2068 manasse
2182 2009 2363 2088 patet
2400 2029 2475 2070 ex
2514 2029 2573 2071 V.

267 2108 606 2187 Σέλευκος
629 2104 831 2196 Ἐμισ.
869 2112 936 2174 et
963 2105 1422 2193 Νικόστρατος
1447 2131 1636 2192 xmp„
1672 2109 1729 2173 si
1757 2129 1906 2174 cum
1935 2107 2200 2175 Rohdeo
2230 2112 2273 2178 l.
2310 2133 2359 2179 c.
2398 2116 2570 2178 utro-

267 2240 398 2302 que
444 2219 588 2282 loco
637 2216 1050 2282 emendamus
1087 2211 1242 2300 παρ’
1281 2211 1621 2304 Ἀθηναίῳ
1659 2237 1777 2300 pro
1816 2215 1891 2280 ἐν
1926 2212 2287 2303 παραθήκῃ
2335 2217 2571 2303 (ταῦτα

267 2319 430 2407 παρ’
478 2319 814 2411 Ἀθηναίῳ
863 2310 1066 2408 εὗρον
1111 2318 1442 2408 κείμενα),
1499 2321 1670 2406 quod
1719 2320 1979 2405 quidem
2024 2322 2197 2387 haud
2254 2325 2569 2390 absonum

270 2431 493 2497 fuerit.
512 2430 564 2516 ¹)
636 2431 792 2496 Inde
839 2432 1054 2494 autem
1095 2428 1388 2514 quaestio
1431 2427 1819 2494 difficillima
1856 2427 2086 2512 oritur,
2132 2429 2303 2513 quod
2340 2427 2569 2495 Suidas

275 2560 534 2623 quoque
578 2536 984 2601 Athenaeum
1031 2533 1398 2600 accuratius
1448 2533 1731 2620 perlegit
1769 2535 2153 2619 saepiusque
2200 2556 2277 2600 ex
2324 2558 2440 2600 suo
2478 2536 2569 2601 in·

271 2643 466 2730 genio
534 2643 853 2708 Athenaei
923 2641 1307 2726 quibusdam
1374 2641 1535 2706 locis
1599 2641 1768 2705 vitas
1838 2638 2289 2725 Hesychianas
2363 2642 2569 2727 inqui-

271 2749 472 2815 navit.
565 2749 794 2834 Itaque
848 2749 1206 2814 rectissime
1265 2747 1480 2830 Daub,
1548 2747 1626 2812 de
1672 2743 1844 2812 Suid.
1898 2768 1961 2830 p.
2006 2748 2139 2813 482
2186 2770 2346 2834 seq.‚
2400 2748 2571 2834 quod

273 2856 540 2923 iteravit
587 2853 767 2920 Stud.
812 2879 874 2940 p.
919 2856 1040 2920 138
1071 2877 1184 2940 seq
1199 2906 1231 2937 .,
1287 2855 1461 2919 inter
1505 2853 1823 2938 Hesychii
1867 2857 1934 2920 et
1981 2852 2211 2921 Suidae
2259 2856 2571 2921 articulos

273 2963 380 3028 vel
427 2962 849 3028 articulorum
904 2961 1347 3027 additamenta
1401 2960 1930 3046 distinguendum
1990 2983 2129 3026 esse
2176 2958 2569 3047 iudicavit.²)

273 3069 374 3134 Ac
409 3069 690 3153 primum
738 3067 996 3152 quidem
1044 3070 1216 3132 recte
1260 3067 1589 3150 perspexit
1634 3055 1925 3134 omnium
1969 3068 2289 3152 locorum,
2336 3068 2567 3152 quibus

273 3175 652 3240 Athenaeus
687 3174 826 3256 ipse
864 3172 1178 3257 laudetur,
1215 3172 1501 3238 indolem
1540 3194 1682 3238 eam
1712 3195 1881 3258 esse,
1926 3177 2003 3238 ut
2038 3177 2297 3258 praeter
2333 3195 2571 3240 nomen

271 3286 507 3367 poetae
563 3281 657 3346 nil
715 3280 842 3344 nisi
902 3278 1080 3344 tituli
1145 3279 1398 3363 aliquot
1461 3285 1930 3346 enumerentur.
2021 3278 2271 3345 Deinde
2334 3283 2569 3363 autem,

273 3387 341 3452 id
379 3387 552 3472 quod
591 3386 1048 3474 gravissimum
1088 3385 1342 3451 videtur
1376 3391 1833 3472 argumentum
1876 3409 2041 3466 esse,
2078 3385 2305 3452 eodem
2344 3387 2569 3452 ordine

273 3497 681 3560 enumeratas
739 3514 876 3558 esse
922 3492 1205 3575 fabulas,
1253 3513 1380 3575 quo
1425 3491 1701 3558 fortuito
1760 3494 1931 3578 apud
1976 3493 2381 3558 Athenaeum
2438 3493 2569 3557 lau-

275 3600 527 3666 dentur.
619 3599 794 3676 Quae
851 3599 906 3664 si
960 3601 1132 3663 recte
1188 3599 1533 3664 observata
1580 3606 1762 3686 sunt,
1818 3619 2236 3686 permagnam
2285 3600 2566 3664 vitarum

277 3708 672 3773 comicorum
730 3709 984 3790 partem
1041 3727 1118 3770 ex
1163 3704 1476 3790 Hesychii
1522 3708 1843 3773 thesauris
1898 3729 2027 3772 non
2086 3706 2349 3771 fluxisse
2394 3710 2566 3770 recte

275 3811 642 3899 suspiceris,
689 3812 1016 3896 Attamen,
1055 3833 1198 3878 cum
1239 3811 1316 3876 de
1352 3812 1687 3878 nonnullis
1726 3813 1879 3878 vitis
1918 3813 2152 3878 merito
2190 3811 2398 3896 possit
2436 3833 2565 3874 am-

276 3921 443 4006 bigi,
489 3941 732 4004 omneS,
769 3923 844 3983 ut
881 3919 1092 3998 decet,
1130 3919 1197 3983 in
1227 3918 1579 3984 editionem
1607 3940 1817 3984 meam
1844 3919 2084 4004 recepi3
2120 3917 2564 4004 quaestionem

279 4027 449 4092 enim
491 4025 822 4091 incohavit
864 4025 1085 4110 Daub,
1129 4046 1262 4090 non
1309 4025 1608 4091 absolvit.

424 4227 476 4283 1)
525 4219 696 4274 Secus
742 4218 812 4274 de
848 4217 936 4272 his
971 4217 1109 4272 locis
1146 4217 1362 4272 iudicat
1398 4215 1742 4285 Volkmann,
1782 4216 2003 4282 Quaest.
2043 4233 2170 4271 nov.
2212 4215 2289 4270 XI
2324 4218 2439 4271 not.
2476 4222 2561 4270 19.

420 4301 477 4368 2)
516 4297 806 4354 Eiusmodi
842 4297 1228 4352 additamenta
1271 4298 1330 4353 in
1367 4296 1625 4353 Violario
1664 4298 1887 4352 omnino
1926 4314 2037 4353 non
2074 4295 2338 4365 inveniri,
2378 4297 2563 4352 obser-

282 4379 436 4434 vavit
469 4375 646 4436 etiam
681 4375 1020 4433 Volkmann.
