3025 4892
1211 202 1639 258 HESYCHIUS.
2486 205 2521 267 1
2532 206 2565 268 1

451 365 752 432 XXXIV.
837 361 1338 452 Ἀλκίφρων
1402 362 1690 449 Μάγνης
1760 368 1878 450 τῆς
1945 362 2123 453 παρὰ
2191 364 2567 456 Μαιάνδρῳ

269 475 699 556 Μαγνησίας,
746 470 1139 558 φιλόσοφος.

451 578 715 644 XXXV.
789 575 1126 665 Ἀλκμάν
1185 577 1433 646 Λάκων
1503 575 1632 646 ἀπὸ
1688 578 2027 664 Μεσσόας,
2094 576 2256 646 κατὰ
2324 577 2398 646 δὲ
2448 576 2570 646 τὸν

269 682 593 770 Κράτητα
618 687 942 752 πταίοντα
973 682 1200 764 Λυδὸς
1226 686 1297 753 έκ
1325 683 1676 772 Σάρδεων,
1713 683 2005 772 λυρικός,
2037 682 2183 764 υίὸς
2214 684 2571 771 Δάμαντος

269 787 312 877 ἢ
393 790 701 879 Τιτάρου.
801 782 891 878 ἦν
959 791 1034 860 δὲ
1099 792 1203 858 ἐπὶ
1259 795 1375 878 τῆς
1436 791 1529 874 κζ
1598 789 2033 878 ὀλυμπιάδος,
2072 790 2573 877 -βασιλεύοντος
2598 811 2624 850 5

271 901 527 966 Λυδῶν
555 896 846 983 ’Ἄρδυος
888 902 1011 966 τοῦ
1045 896 1408 968 Ἀλυάττου
1443 897 1714 985 πατρός,
1759 899 1870 966 καὶ
1910 893 2007 967 ῶν
2045 897 2354 986 ἐρωτικὸς
2390 897 2573 967 πάνυ

271 1002 544 1091 εὑρετὴς
579 1007 814 1091 γέγονε
851 1008 988 1074 τῶν
1027 1008 1363 1094 ἐρωτικῶν
1400 1008 1641 1092 μελῶν.
1699 1003 1828 1074 ἀπὸ
1870 1008 2146 1074 οἰκετῶν
2176 1007 2267 1073 δέ.
2324 1010 2570 1093 ἔγραψε

271 1105 506 1196 βιβλία
561 1109 616 1183 ς’
674 1113 868 1198 μέλη,
928 1111 1066 1197 [καὶ
1113 1111 1621 1199 Κολυμβῶσας.]
1712 1115 1973 1200 πρῶτος
2019 1110 2093 1179 δὲ
2141 1111 2450 1198 εἰσήγαγε
2494 1110 2569 1181 τὸ

267 1217 364 1303 μὴ
418 1217 792 1306 ἑξαμέτροις
827 1221 1170 1308 μελῳδεῖν.
1241 1219 1551 1306 κέχρηται
1589 1218 1665 1287 δὲ
1704 1222 1967 1306 Δωρίδι
2005 1219 2323 1311 διαλέκτῳ
2361 1217 2571 1287 καθά-

267 1348 398 1413 περ
457 1325 995 1413 Λακεδαιμόνιοι.
1099 1331 1265 1411 [ἔστι
1330 1325 1404 1394 δὲ
1467 1328 1579 1396 καὶ
1636 1313 1855 1416 ἔτερος
1908 1324 2225 1414 Ἀλκμάν,
2288 1321 2383 1406 εἷς
2436 1328 2572 1394 τῶν
2600 1347 2651 1388 10

265 1436 594 1519 λυρικῶν,
633 1429 715 1502 ὃν
762 1431 1040 1520 ἤνεγκεν
1088 1431 1129 1519 ἡ
1187 1432 1556 1520 Μεσσήνη]

450 1540 750 1608 XXXVI.
816 1538 1225 1626 Ἀμειψίας
1267 1537 1625 1626 Ἀθηναῖος
1668 1539 1959 1627 κωμικός
1987 1594 2001 1608 .
2032 1595 2046 1610 .
2077 1593 2092 1610 .

451 1647 784 1714 XXXVII.
841 1643 1219 1734 [Ἀμέλιος
1250 1644 1573 1734 Ἀπαμεύς
1608 1646 2005 1735 φιλόσοφος,
2042 1633 2349 1734 μαθητῆς
2376 1653 2571 1714 Πλω-

245 1758 494 1838 ’τίνου,
559 1752 959 1835 διδάσκαλος
1012 1759 1450 1843 Πορφυρίου,
1536 1757 1980 1841 συγχρονίσας
2037 1752 2387 1845 Ἀμμωνίῳ
2458 1754 2570 1821 καὶ

258 1856 639 1945 Ὠριγένει.]
1688 1925 1694 1930 ,
2601 1881 2652 1922 15

449 1969 815 2038 XXXVIII.
885 1967 1330 2056 Ἀμμώνιος
1383 1968 1759 2056 φιλόσοφος
1798 1967 2298 2058 Ἀλεξανδρεύς,
2354 1967 2389 2038 ὁ
2440 1971 2570 2036 ἐπι-

261 2073 546 2158 κληθεὶς
592 2078 876 2155 Σακκᾶς.
955 2066 1149 2156 οὗτος
1194 2073 1325 2143 άπὸ
1375 2080 1801 2165 Χριστιανῶν
1847 2078 2123 2163 γέγονεν
2154 2075 2435 2164 ”Ελλην,
2482 2073 2572 2155 ῶς

263 2198 437 2266 φησι
487 2181 900 2270 Πορφύριος.

421 2430 652 2484 XXXIV
691 2449 799 2488 om.
829 2432 1104 2487 Westerm.
1171 2431 1251 2486 Cf.
1291 2433 1496 2486 Athen.
1526 2433 1553 2486 1
1581 2433 1643 2502 p.
1682 2437 1769 2500 31,
1809 2433 1906 2502 qui
1944 2434 2156 2489 comico
2194 2429 2574 2507 Κολυμβώσας

267 2511 460 2575 dedit,
497 2511 644 2566 infra
678 2530 732 2566 v.
767 2507 998 2582 Ἀλκμάν
1032 2512 1294 2567 laudatas

418 2590 622 2645 XXXV
658 2592 808 2648 Eud.
847 2610 904 2662 p.
945 2597 1046 2646 102
1192 2598 1224 2645 3
1261 2588 1408 2647 κατὰ
1448 2591 1511 2648 δὲ
1555 2624 1621 2632 —-
1660 2587 1934 2661 Σάρδεων
1973 2596 2031 2650 ef.
2066 2591 2190 2656 υἱός
2227 2626 2293 2634 -
2337 2592 2572 2648 οἰκετῶν

261 2663 336 2728 δὲ
381 2690 487 2727 om.
525 2673 678 2727 Eud.
849 2679 884 2726 4
930 2675 1204 2728 πταίοντα
1243 2679 1290 2727 A
1337 2677 1395 2730 et
1430 2681 1605 2727 Vatia.
1644 2679 1894 2728 Pon-soni
1937 2671 2184 2730 πτόοντα
2220 2681 2263 2726 E
2314 2669 2573 2728 πτώοντα

267 2754 410 2808 cett.
458 2751 532 2823 τῷ
579 2748 703 2807 ὄντι
744 2754 1084 2822 Pearsonus,
1134 2753 1468 2822 significatio
1514 2753 1671 2821 libri,
1722 2754 1878 2808 velut
1923 2753 2053 2822 περὶ
2098 2754 2347 2824 ποιητῶν
2392 2751 2572 2806 inesse

265 2832 499 2886 videtur
525 2833 912 2903 Bernhardyo,
945 2829 1240 2901 πατρόθεν
1271 2834 1665 2889 Schneidewin.
1714 2829 1837 2887 Del.
1867 2851 1921 2903 p.
1952 2839 2075 2903 238,
2115 2834 2215 2888 sed
2243 2834 2325 2888 nil
2349 2835 2571 2888 mutan-

261 2914 409 2967 dum
437 2929 555 2967 esse
583 2915 760 2982 pavet,
791 2913 924 2982 quia
947 2913 1229 2983 significat
1257 2914 1576 2983 „Cratetem
1605 2914 1901 2982 errantem,
1930 2913 2193 2983 falsum“,
2225 2915 2295 2972 of.
2317 2934 2366 2969 v.
2389 2918 2573 2968 Πολυ-

260 2986 483 3062 δεύκης
660 2999 690 3047 ’1
731 2987 858 3046 ,άπὸ
909 2991 1014 3048 οἰκ.
1065 2995 1230 3064 (quae
1274 3010 1474 3048 manca
1521 3010 1639 3048 esse
1685 2995 1890 3062 pateb):
1948 2994 2326 3062 Waehsmuth,
2364 2993 2571 3062 symb.

261 3092 324 3142 p.
349 3077 496 3138 140,
556 3073 703 3127 infra
751 3075 936 3146 βιβλία
984 3072 1043 3140 ἕξ
1083 3078 1130 3126 A
1183 3075 1240 3128 in
1282 3091 1457 3145 marg.
1508 3074 1626 3144 (sed
1673 3091 1819 3130 man.
1857 3076 1903 3144 I)
1960 3074 2143 3144 μελῶν
2191 3074 2467 3128 Kusterus

263 3159 301 3206 8
368 3152 465 3206 καὶ
520 3150 899 3223 Κολυμβώσας
953 3171 1066 3208 non
1129 3155 1204 3209 ad
1247 3155 1578 3209 Alcmanem
1634 3156 1888 3224 spechare
1945 3155 2044 3209 sed
2100 3154 2171 3208 ad
2226 3153 2573 3208 Alcimenem

260 3233 543 3288 comicum
589 3251 759 3303 supra
804 3231 921 3287 dixi
1095 3240 1162 3288 10
1208 3230 1283 3296 ὡς
1329 3232 1785 3305 Λακεδαιμόνιος
1826 3235 1979 3290 Eud.
2037 3231 2470 3304 λακεδαιμόνιοι
2508 3238 2573 3303 A,

261 3308 724 3382 Λακεδαιμόνιος
752 3315 896 3383 vuly.
954 3313 1036 3367 De
1070 3315 1248 3369 altero
1286 3314 1461 3384 lyrico
1499 3315 1631 3370 silet
1658 3316 1942 3385 Eudoeia,
1974 3316 2315 3384 quapropter
2344 3314 2573 3369 Suidam

267 3409 518 3446 errorem
556 3391 846 3447 admisisse
891 3393 1012 3448 veri
1057 3393 1240 3449 simile
1278 3397 1380 3454 est„
1455 3394 1535 3450 Cf.
1574 3395 1932 3465 Bernhardy:
1992 3395 2183 3463 „Quae
2229 3394 2571 3464 subsequun-

267 3477 398 3542 tur,
435 3473 620 3527 neseio
659 3472 814 3526 ouius
853 3473 1136 3530 sollertiae
1166 3475 1456 3544 debentur,
1493 3475 1590 3544 qui
1619 3471 1925 3544 Μεσσήνην
1960 3473 2286 3544 opinaretur
2320 3475 2393 3529 ab
2421 3479 2573 3528 Μεσ-

219 3563 225 3580 ··
267 3547 386 3606 σόα
423 3553 662 3606 multum
699 3553 934 3608 distare:
972 3573 1024 3609 v.
1065 3554 1263 3611 Strabo
1301 3554 1437 3609 VIII
1471 3574 1527 3625 p.
1568 3560 1687 3610 364.
1746 3555 2005 3610 Errorem
2044 3554 2367 3610 observaviss
2401 3556 2573 3609 etiam

272 3632 563 3700 Baylius“.
641 3631 721 3687 cf.
761 3633 959 3703 Daub,
1003 3635 1072 3689 de
1113 3637 1264 3692 Snid.
1303 3637 1482 3707 biogr.
1521 3653 1579 3705 p.
1618 3641 1721 3690 472

429 3711 664 3766 XXXVI
702 3730 808 3768 om.
843 3713 1116 3770 Westerm.
1188 3713 1268 3769 Cf.
1309 3715 1565 3770 Meineke
1598 3716 1624 3768 Ι
1660 3733 1713 3784 p.
1757 3720 1857 3770 199
1896 3733 2009 3785 seq.
2076 3716 2454 3771 Librariorum
2490 3716 2572 3770 in-

271 3791 435 3848 curia
471 3791 688 3862 reliqua
725 3793 1000 3848 excidisse
1039 3795 1288 3865 suspicor

416 3871 673 3926 XXXVII
722 3872 1059 3944 Excerptum
1108 3891 1174 3930 ex
1211 3875 1482 3945 Porphyr.
1524 3875 1595 3930 de
1640 3875 1739 3930 vit.
1786 3875 1989 3931 Plotin.
2029 3882 2088 3943 2,
2141 3874 2293 3944 quod
2330 3893 2463 3928 num
2500 3875 2573 3930 ab

259 3951 554 4021 Hesychio
601 3953 915 4021 profeessum
957 3953 1056 4022 sit,
1102 3955 1403 4010 admodum
1452 3955 1685 4010 dubium
1733 3957 1820 4009 est
2003 3962 2068 4009 14
2116 3956 2357 4009 Tuscum
2402 3953 2571 4009 fuisse

261 4032 616 4101 Porphyrius
653 4035 869 4099 narrat3
913 4032 1116 4089 Suidae
1155 4053 1396 4091 errorem
1437 4039 1621 4093 orbum
1660 4053 1727 4090 ex
1764 4034 2060 4105 Porphyrii
2098 4035 2279 4088 verbis
2318 4030 2425 4104 ἐγὼ
2466 4034 2571 4104 μὲν

265 4108 586 4181 ἐτύγχανον
635 4109 696 4167 ἐν
743 4115 1026 4184 Λιλυβαίῳ
1076 4146 1141 4154 -
1185 4111 1424 4184 Ἀμέλιος
1478 4114 1543 4171 δὲ
1599 4113 1659 4170 ἐν
1703 4110 1969 4185 Ἀπαμείᾳ
2015 4115 2114 4183 τῆς
2160 4115 2375 4183 Συρίας
2428 4114 2573 4169 vidit

264 4193 564 4248 Meursius
601 4191 846 4262 μαθητὶς
882 4197 929 4245 A
1075 4201 1140 4248 15
1173 4189 1446 4264 Ὦριγένει
1483 4200 1531 4248 A
1562 4190 1818 4264 Ὠριγένῃ
1855 4195 2024 4263 vula—

415 4268 703 4326 XXXVIII
760 4271 842 4328 Cf.
893 4273 1100 4328 Zonar.
1149 4293 1200 4344 p.
1243 4281 1344 4330 146
1531 4282 1594 4330 17
1644 4275 1799 4328 Idem
1835 4275 2046 4342 negant
2083 4271 2381 4339 Eusebius,
2426 4274 2569 4330 Hist.

263 4351 426 4406 Eoel.
456 4350 552 4421 VI,
586 4357 650 4405 19
689 4353 746 4406 et
782 4353 1105 4423 Hieronym.
1146 4353 1242 4407 vit.
1284 4359 1369 4424 55,
1408 4354 1505 4423 qui
1542 4355 1683 4409 talia
1711 4353 1905 4408 refert:
1942 4352 2141 4424 „Hune
2166 4351 2312 4405 falso
2340 4357 2571 4408 accusat
