3025 4892
375 395 496 474 §4

543 231 672 285 xlv
1395 231 1974 288 PROLEGOMENA.

719 390 844 458 Sed
890 397 1149 476 praeter
1195 393 1711 478 epitomatorem,
1755 396 1868 481 qui
1916 395 2172 460 saeculo
2212 395 2489 480 septimo
2524 394 2853 482 Hesychii

541 521 706 584 opus
751 506 819 564 in
865 499 1125 570 brevius
1173 502 1408 586 coegit,
1453 502 1621 566 alius
1658 503 1974 585 lacunam,
2020 523 2213 586 quam
2252 502 2319 566 in
2358 501 2851 586 Onomatologo

541 607 743 696 hiare·
763 607 1102 690 intellexit,
1141 607 1543 692 supplevisse
1579 607 1855 690 videtur,
1892 608 2117 673 stilum
2146 606 2629 691 Hesychianum
2668 609 2853 673 haud

541 714 943 798 ineleganter
988 713 1303 778 imitatus.
1389 713 1534 779 Huc
1581 713 1789 778 refero
1838 714 2009 779 vitas
2056 712 2289 779 Basilii
2336 714 2850 799 Irenopolensis,

539 821 820 886 fortasse
849 819 1196 905 Hippolyti
1233 821 1524 904 episcopi
1554 819 1747 905 (quae
1775 843 1933 885 num
1961 822 2382 906 neglegenter
2412 844 2489 886 ex
2520 820 2847 906 Sophron.

541 950 596 992 c.
625 928 705 992 61
755 932 1058 1010 excerpta
1103 927 1217 1012 sit,
1272 927 1539 992 dubium
1556 924 1628 1011 ¹),
1674 925 1939 992 Ioannis
1978 924 2456 1010 Chrysostomi,
2502 929 2684 993 cuius
2732 929 2863 992 ini-·

539 1035 708 1099 tium
762 1036 1016 1098 tantum
1075 1033 1271 1098 etiam
1319 1031 1637 1117 Sophron.
1685 1054 1737 1097 c.
1790 1033 1913 1096 129
1971 1034 2239 1118 legitur,
2294 1033 2558 1100 Ioannis
2606 1034 2847 1098 Dama-

541 1140 746 1222 sceni,
795 1161 871 1203 ex
927 1161 1054 1224 qua
1099 1140 1286 1204 fluxit
1334 1137 1611 1206 Cosmae
1655 1137 2234 1224 Hierosolymitani
2282 1140 2391 1226 (cf.
2430 1140 2597 1206 MuS.
2633 1140 2847 1204 Rhen.

539 1245 789 1310 XXXV
849 1270 909 1331 p.
977 1247 1104 1312 227
1182 1244 1374 1332 not.),
1449 1245 1776 1331 Triphylii
1850 1247 2163 1331 episcopi,
2236 1247 2499 1312 Traiani
2573 1247 2847 1312 Patricii

543 1352 626 1438 (c.
675 1375 731 1418 a.
773 1350 961 1439 670),
1015 1352 1262 1437 Ignatii
1306 1351 1609 1434 Diaconi‚
1666 1374 1855 1437 quem
1902 1375 1953 1418 c.
2002 1377 2059 1419 a.
2097 1354 2227 1418 850
2271 1354 2509 1418 vixisse
2556 1359 2847 1435 constat3

543 1460 777 1534 omitto
817 1461 989 1524 enim
1027 1460 1194 1524 vitas
1235 1481 1311 1523 ex
1350 1459 1430 1523 iis
1463 1459 1889 1543 scriptoribus
1920 1459 2390 1545 ecclesiasticiS,
2425 1462 2849 1545 potissimum

461 1611 474 1624 -
547 1566 933 1651 SophroniO,
979 1567 1358 1652 descriptae,
1406 1566 1640 1651 quibus
1689 1565 1952 1631 Suidam
1999 1589 2185 1632 usum
2234 1589 2375 1632 esse
2420 1587 2611 1633 nemo
2658 1569 2847 1651 igno-

542 1678 645 1738 rat
705 1673 912 1759 (velut
958 1673 1190 1739 Basilii
1237 1673 1567 1757 Ancyrani
1612 1670 1744 1759 aL).
1846 1671 1989 1749 Qua
2042 1675 2121 1739 de
2179 1697 2405 1759 causa,
2459 1677 2845 1760 praesertim

543 1803 688 1874 cum
725 1780 949 1846 Photii
985 1778 1397 1864 patriarchae
1437 1779 1593 1861 (827
1616 1777 1871 1865 -891)
1917 1781 2055 1846 vita
2094 1782 2339 1846 omissa
2386 1783 2491 1866 sit,
2532 1783 2843 1867 compila-

542 1893 750 1953 torem
825 1888 1022 1952 istum
1099 1887 1281 1952 brevi
1347 1889 1498 1971 post
1563 1885 1893 1972 Ignatium
1962 1888 2197 1954 vixisse
2262 1889 2625 1974 suspicatus
2700 1913 2841 1954 sum

545 1995 710 2060 Mus,
739 1993 943 2060 Rhen.
979 1994 1020 2057 1.
1050 2016 1102 2059 c.
1175 1992 1392 2077 Atque
1431 1993 1581 2058 illas
1618 1994 1808 2077 vitas,
1844 2015 1991 2059 cum
2030 2017 2298 2080 prorsus
2340 1996 2553 2061 desint
2588 1997 2657 2060 in
2686 1995 2839 2062 Vio-

545 2101 740 2183 lario,
795 2121 932 2165 non
993 2101 1136 2185 ipsa
1189 2100 1258 2163 in
1322 2103 1601 2183 epitome
1667 2101 1964 2166 extitisse
2031 2107 2277 2168 certum
2334 2106 2462 2186 est,
2530 2102 2639 2167 sed
2699 2107 2840 2168 tan-

545 2229 740 2294 quam
779 2207 861 2272 ad
898 2208 1140 2272 calcem
1177 2208 1495 2291 epitomes
1533 2208 1634 2272 vel
1672 2208 1739 2271 in
1778 2208 2215 2274 additamento
2256 2210 2617 2294 adscriptas
2642 2209 2840 2274 fuisse

542 2319 700 2400 puto
713 2365 730 2399 ,
775 2315 944 2380 unde
1000 2315 1070 2378 in
1117 2338 1306 2381 suum
1350 2315 1601 2380 lexicon
1648 2315 2007 2400 desumpsit
2044 2313 2292 2382 Suidas.
2366 2315 2586 2381 Unum
2625 2321 2839 2383 autem

542 2426 775 2508 restat,
840 2422 1009 2507 quod
1073 2423 1138 2487 in
1205 2421 1328 2486 hac
1395 2443 1464 2486 re
1520 2421 1911 2486 monendum
1966 2422 2234 2489 videtur.
2334 2423 2616 2488 Praebet
2670 2423 2838 2487 enim

543 2552 710 2595 unus
769 2529 905 2595 cod.
951 2529 1392 2595 Bruxellensis
1451 2525 1561 2614 (E)
1623 2532 1776 2612 post
1830 2526 2059 2592 Basilii
2116 2527 2583 2613 Irenopolitani
2637 2529 2838 2595 vitam

545 2639 820 2702 alteram
887 2634 1286 2701 Seleucensis
1352 2635 1733 2720 (Βασίλειος
1802 2634 2024 2720 ἕτερος
2090 2638 2515 2718 Σελευκείας,
2582 2634 2841 2720 ἑταῖρος

550 2744 698 2824 [τοῦ
745 2743 885 2808 add.
931 2742 1095 2822 cod.]
1145 2739 1659 2827 Χρυσοστό-μου,
1715 2737 1883 2827 πρὸς
1929 2735 2011 2807 ὃν
2060 2739 2133 2806 ἐν
2178 2752 2318 2820 τοῖς
2368 2739 2521 2827 περὶ
2570 2739 2839 2827 ἱερωσύ-

545 2873 670 2932 νης
713 2845 946 2933 λόγοις
984 2846 1252 2931 [λόγους
1299 2850 1460 2930 cod.]
1513 2845 1937 2934 διαλέγεται),
1984 2841 2265 2932 primum
2314 2872 2353 2913 a
2389 2849 2725 2935 Dausquio
2750 2851 2839 2914 'in

546 2957 722 3022 notis
779 2955 860 3021 ad
917 2953 1236 3020 Basiliam
1293 2953 1535 3020 Seleuc.
1593 2978 1653 3039 p.
1682 2955 1810 3020 317
1870 2957 1937 3017 et
1993 2951 2263 3019 Schotto
2320 2955 2393 3018 in
2446 2955 2633 3022 Phot.
2683 2957 2837 3022 bibl.

547 3065 684 3130 cod.
726 3064 850 3128 168
897 3085 959 3146 p.
995 3062 1125 3127 378
1172 3062 1519 3146 vulgatam.
1565 3083 1683 3126 nec
1739 3084 1780 3125 a
1824 3060 2151 3126 Pearsono
2196 3062 2593 3147 neglectam,
2646 3085 2839 3147 quam

545 3192 753 3255 neque
808 3167 1120 3254 Hesychii
1175 3190 1382 3252 neque
1439 3168 1886 3253 epitomatoris
1933 3166 2036 3233 vel
2082 3169 2366 3233 asseclae
2410 3169 2681 3235 alieuius
2718 3191 2839 3234 :nec

546 3277 822 3362 deniqne
886 3276 1092 3361 ipsius
1150 3274 1382 3340 Suidae
1446 3275 1731 3341 indolem
1794 3297 1949 3360 prae
2016 3297 2083 3340 se
2143 3275 2313 3341 ferre
2368 3278 2439 3341 in
2495 3276 2839 3342 manifesto

546 3387 665 3448 est.
714 3382 1080 3466 Adscripsit
1105 3381 1308 3466 igitur
1345 3381 1531 3446 illam
1568 3403 1645 3445 ex
1694 3404 1810 3446 suo
1848 3382 2115 3465 ingenio
2154 3384 2460 3448 librarius
2500 3384 2733 3467 aliquis
2772 3385 2839 3448 in

545 3490 824 3555 historia
879 3489 1316 3554 ecclesiastica
1372 3489 1537 3554 bene
1582 3492 1908 3573 versatuS,
1962 3490 2135 3573 quod
2181 3491 2399 3556 nescio
2448 3512 2533 3555 an
2580 3492 2837 3575 saepius

547 3597 616 3661 in
660 3596 905 3661 nostris
955 3593 1188 3661 Suidae
1236 3595 1713 3678 exemplaribus
1760 3594 2006 3660 factum
2055 3597 2156 3662 sit.

696 3795 746 3860 1)
785 3790 978 3847 Potius
1017 3807 1084 3845 ex
1111 3789 1292 3845 altero
1319 3789 1475 3844 fonte
1501 3787 1687 3856 fluxit,
1725 3789 1820 3857 qui
1851 3789 2105 3845 diversus
2133 3794 2221 3846 est
2247 3792 2319 3845 ab
2348 3790 2578 3846 Eusebii
2606 3791 2842 3846 historia

548 3868 943 3926 ecclesiastica.
996 3869 1141 3925 Nam
1179 3869 1379 3926 titulus
1417 3867 1500 3931 εἰς
1535 3865 1637 3931 τὰς
1664 3863 1890 3938 ὁράσεις
1922 3871 2023 3924 τοῦ
2053 3867 2272 3940 Δανιὴλ
2308 3867 2616 3942 ὑπόμνημα
2654 3874 2841 3942 negle-

546 3951 773 4019 gentius
821 3950 1127 4020 exscriptus
1173 3949 1396 4004 videtur
1439 3966 1541 4017 pro
1590 3947 1671 4011 εἰς
1716 3946 1847 4012 τοὺς
1883 3945 1968 4019 ὁρ.
2010 3955 2153 4006 Δαν.
2192 3950 2290 4006 καὶ
2332 3953 2434 4007 τοῦ
2474 3955 2841 4027 Ναβουχοδο-

545 4025 736 4099 νόσαρ.
814 4029 896 4084 Cf.
933 4028 1211 4098 Lagarde,
1259 4027 1546 4098 Hippolyt.
1587 4027 1751 4097 Oper.
1788 4047 1844 4099 p.
1885 4037 1950 4084 51
1991 4032 2165 4102 (Lips.
2209 4033 2387 4100 1858).
2428 4063 2493 4072 —-
2534 4034 2614 4086 De
2652 4035 2841 4088 aetate

549 4108 861 4180 Hippolyti,
890 4109 986 4178 qui
1013 4109 1240 4163 ineunte
1271 4108 1497 4162 saeculo
1531 4106 1700 4163 tertio
1728 4108 1885 4179 vixit,
1926 4109 1993 4164 cf.
2020 4109 2234 4180 'Funck,
2265 4112 2455 4167 Theol.
2490 4112 2841 4178 Quartalsch.

553 4193 620 4241 63
661 4190 844 4258 (1881)
879 4176 934 4258 ’μ
965 4195 1068 4243 452
1099 4206 1211 4260 seq.
