<?xml version="1.0" encoding="UTF-8"?>
<!DOCTYPE html PUBLIC "-//W3C//DTD XHTML 1.0 Transitional//EN"
    "http://www.w3.org/TR/xhtml1/DTD/xhtml1-transitional.dtd">
<html xmlns="http://www.w3.org/1999/xhtml" xml:lang="en" lang="en">
 <head>
  <title>
</title>
<meta http-equiv="Content-Type" content="text/html;charset=utf-8" />
  <meta name='ocr-system' content='tesseract 3.04.00' />
  <meta name='ocr-capabilities' content='ocr_page ocr_carea ocr_par ocr_line ocrx_word'/>
</head>
<body>
  <div class='ocr_page' id='page_1' title='image "./hesychiimilesii04flacgoog_0121.png"; bbox 0 0 3025 4892; ppageno 0'>
   <div class='ocr_carea' id='block_1_1' title="bbox 1117 215 2471 290">
    <p class='ocr_par' dir='ltr' id='par_1_1' title="bbox 1117 215 2471 290">
     <span class='ocr_line' id='line_1_1' title="bbox 1117 215 2471 290; baseline 0.005 -10"><span class='ocrx_word' id='word_1_1' title='bbox 1117 215 1549 280; x_wconf 84' lang='lat' dir='ltr'>HESYCHIUS.</span> <span class='ocrx_word' id='word_1_2' title='bbox 2382 217 2471 290; x_wconf 81' lang='lat'><strong><em>33</em></strong></span> 
     </span>
    </p>
   </div>
   <div class='ocr_carea' id='block_1_2' title="bbox 151 379 2557 3464">
    <p class='ocr_par' dir='ltr' id='par_1_2' title="bbox 181 379 2473 792">
     <span class='ocr_line' id='line_1_2' title="bbox 182 379 2473 474; baseline 0.001 -22"><span class='ocrx_word' id='word_1_3' title='bbox 182 383 312 452; x_wconf 80' lang='grc' dir='ltr'><strong><em>ἐστι</em></strong></span> <span class='ocrx_word' id='word_1_4' title='bbox 333 387 688 470; x_wconf 75' lang='grc' dir='ltr'><strong><em>Βιθυνίας,</em></strong></span> <span class='ocrx_word' id='word_1_5' title='bbox 718 379 760 470; x_wconf 79' lang='grc' dir='ltr'><em>ἡ</em></span> <span class='ocrx_word' id='word_1_6' title='bbox 789 387 922 453; x_wconf 81' lang='grc' dir='ltr'><strong><em>νῦν</em></strong></span> <span class='ocrx_word' id='word_1_7' title='bbox 943 381 1262 472; x_wconf 87' lang='grc' dir='ltr'><strong><em>Ἀπάμεια</em></strong></span> <span class='ocrx_word' id='word_1_8' title='bbox 1297 384 1731 474; x_wconf 77' lang='grc' dir='ltr'><strong>καλουμένη),</strong></span> <span class='ocrx_word' id='word_1_9' title='bbox 1760 383 1835 454; x_wconf 86' lang='grc' dir='ltr'><strong><em>τὸ</em></strong></span> <span class='ocrx_word' id='word_1_10' title='bbox 1874 383 1948 453; x_wconf 71' lang='grc' dir='ltr'><strong><em>δὲ</em></strong></span> <span class='ocrx_word' id='word_1_11' title='bbox 1976 383 2249 454; x_wconf 75' lang='grc' dir='ltr'><strong><em>ἄνωθεν</em></strong></span> <span class='ocrx_word' id='word_1_12' title='bbox 2277 386 2473 471; x_wconf 86' lang='grc' dir='ltr'><strong><em>γένος</em></strong></span> 
     </span>
     <span class='ocr_line' id='line_1_3' title="bbox 181 482 2470 580; baseline 0.001 -22"><span class='ocrx_word' id='word_1_13' title='bbox 181 482 264 578; x_wconf 86' lang='grc' dir='ltr'><strong><em>ἦν</em></strong></span> <span class='ocrx_word' id='word_1_14' title='bbox 309 492 624 576; x_wconf 89' lang='grc' dir='ltr'><strong><em>Νικαεύς,</em></strong></span> <span class='ocrx_word' id='word_1_15' title='bbox 685 493 1163 578; x_wconf 83' lang='grc' dir='ltr'><strong><em>γραμματικός,</em></strong></span> <span class='ocrx_word' id='word_1_16' title='bbox 1209 489 1514 580; x_wconf 83' lang='grc' dir='ltr'><strong><em>μαθητὴς</em></strong></span> <span class='ocrx_word' id='word_1_17' title='bbox 1554 490 2025 561; x_wconf 79' lang='grc' dir='ltr'><strong><em>Ἀπολλωνίου.</em></strong></span> <span class='ocrx_word' id='word_1_18' title='bbox 2115 487 2371 578; x_wconf 77' lang='grc' dir='ltr'><strong><em>γέγονε</em></strong></span> <span class='ocrx_word' id='word_1_19' title='bbox 2394 491 2470 560; x_wconf 74' lang='grc' dir='ltr'><strong><em>δὲ</em></strong></span> 
     </span>
     <span class='ocr_line' id='line_1_4' title="bbox 181 595 2471 688; baseline 0.002 -24"><span class='ocrx_word' id='word_1_20' title='bbox 181 598 280 664; x_wconf 80' lang='grc' dir='ltr'><strong><em>ἐπὶ</em></strong></span> <span class='ocrx_word' id='word_1_21' title='bbox 333 602 454 666; x_wconf 82' lang='grc' dir='ltr'><strong><em>τοῦ</em></strong></span> <span class='ocrx_word' id='word_1_22' title='bbox 494 595 810 666; x_wconf 77' lang='grc' dir='ltr'><strong><em>Ἀττάλου</em></strong></span> <span class='ocrx_word' id='word_1_23' title='bbox 861 600 972 666; x_wconf 81' lang='grc' dir='ltr'><strong><em>καὶ</em></strong></span> <span class='ocrx_word' id='word_1_24' title='bbox 1019 596 1371 685; x_wconf 82' lang='grc' dir='ltr'><strong><em>Εὐμενοῦς</em></strong></span> <span class='ocrx_word' id='word_1_25' title='bbox 1423 601 1559 666; x_wconf 76' lang='grc' dir='ltr'><strong><em>τῶν</em></strong></span> <span class='ocrx_word' id='word_1_26' title='bbox 1616 599 1691 667; x_wconf 84' lang='grc' dir='ltr'><strong><em>έν</em></strong></span> <span class='ocrx_word' id='word_1_27' title='bbox 1736 599 2071 688; x_wconf 73' lang='grc' dir='ltr'><strong><em>Περγάμῳ</em></strong></span> <span class='ocrx_word' id='word_1_28' title='bbox 2123 599 2471 684; x_wconf 86' lang='grc' dir='ltr'><strong><em>βασιλέων.</em></strong></span> 
     </span>
     <span class='ocr_line' id='line_1_5' title="bbox 181 704 1667 792; baseline 0.001 -22"><span class='ocrx_word' id='word_1_29' title='bbox 181 709 421 790; x_wconf 78' lang='grc' dir='ltr'><strong><em>ἔγραψε</em></strong></span> <span class='ocrx_word' id='word_1_30' title='bbox 465 707 864 792; x_wconf 87' lang='grc' dir='ltr'><strong><em>φιλοσόφων</em></strong></span> <span class='ocrx_word' id='word_1_31' title='bbox 910 710 1190 792; x_wconf 81' lang='grc' dir='ltr'><strong><em>βιβλίων</em></strong></span> <span class='ocrx_word' id='word_1_32' title='bbox 1239 704 1667 790; x_wconf 83' lang='grc' dir='ltr'><strong><em>διορθωτικά.</em></strong></span> 
     </span>
    </p>

    <p class='ocr_par' dir='ltr' id='par_1_3' title="bbox 183 808 2526 1113">
     <span class='ocr_line' id='line_1_6' title="bbox 349 808 2526 899; baseline 0.002 -22"><span class='ocrx_word' id='word_1_33' title='bbox 349 813 698 880; x_wconf 77' lang='grc' dir='ltr'><strong><em>ἐπαίδευσε</em></strong></span> <span class='ocrx_word' id='word_1_34' title='bbox 745 811 822 880; x_wconf 75' lang='grc' dir='ltr'><strong><em>δὲ</em></strong></span> <span class='ocrx_word' id='word_1_35' title='bbox 865 811 976 879; x_wconf 83' lang='grc' dir='ltr'><strong><em>καὶ</em></strong></span> <span class='ocrx_word' id='word_1_36' title='bbox 1023 815 1118 890; x_wconf 83' lang='grc' dir='ltr'><strong><em>εἰς</em></strong></span> <span class='ocrx_word' id='word_1_37' title='bbox 1151 808 1412 898; x_wconf 75' lang='grc' dir='ltr'><strong><em>Ῥώμην</em></strong></span> <span class='ocrx_word' id='word_1_38' title='bbox 1451 811 1557 880; x_wconf 78' lang='grc' dir='ltr'><strong><em>ἐπὶ</em></strong></span> <span class='ocrx_word' id='word_1_39' title='bbox 1595 816 1959 899; x_wconf 83' lang='grc' dir='ltr'><strong><em>Πομπηίου</em></strong></span> <span class='ocrx_word' id='word_1_40' title='bbox 1992 816 2116 881; x_wconf 86' lang='grc' dir='ltr'><strong><em>τοῦ</em></strong></span> <span class='ocrx_word' id='word_1_41' title='bbox 2154 811 2471 899; x_wconf 78' lang='grc' dir='ltr'><strong><em>μεγάλου,</em></strong></span> <span class='ocrx_word' id='word_1_42' title='bbox 2498 833 2526 874; x_wconf 80' lang='lat'><strong>⁶</strong></span> 
     </span>
     <span class='ocr_line' id='line_1_7' title="bbox 187 915 2473 1008; baseline 0.001 -24"><span class='ocrx_word' id='word_1_43' title='bbox 187 917 294 984; x_wconf 85' lang='grc' dir='ltr'><strong><em>καὶ</em></strong></span> <span class='ocrx_word' id='word_1_44' title='bbox 349 920 424 988; x_wconf 80' lang='grc' dir='ltr'><strong><em>ἐν</em></strong></span> <span class='ocrx_word' id='word_1_45' title='bbox 463 915 925 1008; x_wconf 72' lang='grc' dir='ltr'><strong><em>Ἀλεξανδρείᾳ</em></strong></span> <span class='ocrx_word' id='word_1_46' title='bbox 977 918 1082 986; x_wconf 76' lang='grc' dir='ltr'><strong><em>ἐπὶ</em></strong></span> <span class='ocrx_word' id='word_1_47' title='bbox 1139 921 1260 986; x_wconf 85' lang='grc' dir='ltr'><strong><em>τοῦ</em></strong></span> <span class='ocrx_word' id='word_1_48' title='bbox 1317 917 1385 984; x_wconf 84' lang='grc' dir='ltr'><strong><em>δ’</em></strong></span> <span class='ocrx_word' id='word_1_49' title='bbox 1433 923 1861 1006; x_wconf 81' lang='grc' dir='ltr'><strong><em>Πτολεμαίου</em></strong></span> <span class='ocrx_word' id='word_1_50' title='bbox 1913 919 2067 999; x_wconf 89' lang='grc' dir='ltr'><strong><em>νέος</em></strong></span> <span class='ocrx_word' id='word_1_51' title='bbox 2114 919 2473 1006; x_wconf 73' lang='grc' dir='ltr'><strong><em>διέτριψεν.</em></strong></span> 
     </span>
     <span class='ocr_line' id='line_1_8' title="bbox 183 1024 700 1113; baseline 0.008 -23"><span class='ocrx_word' id='word_1_52' title='bbox 183 1029 424 1113; x_wconf 81' lang='grc' dir='ltr'><strong><em>ἔγραψε</em></strong></span> <span class='ocrx_word' id='word_1_53' title='bbox 468 1024 700 1094; x_wconf 86' lang='grc' dir='ltr'><strong><em>πολλά.</em></strong></span> 
     </span>
    </p>

    <p class='ocr_par' dir='ltr' id='par_1_4' title="bbox 151 1129 2557 2500">
     <span class='ocr_line' id='line_1_9' title="bbox 354 1129 2472 1219; baseline 0 -19"><span class='ocrx_word' id='word_1_54' title='bbox 354 1133 650 1201; x_wconf 71' lang='lat' dir='ltr'><strong><em>CXXVb.</em></strong></span> <span class='ocrx_word' id='word_1_55' title='bbox 701 1129 1091 1200; x_wconf 80' lang='grc' dir='ltr'><strong><em>Ἀσπασία.</em></strong></span> <span class='ocrx_word' id='word_1_56' title='bbox 1139 1129 1306 1219; x_wconf 76' lang='grc' dir='ltr'><strong><em>αὕτη</em></strong></span> <span class='ocrx_word' id='word_1_57' title='bbox 1337 1129 1661 1218; x_wconf 75' lang='grc' dir='ltr'><strong><em>Ἀξιόχου,</em></strong></span> <span class='ocrx_word' id='word_1_58' title='bbox 1699 1136 2025 1217; x_wconf 87' lang='grc' dir='ltr'><strong><em>Μιλησία,</em></strong></span> <span class='ocrx_word' id='word_1_59' title='bbox 2058 1131 2231 1218; x_wconf 83' lang='grc' dir='ltr'><strong><em>γυνὴ</em></strong></span> <span class='ocrx_word' id='word_1_60' title='bbox 2270 1139 2472 1219; x_wconf 86' lang='grc' dir='ltr'><strong><em>Περι-</em></strong></span> 
     </span>
     <span class='ocr_line' id='line_1_10' title="bbox 179 1235 2471 1329; baseline 0 -24"><span class='ocrx_word' id='word_1_61' title='bbox 179 1239 428 1323; x_wconf 79' lang='grc' dir='ltr'><strong><em>κλέους,</em></strong></span> <span class='ocrx_word' id='word_1_62' title='bbox 471 1237 650 1326; x_wconf 77' lang='grc' dir='ltr'><strong><em>παρὰ</em></strong></span> <span class='ocrx_word' id='word_1_63' title='bbox 689 1236 1032 1326; x_wconf 83' lang='grc' dir='ltr'><strong><em>Σωκράτει</em></strong></span> <span class='ocrx_word' id='word_1_64' title='bbox 1071 1246 1675 1324; x_wconf 82' lang='grc' dir='ltr'><strong><em>πεφιλοσοφηκυῖα,</em></strong></span> <span class='ocrx_word' id='word_1_65' title='bbox 1722 1235 1814 1318; x_wconf 77' lang='grc' dir='ltr'><strong><em>ὥς</em></strong></span> <span class='ocrx_word' id='word_1_66' title='bbox 1860 1238 2216 1325; x_wconf 89' lang='grc' dir='ltr'><strong><em>Διόδωρος</em></strong></span> <span class='ocrx_word' id='word_1_67' title='bbox 2260 1239 2335 1306; x_wconf 85' lang='grc' dir='ltr'><strong><em>έν</em></strong></span> <span class='ocrx_word' id='word_1_68' title='bbox 2379 1240 2471 1329; x_wconf 75' lang='grc' dir='ltr'><strong><em>τῷ</em></strong></span> 
     </span>
     <span class='ocr_line' id='line_1_11' title="bbox 180 1342 2553 1432; baseline 0.001 -21"><span class='ocrx_word' id='word_1_69' title='bbox 180 1344 324 1430; x_wconf 82' lang='grc' dir='ltr'><strong><em>περὶ</em></strong></span> <span class='ocrx_word' id='word_1_70' title='bbox 369 1344 682 1432; x_wconf 74' lang='grc' dir='ltr'><strong><em>Μιλήτου</em></strong></span> <span class='ocrx_word' id='word_1_71' title='bbox 735 1342 1208 1431; x_wconf 85' lang='grc' dir='ltr'><strong><em>συγγράμματί</em></strong></span> <span class='ocrx_word' id='word_1_72' title='bbox 1253 1364 1480 1430; x_wconf 89' lang='grc' dir='ltr'><strong><em>φησιν.</em></strong></span> <span class='ocrx_word' id='word_1_73' title='bbox 1574 1344 1943 1430; x_wconf 84' lang='grc' dir='ltr'><strong><em>έπεγήματο</em></strong></span> <span class='ocrx_word' id='word_1_74' title='bbox 1999 1344 2075 1412; x_wconf 77' lang='grc' dir='ltr'><strong><em>δὲ</em></strong></span> <span class='ocrx_word' id='word_1_75' title='bbox 2129 1344 2290 1432; x_wconf 79' lang='grc' dir='ltr'><strong><em>μετὰ</em></strong></span> <span class='ocrx_word' id='word_1_76' title='bbox 2344 1343 2467 1414; x_wconf 87' lang='grc' dir='ltr'><strong><em>τὸν</em></strong></span> <span class='ocrx_word' id='word_1_77' title='bbox 2502 1366 2553 1406; x_wconf 86' lang='lat'><strong><em>1⁰</em></strong></span> 
     </span>
     <span class='ocr_line' id='line_1_12' title="bbox 181 1450 2472 1543; baseline 0.001 -25"><span class='ocrx_word' id='word_1_78' title='bbox 181 1454 583 1538; x_wconf 78' lang='grc' dir='ltr'><strong><em>Περικλέους</em></strong></span> <span class='ocrx_word' id='word_1_79' title='bbox 643 1450 950 1520; x_wconf 83' lang='grc' dir='ltr'><strong><em>θάνατον</em></strong></span> <span class='ocrx_word' id='word_1_80' title='bbox 1017 1457 1340 1519; x_wconf 80' lang='grc' dir='ltr'><strong><em>Λυσικλεῖ</em></strong></span> <span class='ocrx_word' id='word_1_81' title='bbox 1395 1454 1486 1542; x_wconf 77' lang='grc' dir='ltr'><strong><em>τῷ</em></strong></span> <span class='ocrx_word' id='word_1_82' title='bbox 1552 1450 2154 1543; x_wconf 77' lang='grc' dir='ltr'><strong><em>προβατοκαπήλῳ,</em></strong></span> <span class='ocrx_word' id='word_1_83' title='bbox 2228 1452 2340 1519; x_wconf 82' lang='grc' dir='ltr'><strong><em>καὶ</em></strong></span> <span class='ocrx_word' id='word_1_84' title='bbox 2404 1453 2472 1534; x_wconf 77' lang='grc' dir='ltr'><strong><em>ἐξ</em></strong></span> 
     </span>
     <span class='ocr_line' id='line_1_13' title="bbox 182 1555 2475 1646; baseline 0 -22"><span class='ocrx_word' id='word_1_85' title='bbox 182 1556 388 1627; x_wconf 83' lang='grc' dir='ltr'><strong><em>αὐτοῦ</em></strong></span> <span class='ocrx_word' id='word_1_86' title='bbox 425 1564 616 1646; x_wconf 78' lang='grc' dir='ltr'><strong><em>ἔσχεν</em></strong></span> <span class='ocrx_word' id='word_1_87' title='bbox 652 1557 808 1626; x_wconf 83' lang='grc' dir='ltr'><strong><em>υίὸν</em></strong></span> <span class='ocrx_word' id='word_1_88' title='bbox 846 1555 1125 1644; x_wconf 85' lang='grc' dir='ltr'><strong><em>ὀνόματι</em></strong></span> <span class='ocrx_word' id='word_1_89' title='bbox 1153 1555 1523 1644; x_wconf 83' lang='grc' dir='ltr'><strong><em>Ποριστήν,</em></strong></span> <span class='ocrx_word' id='word_1_90' title='bbox 1558 1555 1670 1625; x_wconf 82' lang='grc' dir='ltr'><strong><em>καὶ</em></strong></span> <span class='ocrx_word' id='word_1_91' title='bbox 1708 1556 1829 1627; x_wconf 88' lang='grc' dir='ltr'><strong><em>τὸν</em></strong></span> <span class='ocrx_word' id='word_1_92' title='bbox 1858 1559 2197 1626; x_wconf 79' lang='grc' dir='ltr'><strong><em>Λυσικλέα</em></strong></span> <span class='ocrx_word' id='word_1_93' title='bbox 2222 1555 2475 1645; x_wconf 76' lang='grc' dir='ltr'><strong><em>ῥήτορα</em></strong></span> 
     </span>
     <span class='ocr_line' id='line_1_14' title="bbox 186 1663 2473 1752; baseline 0 -20"><span class='ocrx_word' id='word_1_94' title='bbox 186 1665 572 1735; x_wconf 85' lang='grc' dir='ltr'><strong><em>δεινότατον</em></strong></span> <span class='ocrx_word' id='word_1_95' title='bbox 613 1663 1162 1750; x_wconf 84' lang='grc' dir='ltr'><strong><em>κατεσκευάσατο,</em></strong></span> <span class='ocrx_word' id='word_1_96' title='bbox 1202 1663 1508 1751; x_wconf 83' lang='grc' dir='ltr'><strong><em>καθάπερ</em></strong></span> <span class='ocrx_word' id='word_1_97' title='bbox 1548 1665 1657 1732; x_wconf 80' lang='grc' dir='ltr'><strong><em>καὶ</em></strong></span> <span class='ocrx_word' id='word_1_98' title='bbox 1696 1665 2028 1752; x_wconf 78' lang='grc' dir='ltr'><strong><em>Περικλέα</em></strong></span> <span class='ocrx_word' id='word_1_99' title='bbox 2065 1668 2473 1751; x_wconf 77' lang='grc' dir='ltr'><strong><em>δημηγορεῖν</em></strong></span> 
     </span>
     <span class='ocr_line' id='line_1_15' title="bbox 151 1769 2474 1862; baseline 0 -24"><span class='ocrx_word' id='word_1_100' title='bbox 151 1771 694 1861; x_wconf 74' lang='grc' dir='ltr'><strong><em>παρεσκεύασεν,</em></strong></span> <span class='ocrx_word' id='word_1_101' title='bbox 733 1770 824 1852; x_wconf 79' lang='grc' dir='ltr'><strong><em>ὡς</em></strong></span> <span class='ocrx_word' id='word_1_102' title='bbox 861 1777 1188 1859; x_wconf 80' lang='grc' dir='ltr'><strong><em>Αἰσχίνης</em></strong></span> <span class='ocrx_word' id='word_1_103' title='bbox 1227 1769 1264 1838; x_wconf 86' lang='grc' dir='ltr'>ὁ</span> <span class='ocrx_word' id='word_1_104' title='bbox 1305 1769 1732 1857; x_wconf 86' lang='grc' dir='ltr'><strong><em>Σωκρατικὸς</em></strong></span> <span class='ocrx_word' id='word_1_105' title='bbox 1769 1773 1843 1842; x_wconf 81' lang='grc' dir='ltr'><strong><em>έν</em></strong></span> <span class='ocrx_word' id='word_1_106' title='bbox 1882 1770 2173 1862; x_wconf 73' lang='grc' dir='ltr'><strong><em>διαλόγῳ</em></strong></span> <span class='ocrx_word' id='word_1_107' title='bbox 2212 1776 2474 1861; x_wconf 75' lang='grc' dir='ltr'><strong><em>Καλλίᾳ</em></strong></span> 
     </span>
     <span class='ocr_line' id='line_1_16' title="bbox 177 1875 2552 1966; baseline 0 -21"><span class='ocrx_word' id='word_1_108' title='bbox 177 1880 284 1946; x_wconf 85' lang='grc' dir='ltr'><strong><em>καὶ</em></strong></span> <span class='ocrx_word' id='word_1_109' title='bbox 329 1877 622 1948; x_wconf 89' lang='grc' dir='ltr'><strong><em>Πλάτων</em></strong></span> <span class='ocrx_word' id='word_1_110' title='bbox 668 1876 916 1966; x_wconf 84' lang='grc' dir='ltr'><strong><em>ὁμοίως</em></strong></span> <span class='ocrx_word' id='word_1_111' title='bbox 963 1877 1314 1965; x_wconf 83' lang='grc' dir='ltr'><strong><em>Πεδήταις.</em></strong></span> <span class='ocrx_word' id='word_1_112' title='bbox 1388 1884 1725 1966; x_wconf 77' lang='grc' dir='ltr'><strong><em>Κρατῖνος</em></strong></span> <span class='ocrx_word' id='word_1_113' title='bbox 1765 1877 1839 1945; x_wconf 76' lang='grc' dir='ltr'><strong><em>δὲ</em></strong></span> <span class='ocrx_word' id='word_1_114' title='bbox 1874 1878 2216 1964; x_wconf 88' lang='grc' dir='ltr'><strong><em>τύραννον</em></strong></span> <span class='ocrx_word' id='word_1_115' title='bbox 2253 1875 2469 1964; x_wconf 80' lang='grc' dir='ltr'><strong><em>αὐτὴν</em></strong></span> <span class='ocrx_word' id='word_1_116' title='bbox 2500 1900 2552 1940; x_wconf 79' lang='lat'><strong><em>15</em></strong></span> 
     </span>
     <span class='ocr_line' id='line_1_17' title="bbox 178 1982 2474 2073; baseline 0 -23"><span class='ocrx_word' id='word_1_117' title='bbox 178 1992 364 2052; x_wconf 80' lang='grc' dir='ltr'><strong><em>καλεῖ</em></strong></span> <span class='ocrx_word' id='word_1_118' title='bbox 402 1990 756 2073; x_wconf 87' lang='grc' dir='ltr'><strong><em>Χείρωσιν,</em></strong></span> <span class='ocrx_word' id='word_1_119' title='bbox 810 1983 1152 2071; x_wconf 87' lang='grc' dir='ltr'><strong><em>Ὀμφάλην</em></strong></span> <span class='ocrx_word' id='word_1_120' title='bbox 1211 1982 1506 2064; x_wconf 81' lang='grc' dir='ltr'><strong><em>Εὔπολις</em></strong></span> <span class='ocrx_word' id='word_1_121' title='bbox 1558 1989 1806 2064; x_wconf 87' lang='grc' dir='ltr'><strong><em>Φίλοις.</em></strong></span> <span class='ocrx_word' id='word_1_122' title='bbox 1880 1985 1957 2052; x_wconf 85' lang='grc' dir='ltr'><strong><em>έν</em></strong></span> <span class='ocrx_word' id='word_1_123' title='bbox 2002 1984 2077 2052; x_wconf 77' lang='grc' dir='ltr'><strong><em>δὲ</em></strong></span> <span class='ocrx_word' id='word_1_124' title='bbox 2118 1991 2474 2070; x_wconf 84' lang='grc' dir='ltr'><strong><em>Προσπαλ-</em></strong></span> 
     </span>
     <span class='ocr_line' id='line_1_18' title="bbox 179 2088 2476 2179; baseline 0 -22"><span class='ocrx_word' id='word_1_125' title='bbox 179 2097 340 2171; x_wconf 91' lang='grc' dir='ltr'><strong><em>τίοις</em></strong></span> <span class='ocrx_word' id='word_1_126' title='bbox 372 2089 651 2179; x_wconf 81' lang='grc' dir='ltr'><strong><em>Ἑλένην</em></strong></span> <span class='ocrx_word' id='word_1_127' title='bbox 709 2089 920 2178; x_wconf 79' lang='grc' dir='ltr'><strong><em>αὐτὴν</em></strong></span> <span class='ocrx_word' id='word_1_128' title='bbox 985 2099 1176 2160; x_wconf 82' lang='grc' dir='ltr'><strong><em>καλεῖ</em></strong></span> <span class='ocrx_word' id='word_1_129' title='bbox 1185 2113 1200 2128; x_wconf 90' lang='grc'><em>·</em></span> <span class='ocrx_word' id='word_1_130' title='bbox 1257 2088 1293 2159; x_wconf 83' lang='grc' dir='ltr'><em>ὅ</em></span> <span class='ocrx_word' id='word_1_131' title='bbox 1344 2089 1419 2158; x_wconf 74' lang='grc' dir='ltr'><strong><em>δὲ</em></strong></span> <span class='ocrx_word' id='word_1_132' title='bbox 1465 2097 1804 2177; x_wconf 83' lang='grc' dir='ltr'><strong><em>Κρατῖνος</em></strong></span> <span class='ocrx_word' id='word_1_133' title='bbox 1860 2091 1973 2158; x_wconf 80' lang='grc' dir='ltr'><strong><em>καὶ</em></strong></span> <span class='ocrx_word' id='word_1_134' title='bbox 2012 2088 2259 2178; x_wconf 77' lang='grc' dir='ltr'><strong><em>”Ηραν,</em></strong></span> <span class='ocrx_word' id='word_1_135' title='bbox 2316 2098 2476 2171; x_wconf 78' lang='grc' dir='ltr'><strong><em>ἴσως</em></strong></span> 
     </span>
     <span class='ocr_line' id='line_1_19' title="bbox 182 2195 2521 2286; baseline 0 -21"><span class='ocrx_word' id='word_1_136' title='bbox 182 2195 280 2265; x_wconf 83' lang='grc' dir='ltr'><strong><em>ὅτι</em></strong></span> <span class='ocrx_word' id='word_1_137' title='bbox 323 2199 434 2266; x_wconf 80' lang='grc' dir='ltr'><strong><em>καὶ</em></strong></span> <span class='ocrx_word' id='word_1_138' title='bbox 471 2203 806 2286; x_wconf 82' lang='grc' dir='ltr'><strong><em>Περικλῆς</em></strong></span> <span class='ocrx_word' id='word_1_139' title='bbox 835 2195 1184 2286; x_wconf 80' lang='grc' dir='ltr'><strong><em>Ὀλύμπιος</em></strong></span> <span class='ocrx_word' id='word_1_140' title='bbox 1227 2197 1787 2286; x_wconf 82' lang='grc' dir='ltr'><strong><em>προσηγορεύετο.</em></strong></span> <span class='ocrx_word' id='word_1_141' title='bbox 1864 2203 2013 2285; x_wconf 78' lang='grc' dir='ltr'><strong><em>ἔσχε</em></strong></span> <span class='ocrx_word' id='word_1_142' title='bbox 2056 2199 2133 2268; x_wconf 72' lang='grc' dir='ltr'><strong><em>δὲ</em></strong></span> <span class='ocrx_word' id='word_1_143' title='bbox 2168 2199 2236 2280; x_wconf 77' lang='grc' dir='ltr'><strong><em>ἐξ</em></strong></span> <span class='ocrx_word' id='word_1_144' title='bbox 2272 2196 2521 2285; x_wconf 71' lang='grc' dir='ltr'><strong><em>αὐτης</em></strong></span> 
     </span>
     <span class='ocr_line' id='line_1_20' title="bbox 181 2296 2477 2431; baseline 0.001 -61"><span class='ocrx_word' id='word_1_145' title='bbox 181 2302 212 2370; x_wconf 90' lang='grc' dir='ltr'>ὁ</span> <span class='ocrx_word' id='word_1_146' title='bbox 268 2309 600 2393; x_wconf 83' lang='grc' dir='ltr'><strong><em>Περικλῆς</em></strong></span> <span class='ocrx_word' id='word_1_147' title='bbox 658 2305 880 2374; x_wconf 85' lang='grc' dir='ltr'><strong><em>νόθον</em></strong></span> <span class='ocrx_word' id='word_1_148' title='bbox 934 2304 1124 2388; x_wconf 78' lang='grc' dir='ltr'><strong><em>υἱόν,</em></strong></span> <span class='ocrx_word' id='word_1_149' title='bbox 1181 2300 1287 2392; x_wconf 82' lang='grc' dir='ltr'><strong><em>ἐφ’</em></strong></span> <span class='ocrx_word' id='word_1_150' title='bbox 1353 2296 1406 2398; x_wconf 78' lang='grc' dir='ltr'><em>ᾦ</em></span> <span class='ocrx_word' id='word_1_151' title='bbox 1467 2306 1579 2372; x_wconf 77' lang='grc' dir='ltr'><strong><em>καὶ</em></strong></span> <span class='ocrx_word' id='word_1_152' title='bbox 1634 2303 1935 2431; x_wconf 80' lang='grc' dir='ltr'><strong><em>ἐτελεύτα</em></strong></span> <span class='ocrx_word' id='word_1_153' title='bbox 1992 2309 2130 2373; x_wconf 77' lang='grc' dir='ltr'><strong><em>τῶν</em></strong></span> <span class='ocrx_word' id='word_1_154' title='bbox 2174 2309 2477 2392; x_wconf 80' lang='grc' dir='ltr'><strong><em>γνησίων</em></strong></span> 
     </span>
     <span class='ocr_line' id='line_1_21' title="bbox 181 2411 2557 2500; baseline -0.002 -22"><span class='ocrx_word' id='word_1_155' title='bbox 181 2413 822 2500; x_wconf 83' lang='grc' dir='ltr'><strong><em>προαποθανόντων,</em></strong></span> <span class='ocrx_word' id='word_1_156' title='bbox 868 2441 958 2492; x_wconf 89' lang='grc' dir='ltr'><strong><em>ως</em></strong></span> <span class='ocrx_word' id='word_1_157' title='bbox 1001 2411 1300 2492; x_wconf 81' lang='grc' dir='ltr'><strong><em>Εὔπολις</em></strong></span> <span class='ocrx_word' id='word_1_158' title='bbox 1341 2411 1622 2500; x_wconf 86' lang='grc' dir='ltr'><strong><em>Δήμοις.</em></strong></span> <span class='ocrx_word' id='word_1_159' title='bbox 2502 2433 2557 2473; x_wconf 69' lang='lat' dir='ltr'><strong><em>zo</em></strong></span> 
     </span>
    </p>

    <p class='ocr_par' dir='ltr' id='par_1_5' title="bbox 181 2516 2475 2933">
     <span class='ocr_line' id='line_1_22' title="bbox 350 2516 2474 2608; baseline -0.001 -20"><span class='ocrx_word' id='word_1_160' title='bbox 350 2522 640 2589; x_wconf 82' lang='lat' dir='ltr'>CXXVI.</span> <span class='ocrx_word' id='word_1_161' title='bbox 688 2517 1101 2600; x_wconf 86' lang='grc' dir='ltr'><strong><em>Ἀσπάσιος</em></strong></span> <span class='ocrx_word' id='word_1_162' title='bbox 1136 2519 1430 2606; x_wconf 88' lang='grc' dir='ltr'><strong><em>Βύβλιος</em></strong></span> <span class='ocrx_word' id='word_1_163' title='bbox 1463 2519 1820 2608; x_wconf 81' lang='grc' dir='ltr'><strong><em>σοφιστής,</em></strong></span> <span class='ocrx_word' id='word_1_164' title='bbox 1864 2539 2261 2607; x_wconf 78' lang='grc' dir='ltr'><strong><em>συγχρονων</em></strong></span> <span class='ocrx_word' id='word_1_165' title='bbox 2302 2516 2474 2607; x_wconf 89' lang='grc' dir='ltr'><strong><em>Ἀρι-</em></strong></span> 
     </span>
     <span class='ocr_line' id='line_1_23' title="bbox 182 2625 2471 2724; baseline -0.001 -30"><span class='ocrx_word' id='word_1_166' title='bbox 182 2631 400 2717; x_wconf 76' lang='grc' dir='ltr'><strong><em>στείδῃ</em></strong></span> <span class='ocrx_word' id='word_1_167' title='bbox 437 2627 549 2695; x_wconf 83' lang='grc' dir='ltr'><strong><em>καὶ</em></strong></span> <span class='ocrx_word' id='word_1_168' title='bbox 581 2626 924 2719; x_wconf 78' lang='grc' dir='ltr'><strong><em>Ἀδριανῷ.</em></strong></span> <span class='ocrx_word' id='word_1_169' title='bbox 971 2633 1218 2715; x_wconf 81' lang='grc' dir='ltr'><strong><em>ἔγραψε</em></strong></span> <span class='ocrx_word' id='word_1_170' title='bbox 1244 2627 1396 2712; x_wconf 82' lang='grc' dir='ltr'><strong><em>περὶ</em></strong></span> <span class='ocrx_word' id='word_1_171' title='bbox 1425 2625 1724 2714; x_wconf 87' lang='grc' dir='ltr'><strong><em>Βύβλου,</em></strong></span> <span class='ocrx_word' id='word_1_172' title='bbox 1760 2626 1912 2714; x_wconf 83' lang='grc' dir='ltr'><strong><em>περὶ</em></strong></span> <span class='ocrx_word' id='word_1_173' title='bbox 1931 2625 2248 2724; x_wconf 25' lang='grc' dir='ltr'><strong><em>’στάσεων</em></strong></span> <span class='ocrx_word' id='word_1_174' title='bbox 2285 2628 2471 2712; x_wconf 79' lang='grc' dir='ltr'><strong><em>ἐσχη-</em></strong></span> 
     </span>
     <span class='ocr_line' id='line_1_24' title="bbox 181 2731 2475 2822; baseline 0 -22"><span class='ocrx_word' id='word_1_175' title='bbox 181 2738 628 2822; x_wconf 88' lang='grc' dir='ltr'><strong><em>ματισμένων,</em></strong></span> <span class='ocrx_word' id='word_1_176' title='bbox 676 2734 966 2821; x_wconf 86' lang='grc' dir='ltr'><strong><em>μελέτας,</em></strong></span> <span class='ocrx_word' id='word_1_177' title='bbox 1011 2737 1265 2822; x_wconf 80' lang='grc' dir='ltr'><strong><em>τέχνας,</em></strong></span> <span class='ocrx_word' id='word_1_178' title='bbox 1311 2733 1791 2821; x_wconf 80' lang='grc' dir='ltr'><strong><em>ύπομνήματα,</em></strong></span> <span class='ocrx_word' id='word_1_179' title='bbox 1838 2732 2097 2819; x_wconf 85' lang='grc' dir='ltr'><strong><em>λαλιάς,</em></strong></span> <span class='ocrx_word' id='word_1_180' title='bbox 2144 2731 2475 2820; x_wconf 76' lang='grc' dir='ltr'><strong><em>ἐγκώμιον</em></strong></span> 
     </span>
     <span class='ocr_line' id='line_1_25' title="bbox 182 2839 1977 2933; baseline 0.001 -27"><span class='ocrx_word' id='word_1_181' title='bbox 182 2845 270 2920; x_wconf 84' lang='grc' dir='ltr'><strong><em>εἰς</em></strong></span> <span class='ocrx_word' id='word_1_182' title='bbox 310 2839 667 2928; x_wconf 87' lang='grc' dir='ltr'><strong><em>Ἀδριανὸν</em></strong></span> <span class='ocrx_word' id='word_1_183' title='bbox 711 2839 832 2910; x_wconf 85' lang='grc' dir='ltr'><strong><em>τὸν</em></strong></span> <span class='ocrx_word' id='word_1_184' title='bbox 870 2842 1146 2927; x_wconf 83' lang='grc' dir='ltr'><strong><em>βασιλέα</em></strong></span> <span class='ocrx_word' id='word_1_185' title='bbox 1192 2840 1304 2908; x_wconf 83' lang='grc' dir='ltr'><strong><em>καὶ</em></strong></span> <span class='ocrx_word' id='word_1_186' title='bbox 1351 2845 1446 2921; x_wconf 87' lang='grc' dir='ltr'><strong><em>είς</em></strong></span> <span class='ocrx_word' id='word_1_187' title='bbox 1490 2839 1736 2933; x_wconf 67' lang='grc' dir='ltr'><strong><em>ἄλλους</em></strong></span> <span class='ocrx_word' id='word_1_188' title='bbox 1770 2839 1977 2921; x_wconf 89' lang='grc' dir='ltr'><strong><em>τινάς.</em></strong></span> 
     </span>
    </p>

    <p class='ocr_par' dir='ltr' id='par_1_6' title="bbox 181 2945 2549 3464">
     <span class='ocr_line' id='line_1_26' title="bbox 352 2945 2549 3034; baseline 0 -19"><span class='ocrx_word' id='word_1_189' title='bbox 352 2949 674 3015; x_wconf 87' lang='lat' dir='ltr'>CXXVII.</span> <span class='ocrx_word' id='word_1_190' title='bbox 740 2945 1155 3027; x_wconf 90' lang='grc' dir='ltr'><strong><em>Ἀσπάσιος</em></strong></span> <span class='ocrx_word' id='word_1_191' title='bbox 1201 2950 1685 3034; x_wconf 84' lang='grc' dir='ltr'><strong><em>Δημητριανοῦ</em></strong></span> <span class='ocrx_word' id='word_1_192' title='bbox 1730 2951 1852 3016; x_wconf 86' lang='grc' dir='ltr'><strong><em>τοῦ</em></strong></span> <span class='ocrx_word' id='word_1_193' title='bbox 1897 2950 2195 3034; x_wconf 86' lang='grc' dir='ltr'><strong><em>κριτικοῦ</em></strong></span> <span class='ocrx_word' id='word_1_194' title='bbox 2236 2945 2467 3033; x_wconf 77' lang='grc' dir='ltr'><strong><em>(υίὸς)</em></strong></span> <span class='ocrx_word' id='word_1_195' title='bbox 2498 2969 2549 3008; x_wconf 77' lang='lat'><strong><em>25</em></strong></span> 
     </span>
     <span class='ocr_line' id='line_1_27' title="bbox 187 3048 2477 3142; baseline 0 -22"><span class='ocrx_word' id='word_1_196' title='bbox 187 3053 292 3120; x_wconf 84' lang='grc' dir='ltr'><strong><em>καὶ</em></strong></span> <span class='ocrx_word' id='word_1_197' title='bbox 338 3053 660 3142; x_wconf 84' lang='grc' dir='ltr'><strong><em>μαθητής,</em></strong></span> <span class='ocrx_word' id='word_1_198' title='bbox 699 3048 1126 3141; x_wconf 81' lang='grc' dir='ltr'><strong><em>Ῥαβενναῖος</em></strong></span> <span class='ocrx_word' id='word_1_199' title='bbox 1167 3052 1519 3141; x_wconf 83' lang='grc' dir='ltr'><strong><em>σοφιστής,</em></strong></span> <span class='ocrx_word' id='word_1_200' title='bbox 1565 3053 1860 3141; x_wconf 74' lang='grc' dir='ltr'><strong><em>γεγονὼς</em></strong></span> <span class='ocrx_word' id='word_1_201' title='bbox 1896 3054 2002 3122; x_wconf 83' lang='grc' dir='ltr'><strong><em>ἐπὶ</em></strong></span> <span class='ocrx_word' id='word_1_202' title='bbox 2034 3049 2477 3141; x_wconf 78' lang='grc' dir='ltr'><strong><em>Ἀλεξάνδρου</em></strong></span> 
     </span>
     <span class='ocr_line' id='line_1_28' title="bbox 183 3158 2477 3249; baseline 0 -22"><span class='ocrx_word' id='word_1_203' title='bbox 183 3165 302 3228; x_wconf 78' lang='grc' dir='ltr'><strong><em>τοῦ</em></strong></span> <span class='ocrx_word' id='word_1_204' title='bbox 332 3167 671 3248; x_wconf 88' lang='grc' dir='ltr'><strong><em>Μαμαίας.</em></strong></span> <span class='ocrx_word' id='word_1_205' title='bbox 741 3158 908 3247; x_wconf 84' lang='grc' dir='ltr'><strong><em>πρὸς</em></strong></span> <span class='ocrx_word' id='word_1_206' title='bbox 953 3159 1110 3241; x_wconf 83' lang='grc' dir='ltr'><strong><em>τοὺς</em></strong></span> <span class='ocrx_word' id='word_1_207' title='bbox 1155 3160 1679 3248; x_wconf 87' lang='grc' dir='ltr'><strong><em>φιλολοιδόρους</em></strong></span> <span class='ocrx_word' id='word_1_208' title='bbox 1724 3161 1835 3229; x_wconf 82' lang='grc' dir='ltr'><strong><em>καὶ</em></strong></span> <span class='ocrx_word' id='word_1_209' title='bbox 1881 3160 2049 3245; x_wconf 90' lang='grc' dir='ltr'><strong><em>πρὸς</em></strong></span> <span class='ocrx_word' id='word_1_210' title='bbox 2088 3158 2477 3249; x_wconf 77' lang='grc' dir='ltr'><strong><em>Ἀρίστωνα,</em></strong></span> 
     </span>
     <span class='ocr_line' id='line_1_29' title="bbox 181 3265 2477 3356; baseline 0.001 -24"><span class='ocrx_word' id='word_1_211' title='bbox 181 3267 418 3354; x_wconf 81' lang='grc' dir='ltr'><strong><em>λόγους</em></strong></span> <span class='ocrx_word' id='word_1_212' title='bbox 456 3268 845 3355; x_wconf 87' lang='grc' dir='ltr'><strong><em>διαφόρους.</em></strong></span> <span class='ocrx_word' id='word_1_213' title='bbox 899 3265 1276 3354; x_wconf 81' lang='grc' dir='ltr'><strong><em>ἠκροάσατο</em></strong></span> <span class='ocrx_word' id='word_1_214' title='bbox 1317 3267 1391 3336; x_wconf 74' lang='grc' dir='ltr'><strong><em>δὲ</em></strong></span> <span class='ocrx_word' id='word_1_215' title='bbox 1431 3273 1833 3336; x_wconf 89' lang='grc' dir='ltr'><strong><em>Παυσανίου</em></strong></span> <span class='ocrx_word' id='word_1_216' title='bbox 1868 3269 1979 3336; x_wconf 80' lang='grc' dir='ltr'><strong><em>καὶ</em></strong></span> <span class='ocrx_word' id='word_1_217' title='bbox 1997 3265 2477 3356; x_wconf 66' lang='grc' dir='ltr'><strong><em>Ἰπποδρόμου,</em></strong></span> 
     </span>
     <span class='ocr_line' id='line_1_30' title="bbox 183 3371 2163 3464; baseline 0.001 -24"><span class='ocrx_word' id='word_1_218' title='bbox 183 3375 288 3441; x_wconf 88' lang='grc' dir='ltr'><strong><em>καὶ</em></strong></span> <span class='ocrx_word' id='word_1_219' title='bbox 335 3378 803 3462; x_wconf 85' lang='grc' dir='ltr'><strong><em>έσοφίστευσεν</em></strong></span> <span class='ocrx_word' id='word_1_220' title='bbox 850 3376 924 3443; x_wconf 82' lang='grc' dir='ltr'><strong><em>ἐν</em></strong></span> <span class='ocrx_word' id='word_1_221' title='bbox 960 3371 1200 3464; x_wconf 76' lang='grc' dir='ltr'><strong><em>Ῥώμῃ,</em></strong></span> <span class='ocrx_word' id='word_1_222' title='bbox 1248 3375 1618 3463; x_wconf 82' lang='grc' dir='ltr'><strong><em>διαπρέψας</em></strong></span> <span class='ocrx_word' id='word_1_223' title='bbox 1656 3377 1847 3464; x_wconf 82' lang='grc' dir='ltr'><strong><em>μέχρι</em></strong></span> <span class='ocrx_word' id='word_1_224' title='bbox 1892 3379 2163 3444; x_wconf 86' lang='grc' dir='ltr'><strong><em>πολλοῦ.</em></strong></span> 
     </span>
    </p>
   </div>
   <div class='ocr_carea' id='block_1_3' title="bbox 191 3504 610 3512">
    <p class='ocr_par' dir='ltr' id='par_1_7' title="bbox 191 3504 610 3512">
     <span class='ocr_line' id='line_1_31' title="bbox 191 3504 610 3512; baseline 0 1380"><span class='ocrx_word' id='word_1_225' title='bbox 191 3504 610 3512; x_wconf 95' lang='lat' dir='ltr'><strong><em> </em></strong></span> 
     </span>
    </p>
   </div>
   <div class='ocr_carea' id='block_1_4' title="bbox 188 3565 2479 4444">
    <p class='ocr_par' dir='ltr' id='par_1_8' title="bbox 188 3565 2479 4444">
     <span class='ocr_line' id='line_1_32' title="bbox 189 3565 2476 3644; baseline -0.001 -18"><span class='ocrx_word' id='word_1_226' title='bbox 189 3573 354 3638; x_wconf 88' lang='grc' dir='ltr'><strong><em>μαίου</em></strong></span> <span class='ocrx_word' id='word_1_227' title='bbox 393 3574 450 3640; x_wconf 89' lang='lat'><strong><em>(†</em></strong></span> <span class='ocrx_word' id='word_1_228' title='bbox 491 3575 615 3642; x_wconf 69' lang='lat'>204)</span> <span class='ocrx_word' id='word_1_229' title='bbox 652 3571 782 3634; x_wconf 84' lang='grc' dir='ltr'><strong><em>νέος</em></strong></span> <span class='ocrx_word' id='word_1_230' title='bbox 820 3573 1138 3641; x_wconf 82' lang='grc' dir='ltr'><strong><em>διατρίψας.</em></strong></span> <span class='ocrx_word' id='word_1_231' title='bbox 1206 3569 1418 3642; x_wconf 75' lang='grc' dir='ltr'><strong><em>ἔγραψε</em></strong></span> <span class='ocrx_word' id='word_1_232' title='bbox 1459 3570 1790 3642; x_wconf 87' lang='grc' dir='ltr'><strong><em>φιλοσόφων</em></strong></span> <span class='ocrx_word' id='word_1_233' title='bbox 1838 3573 2065 3644; x_wconf 86' lang='grc' dir='ltr'><strong><em>βιβλίων</em></strong></span> <span class='ocrx_word' id='word_1_234' title='bbox 2113 3565 2476 3638; x_wconf 78' lang='grc' dir='ltr'><strong><em>διορθωτικά.</em></strong></span> 
     </span>
     <span class='ocr_line' id='line_1_33' title="bbox 193 3647 2479 3721; baseline 0 -17"><span class='ocrx_word' id='word_1_235' title='bbox 193 3657 218 3704; x_wconf 89' lang='grc'>1</span> <span class='ocrx_word' id='word_1_236' title='bbox 249 3655 540 3714; x_wconf 81' lang='grc' dir='ltr'><strong><em>Βυθννίας</em></strong></span> <span class='ocrx_word' id='word_1_237' title='bbox 559 3658 605 3705; x_wconf 83' lang='grc' dir='ltr'><strong>Δ</strong></span> <span class='ocrx_word' id='word_1_238' title='bbox 703 3650 870 3721; x_wconf 78' lang='grc' dir='ltr'><strong><em>γένος</em></strong></span> <span class='ocrx_word' id='word_1_239' title='bbox 896 3669 1003 3706; x_wconf 89' lang='lat' dir='ltr'><strong><em>om.</em></strong></span> <span class='ocrx_word' id='word_1_240' title='bbox 1025 3657 1070 3703; x_wconf 82' lang='lat' dir='ltr'>V</span> <span class='ocrx_word' id='word_1_241' title='bbox 1169 3657 1202 3705; x_wconf 83' lang='lat'><strong>3</strong></span> <span class='ocrx_word' id='word_1_242' title='bbox 1233 3648 1332 3706; x_wconf 76' lang='grc' dir='ltr'><strong><em>ἐπί</em></strong></span> <span class='ocrx_word' id='word_1_243' title='bbox 1353 3671 1412 3706; x_wconf 84' lang='grc' dir='ltr'><strong><em>τε</em></strong></span> <span class='ocrx_word' id='word_1_244' title='bbox 1435 3653 1759 3707; x_wconf 76' lang='lat' dir='ltr'><strong><em>Gutschmid</em></strong></span> <span class='ocrx_word' id='word_1_245' title='bbox 1864 3659 1897 3707; x_wconf 78' lang='grc'><strong>6</strong></span> <span class='ocrx_word' id='word_1_246' title='bbox 1927 3647 1978 3719; x_wconf 86' lang='grc' dir='ltr'><strong><em>η’</em></strong></span> <span class='ocrx_word' id='word_1_247' title='bbox 1999 3653 2091 3706; x_wconf 84' lang='lat' dir='ltr'><strong><em>vel</em></strong></span> <span class='ocrx_word' id='word_1_248' title='bbox 2108 3647 2169 3704; x_wconf 74' lang='grc' dir='ltr'><strong><em>θ’</em></strong></span> <span class='ocrx_word' id='word_1_249' title='bbox 2190 3650 2479 3704; x_wconf 69' lang='lat' dir='ltr'><strong><em>Reimt&#39;us</em></strong></span> 
     </span>
     <span class='ocr_line' id='line_1_34' title="bbox 322 3731 2477 3801; baseline -0.001 -14"><span class='ocrx_word' id='word_1_250' title='bbox 322 3732 559 3787; x_wconf 63' lang='lat' dir='ltr'><strong>(lx-xvh</strong></span> <span class='ocrx_word' id='word_1_251' title='bbox 602 3734 784 3787; x_wconf 71' lang='lat' dir='ltr'><strong>totam</strong></span> <span class='ocrx_word' id='word_1_252' title='bbox 829 3733 1008 3787; x_wconf 76' lang='lat' dir='ltr'><strong>vitam</strong></span> <span class='ocrx_word' id='word_1_253' title='bbox 1051 3733 1258 3788; x_wconf 78' lang='lat' dir='ltr'><strong>inserui</strong></span> <span class='ocrx_word' id='word_1_254' title='bbox 1303 3750 1370 3788; x_wconf 81' lang='lat' dir='ltr'><strong><em>ex</em></strong></span> <span class='ocrx_word' id='word_1_255' title='bbox 1416 3732 1588 3787; x_wconf 81' lang='lat' dir='ltr'><strong>schol.</strong></span> <span class='ocrx_word' id='word_1_256' title='bbox 1636 3732 1854 3786; x_wconf 60' lang='lat' dir='ltr'><strong>Plaffion.</strong></span> <span class='ocrx_word' id='word_1_257' title='bbox 1901 3731 1980 3785; x_wconf 87' lang='lat' dir='ltr'><strong><em>IV</em></strong></span> <span class='ocrx_word' id='word_1_258' title='bbox 2033 3749 2089 3801; x_wconf 87' lang='lat' dir='ltr'><strong><em>p.</em></strong></span> <span class='ocrx_word' id='word_1_259' title='bbox 2128 3737 2233 3784; x_wconf 80' lang='lat'><strong><em>329</em></strong></span> <span class='ocrx_word' id='word_1_260' title='bbox 2270 3731 2477 3796; x_wconf 67' lang='lat' dir='ltr'>Herm„</span> 
     </span>
     <span class='ocr_line' id='line_1_35' title="bbox 188 3809 2476 3883; baseline -0.003 -15"><span class='ocrx_word' id='word_1_261' title='bbox 188 3831 520 3883; x_wconf 82' lang='lat' dir='ltr'><strong>quamquam</strong></span> <span class='ocrx_word' id='word_1_262' title='bbox 555 3813 729 3866; x_wconf 74' lang='lat' dir='ltr'><strong>talem</strong></span> <span class='ocrx_word' id='word_1_263' title='bbox 767 3813 840 3866; x_wconf 78' lang='lat' dir='ltr'><strong><em>ab</em></strong></span> <span class='ocrx_word' id='word_1_264' title='bbox 877 3812 1156 3881; x_wconf 81' lang='lat' dir='ltr'><strong>Hesychio</strong></span> <span class='ocrx_word' id='word_1_265' title='bbox 1193 3828 1304 3866; x_wconf 91' lang='lat' dir='ltr'><strong><em>non</em></strong></span> <span class='ocrx_word' id='word_1_266' title='bbox 1341 3813 1653 3881; x_wconf 74' lang='lat' dir='ltr'><strong>profectam</strong></span> <span class='ocrx_word' id='word_1_267' title='bbox 1692 3829 1811 3868; x_wconf 72' lang='lat' dir='ltr'><strong><em>esne</em></strong></span> <span class='ocrx_word' id='word_1_268' title='bbox 1847 3812 2019 3881; x_wconf 66' lang='lat' dir='ltr'><strong>patet.</strong></span> <span class='ocrx_word' id='word_1_269' title='bbox 2069 3811 2148 3866; x_wconf 83' lang='lat' dir='ltr'><strong><em>cf.</em></strong></span> <span class='ocrx_word' id='word_1_270' title='bbox 2180 3809 2476 3874; x_wconf 63' lang='lat' dir='ltr'><strong><em>Mettum,</em></strong></span> 
     </span>
     <span class='ocr_line' id='line_1_36' title="bbox 189 3886 2476 3964; baseline -0.003 -15"><span class='ocrx_word' id='word_1_271' title='bbox 189 3895 254 3949; x_wconf 86' lang='lat' dir='ltr'><strong><em>de</em></strong></span> <span class='ocrx_word' id='word_1_272' title='bbox 299 3896 436 3950; x_wconf 78' lang='lat' dir='ltr'><strong>font.</strong></span> <span class='ocrx_word' id='word_1_273' title='bbox 481 3913 534 3964; x_wconf 92' lang='lat' dir='ltr'><strong><em>p.</em></strong></span> <span class='ocrx_word' id='word_1_274' title='bbox 574 3899 660 3949; x_wconf 79' lang='grc'><strong><em>60.</em></strong></span> <span class='ocrx_word' id='word_1_275' title='bbox 733 3891 1012 3947; x_wconf 77' lang='lat' dir='ltr'><strong>Videntur</strong></span> <span class='ocrx_word' id='word_1_276' title='bbox 1057 3891 1228 3946; x_wconf 78' lang='lat' dir='ltr'>verba</span> <span class='ocrx_word' id='word_1_277' title='bbox 1279 3886 1425 3961; x_wconf 71' lang='grc' dir='ltr'><strong><em>αὕτη</em></strong></span> <span class='ocrx_word' id='word_1_278' title='bbox 1474 3923 1539 3932; x_wconf 93' lang='lat'><strong><em>-——</em></strong></span> <span class='ocrx_word' id='word_1_279' title='bbox 1589 3887 1901 3962; x_wconf 80' lang='grc' dir='ltr'><strong><em>Ποριστὴν,</em></strong></span> <span class='ocrx_word' id='word_1_280' title='bbox 1950 3889 2075 3960; x_wconf 78' lang='grc' dir='ltr'><strong><em>ἔσχε</em></strong></span> <span class='ocrx_word' id='word_1_281' title='bbox 2123 3887 2187 3943; x_wconf 76' lang='grc' dir='ltr'><strong><em>δὲ</em></strong></span> <span class='ocrx_word' id='word_1_282' title='bbox 2230 3919 2301 3930; x_wconf 91' lang='lat'><strong><em>--</em></strong></span> <span class='ocrx_word' id='word_1_283' title='bbox 2345 3887 2476 3942; x_wconf 75' lang='lat' dir='ltr'><strong>exit.</strong></span> 
     </span>
     <span class='ocr_line' id='line_1_37' title="bbox 189 3967 2319 4044; baseline -0.003 -16"><span class='ocrx_word' id='word_1_284' title='bbox 189 3975 447 4044; x_wconf 80' lang='lat' dir='ltr'><strong>Hesychii</strong></span> <span class='ocrx_word' id='word_1_285' title='bbox 484 3991 616 4029; x_wconf 79' lang='lat' dir='ltr'><strong>esse.</strong></span> <span class='ocrx_word' id='word_1_286' title='bbox 693 3973 998 4042; x_wconf 73' lang='lat' dir='ltr'><strong>Descripsit</strong></span> <span class='ocrx_word' id='word_1_287' title='bbox 1035 3972 1232 4028; x_wconf 79' lang='lat' dir='ltr'><strong>Suidas</strong></span> <span class='ocrx_word' id='word_1_288' title='bbox 1269 3973 1567 4027; x_wconf 81' lang='lat' dir='ltr'><strong>articulum</strong></span> <span class='ocrx_word' id='word_1_289' title='bbox 1605 3973 1935 4041; x_wconf 75' lang='lat' dir='ltr'><strong>Harpocrat.</strong></span> <span class='ocrx_word' id='word_1_290' title='bbox 1975 3990 2025 4025; x_wconf 87' lang='lat' dir='ltr'><strong><em>v.</em></strong></span> <span class='ocrx_word' id='word_1_291' title='bbox 2059 3967 2319 4024; x_wconf 75' lang='grc' dir='ltr'><strong><em>Ἀσπασία</em></strong></span> 
     </span>
     <span class='ocr_line' id='line_1_38' title="bbox 324 4047 2475 4123; baseline -0.003 -14"><span class='ocrx_word' id='word_1_292' title='bbox 324 4054 547 4110; x_wconf 86' lang='lat' dir='ltr'>CXXVI</span> <span class='ocrx_word' id='word_1_293' title='bbox 581 4053 734 4110; x_wconf 77' lang='lat' dir='ltr'><strong><em>Eud.</em></strong></span> <span class='ocrx_word' id='word_1_294' title='bbox 773 4071 827 4123; x_wconf 90' lang='lat' dir='ltr'><strong><em>p.</em></strong></span> <span class='ocrx_word' id='word_1_295' title='bbox 870 4058 986 4107; x_wconf 87' lang='lat'><strong><em>114.</em></strong></span> <span class='ocrx_word' id='word_1_296' title='bbox 1063 4052 1383 4108; x_wconf 81' lang='lat' dir='ltr'><strong>Cf.Mffl1er</strong></span> <span class='ocrx_word' id='word_1_297' title='bbox 1419 4051 1496 4105; x_wconf 89' lang='lat' dir='ltr'><strong><em>III</em></strong></span> <span class='ocrx_word' id='word_1_298' title='bbox 1534 4071 1588 4121; x_wconf 88' lang='lat' dir='ltr'><strong><em>p.</em></strong></span> <span class='ocrx_word' id='word_1_299' title='bbox 1626 4057 1758 4122; x_wconf 74' lang='lat'><strong>5⁷6,</strong></span> <span class='ocrx_word' id='word_1_300' title='bbox 1808 4052 1907 4120; x_wconf 84' lang='lat' dir='ltr'><strong><em>qui</em></strong></span> <span class='ocrx_word' id='word_1_301' title='bbox 1944 4048 2205 4120; x_wconf 81' lang='lat' dir='ltr'><strong>Byblium</strong></span> <span class='ocrx_word' id='word_1_302' title='bbox 2242 4065 2354 4104; x_wconf 85' lang='lat' dir='ltr'><strong><em>non</em></strong></span> <span class='ocrx_word' id='word_1_303' title='bbox 2390 4047 2475 4102; x_wconf 84' lang='lat' dir='ltr'><strong><em>di-</em></strong></span> 
     </span>
     <span class='ocr_line' id='line_1_39' title="bbox 191 4128 1765 4205; baseline -0.001 -18"><span class='ocrx_word' id='word_1_304' title='bbox 191 4151 406 4190; x_wconf 80' lang='lat' dir='ltr'><strong>versum</strong></span> <span class='ocrx_word' id='word_1_305' title='bbox 443 4153 478 4189; x_wconf 83' lang='lat' dir='ltr'>a</span> <span class='ocrx_word' id='word_1_306' title='bbox 515 4134 684 4205; x_wconf 80' lang='lat' dir='ltr'><strong>Tyrio</strong></span> <span class='ocrx_word' id='word_1_307' title='bbox 721 4137 888 4203; x_wconf 72' lang='lat' dir='ltr'><strong>putat</strong></span> <span class='ocrx_word' id='word_1_308' title='bbox 1029 4141 1092 4188; x_wconf 85' lang='lat'><strong><em>21</em></strong></span> <span class='ocrx_word' id='word_1_309' title='bbox 1137 4131 1442 4203; x_wconf 79' lang='grc' dir='ltr'><strong><em>σύγχρονος</em></strong></span> <span class='ocrx_word' id='word_1_310' title='bbox 1475 4128 1574 4201; x_wconf 80' lang='grc' dir='ltr'><strong><em>Ἄρ.</em></strong></span> <span class='ocrx_word' id='word_1_311' title='bbox 1613 4133 1765 4187; x_wconf 78' lang='lat' dir='ltr'><strong><em>Eud.</em></strong></span> 
     </span>
     <span class='ocr_line' id='line_1_40' title="bbox 193 4209 2474 4284; baseline -0.004 -12"><span class='ocrx_word' id='word_1_312' title='bbox 193 4239 202 4246; x_wconf 89' lang='lat'><strong>·</strong></span> <span class='ocrx_word' id='word_1_313' title='bbox 325 4215 578 4271; x_wconf 87' lang='lat' dir='ltr'>CXXVII</span> <span class='ocrx_word' id='word_1_314' title='bbox 616 4215 1004 4284; x_wconf 77' lang='lat' dir='ltr'><strong>Eud.p.113</strong></span> <span class='ocrx_word' id='word_1_315' title='bbox 1147 4221 1216 4269; x_wconf 80' lang='lat'><strong><em>25</em></strong></span> <span class='ocrx_word' id='word_1_316' title='bbox 1254 4216 1384 4284; x_wconf 73' lang='lat' dir='ltr'><strong><em>post</em></strong></span> <span class='ocrx_word' id='word_1_317' title='bbox 1419 4213 1675 4282; x_wconf 83' lang='grc' dir='ltr'><strong><em>κριτικοῦ</em></strong></span> <span class='ocrx_word' id='word_1_318' title='bbox 1714 4210 1841 4266; x_wconf 81' lang='lat' dir='ltr'><strong>add.</strong></span> <span class='ocrx_word' id='word_1_319' title='bbox 1878 4211 2027 4265; x_wconf 78' lang='lat' dir='ltr'><strong><em>Eud.</em></strong></span> <span class='ocrx_word' id='word_1_320' title='bbox 2068 4209 2474 4279; x_wconf 78' lang='grc' dir='ltr'><strong><em>μαθηματικοῦ</em></strong></span> 
     </span>
     <span class='ocr_line' id='line_1_41' title="bbox 191 4281 2475 4366; baseline -0.001 -19"><span class='ocrx_word' id='word_1_321' title='bbox 191 4296 283 4348; x_wconf 78' lang='grc' dir='ltr'><strong><em>καὶ</em></strong></span> <span class='ocrx_word' id='word_1_322' title='bbox 319 4287 381 4351; x_wconf 80' lang='grc' dir='ltr'><strong><em>εὖ</em></strong></span> <span class='ocrx_word' id='word_1_323' title='bbox 417 4289 824 4366; x_wconf 75' lang='grc' dir='ltr'><strong><em>γιγνώσκοντος</em></strong></span> <span class='ocrx_word' id='word_1_324' title='bbox 859 4290 994 4358; x_wconf 73' lang='grc' dir='ltr'><strong><em>τοὺς</em></strong></span> <span class='ocrx_word' id='word_1_325' title='bbox 1029 4289 1359 4364; x_wconf 71' lang='grc' dir='ltr'><strong><em>ὁητορικους</em></strong></span> <span class='ocrx_word' id='word_1_326' title='bbox 1395 4295 1508 4347; x_wconf 79' lang='grc' dir='ltr'><strong><em>τῶν</em></strong></span> <span class='ocrx_word' id='word_1_327' title='bbox 1546 4288 1751 4362; x_wconf 85' lang='grc' dir='ltr'><strong><em>λόγων,</em></strong></span> <span class='ocrx_word' id='word_1_328' title='bbox 1789 4287 1916 4352; x_wconf 63' lang='lat' dir='ltr'><strong><em>vste</em></strong></span> <span class='ocrx_word' id='word_1_329' title='bbox 1950 4291 2049 4344; x_wconf 78' lang='grc' dir='ltr'><strong><em>καὶ</em></strong></span> <span class='ocrx_word' id='word_1_330' title='bbox 2086 4294 2225 4360; x_wconf 79' lang='grc' dir='ltr'><strong><em>μαθ.</em></strong></span> <span class='ocrx_word' id='word_1_331' title='bbox 2259 4281 2357 4360; x_wconf 82' lang='grc' dir='ltr'><strong><em>(εὖ</em></strong></span> <span class='ocrx_word' id='word_1_332' title='bbox 2395 4309 2475 4359; x_wconf 77' lang='grc' dir='ltr'><strong><em>γι-</em></strong></span> 
     </span>
     <span class='ocr_line' id='line_1_42' title="bbox 191 4369 2479 4444; baseline -0.002 -16"><span class='ocrx_word' id='word_1_333' title='bbox 191 4373 498 4439; x_wconf 74' lang='grc' dir='ltr'><strong><em>νώσκοντας</em></strong></span> <span class='ocrx_word' id='word_1_334' title='bbox 533 4372 666 4438; x_wconf 78' lang='grc' dir='ltr'><strong><em>τούς</em></strong></span> <span class='ocrx_word' id='word_1_335' title='bbox 701 4371 986 4444; x_wconf 73' lang='grc' dir='ltr'><strong><em>κριτικοὺς</em></strong></span> <span class='ocrx_word' id='word_1_336' title='bbox 1025 4395 1140 4430; x_wconf 84' lang='grc' dir='ltr'><strong><em>των</em></strong></span> <span class='ocrx_word' id='word_1_337' title='bbox 1175 4371 1358 4444; x_wconf 78' lang='grc' dir='ltr'><strong><em>λόγων</em></strong></span> <span class='ocrx_word' id='word_1_338' title='bbox 1402 4375 1579 4430; x_wconf 72' lang='lat' dir='ltr'><strong>habet</strong></span> <span class='ocrx_word' id='word_1_339' title='bbox 1613 4371 1936 4427; x_wconf 73' lang='lat' dir='ltr'><strong>Philostrat.</strong></span> <span class='ocrx_word' id='word_1_340' title='bbox 1973 4369 2088 4426; x_wconf 76' lang='lat' dir='ltr'><strong><em>Vit.</em></strong></span> <span class='ocrx_word' id='word_1_341' title='bbox 2126 4372 2204 4441; x_wconf 83' lang='lat'><strong><em>11,</em></strong></span> <span class='ocrx_word' id='word_1_342' title='bbox 2241 4375 2333 4440; x_wconf 80' lang='lat'><strong><em>32)</em></strong></span> <span class='ocrx_word' id='word_1_343' title='bbox 2379 4371 2479 4425; x_wconf 74' lang='grc' dir='ltr'><strong><em>καὶ</em></strong></span> 
     </span>
    </p>
   </div>
   <div class='ocr_carea' id='block_1_5' title="bbox 290 4476 2051 4529">
    <p class='ocr_par' dir='ltr' id='par_1_9' title="bbox 290 4476 2051 4529">
     <span class='ocr_line' id='line_1_43' title="bbox 290 4476 2051 4529; baseline -0.003 -11"><span class='ocrx_word' id='word_1_344' title='bbox 290 4478 389 4518; x_wconf 71' lang='grc' dir='ltr'><strong><em>Ηιο</em></strong></span> <span class='ocrx_word' id='word_1_345' title='bbox 367 4487 644 4529; x_wconf 81' lang='grc' dir='ltr'><strong><em>ηοωο,</em></strong></span> <span class='ocrx_word' id='word_1_346' title='bbox 620 4476 880 4518; x_wconf 51' lang='lat' dir='ltr'><strong><em>emmach.</em></strong></span> <span class='ocrx_word' id='word_1_347' title='bbox 2019 4476 2051 4523; x_wconf 86' lang='lat'><strong>3</strong></span> 
     </span>
    </p>
   </div>
  </div>
 </body>
</html>
