3025 4892
1075 271 1505 329 HESYCHIUS.
2346 271 2432 335 59

333 435 708 504 CCXXVII.
792 438 1010 502 Δίων
1086 431 1123 503 5
1191 433 1490 516 Κάσσιος
1554 437 1988 522 χρηματίσας,
2056 430 2091 503 5
2159 436 2434 521 ἐπίκλην

167 541 484 629 Κοκκήιος
517 541 620 632 (οἱ
643 541 716 611 δὲ
747 539 1220 631 Κοκκηιανός),
1253 539 1570 626 Νικαεύς,
1611 539 1961 628 ἱστορικός,
1998 538 2291 628 γεγονὼς
2326 542 2432 610 ἐπὶ

161 653 292 716 τῶν
343 647 606 736 χρόνων
655 647 1100 736 Ἀλεξάνδρου
1153 651 1275 718 τοῦ
1330 651 1669 736 Μαμαίας.
1772 653 2017 735 ἔγραψε
2060 645 2434 735 Ῥωμαϊκὴν

167 760 456 842 ἱστορίαν
499 757 573 824 ἐν
606 759 896 842 βιβλίοις
931 753 1007 822 π’
1047 755 1497 844 (διαιροῦνται
1542 753 1616 822 δὲ
1654 751 1817 822 κατὰ
1856 753 2197 844 δεκάδας),
2222 754 2235 846 Ι
2263 762 2430 839 Περ-

164 859 326 946 σικά,
361 866 424 929 Γ
415 860 613 947 ετικά,
641 861 656 954 Ι
690 859 980 948 Ἐνόδια,
1017 859 1098 929 τὰ
1133 858 1299 930 κατὰ
1335 857 1697 947 Τραϊανόν,
1735 865 1888 946 βιόν
1919 857 2277 948 Ἀρριανοῦ
2310 865 2434 930 τοῦ
2460 881 2486 922 ⁵

165 969 548 1057 φιλοσόφου.

331 1095 738 1164 CCXXVIII.
796 1100 1019 1163 Δίων
1063 1091 1098 1163 5
1145 1094 1613 1180 Πασικράτους
1651 1094 2067 1183 Προυσαεύς,
2115 1093 2436 1181 σοφιστὴς

160 1202 264 1270 καὶ
320 1201 720 1289 φιλόσοφος,
781 1199 863 1269 ὃν
922 1201 1404 1288 Χρυσόστομον
1470 1201 1807 1270 ἐκάλεσαν.
1898 1199 2310 1270 ἀντεποιεῖτο
2360 1201 2435 1270 δὲ

163 1308 578 1396 σεμνότητος,
635 1306 727 1388 ὥς
769 1309 881 1376 καὶ
926 1313 1206 1397 λεοντῆν
1252 1311 1487 1395 φορῶν
1534 1309 1858 1394 προιέναι.
1946 1301 2033 1396 ἦν
2081 1309 2157 1376 δὲ
2204 1306 2437 1390 λεπτὸς

163 1414 231 1484 τὸ
269 1420 473 1503 σῶμα,
509 1417 622 1484 καὶ
661 1416 954 1503 διέτριψε
989 1413 1064 1483 τὸ
1101 1422 1413 1482 πλεῖστον
1446 1412 1626 1502 παρὰ
1660 1419 1968 1507 Τραϊανῷ
1996 1419 2087 1506 τῷ
2118 1421 2434 1502 Καίσαρι,
2465 1435 2516 1474 1⁰

163 1521 244 1602 ὡς
284 1525 394 1590 καὶ
441 1514 969 1609 συγκαθέζεσθαι
1017 1521 1090 1590 ἐν
1145 1523 1236 1612 τῷ
1284 1523 1604 1611 βασιλικῷ
1654 1517 1950 1608 ὀχήματι.
2042 1527 2330 1610 ἔγραψεν
2379 1527 2441 1592 εί

162 1628 456 1718 φθαρτὸς
503 1626 538 1697 5
577 1628 846 1716 κόσμος,
893 1627 1222 1715 ἐγκώμιον
1238 1624 1655 1714 Ἡρακλέους
1690 1626 1801 1695 καὶ
1838 1627 2224 1715 Πλάτωνος,
2269 1628 2435 1715 ὑπὲρ

155 1733 432 1824 Ὁμήρου
475 1734 644 1824 πρὸς
681 1735 1014 1804 Πλάτωνα
1062 1734 1152 1820 δ’,
1202 1735 1352 1821 περὶ
1397 1737 1535 1802 τῶν
1564 1732 2007 1822 Ἀλεξάνδρου
2052 1733 2306 1824 ἀρετῶν
2354 1738 2440 1824 η’.

331 1861 676 1928 ΟΟΧΧΙΧ.
751 1857 1280 1940 Διώξιππος
1327 1856 1688 1944 Ἀθηναῖος
1739 1858 2044 1946 κωμικός.
2137 1859 2439 1946 δράματα

159 1964 360 2034 αὐτοῦ
401 1963 1068 2052 Ἀντιπορνοβοσκός,
1116 1963 1561 2052 Φιλάργυρος,
1590 1963 2156 2056 Ἱστοριογράφος,
2202 1972 2434 2036 Διαδι-
2468 1987 2517 2026 1⁵

163 2072 516 2160 καζόμενοι.

163 2346 310 2388 τινας
344 2325 470 2380 add.
503 2324 654 2380 Eud.
698 2319 888 2396 [ἄλλα]
927 2324 1025 2378 καὶ
1063 2320 1361 2393 διαλόγους
1396 2320 1639 2388 πολλοὺς
1676 2323 1821 2381 κατὰ
1854 2329 2085 2396 μίμησιν
2116 2323 2437 2394 Πλάτωνος,

165 2423 294 2474 quae
335 2407 506 2461 verba
547 2407 646 2460 aut
681 2421 812 2460 casu
849 2408 999 2475 apud
1037 2405 1267 2461 Suidam
1303 2405 1652 2461 intercidisse
1700 2408 1798 2462 aut
1825 2400 1999 2476 ipsiu's
2034 2405 2317 2462 Eudooiae
2355 2406 2438 2462 in-

159 2487 312 2554 genio
340 2486 604 2554 suppleta
629 2501 749 2540 esse
779 2485 1024 2540 obtinuit
1045 2486 1231 2540 Daub.
1291 2485 1506 2556 Operae
1535 2488 1779 2557 pretium
1808 2488 1892 2542 est
1919 2487 2233 2542 adscribere
2263 2487 2436 2542 schol.

158 2566 362 2621 Platon.
398 2565 476 2619 VI
511 2583 566 2634 p.
597 2573 702 2620 390
727 2567 943 2621 Herum
985 2568 1136 2620 Δίων
1173 2561 1205 2620 5
1243 2565 1661 2635 Συρακούσιος,
1691 2564 2019 2636 Ἱππαρίνου
2057 2564 2161 2635 μὲν
2196 2561 2322 2628 υίὸς
2349 2557 2439 2636 ἦν,

161 2642 503 2715 ἀνεψιαδοῦς
552 2645 616 2702 δὲ
666 2649 971 2702 Διονυσίου
1016 2648 1118 2701 τοῦ
1165 2645 1468 2713 προτέρου,
1524 2645 1669 2703 κατὰ
1717 2646 1780 2703 δὲ
1830 2645 2150 2717 οἰκειότητα
2195 2647 2294 2716 τῆς
2344 2667 2438 2716 γυ-

159 2725 343 2790 ναικὸς
376 2721 556 2782 αυτοῦ
583 2721 967 2796 Ἀριστομάχης
994 2722 1262 2796 άδελφὸς,
1304 2724 1519 2824 εὐφυΐᾳ
1556 2728 1620 2785 δὲ
1661 2729 1758 2784 καὶ
1786 2730 2175 2799 μεγαλοψυχίᾳ
2212 2726 2310 2782 καὶ
2347 2747 2438 2795 φι-

155 2809 362 2882 λοτιμία
409 2804 704 2875 διαφέρων
750 2805 852 2860 τοῦ
897 2803 1172 2874 γενέσθαι
1227 2804 1381 2869 τινὸς
1425 2803 1600 2875 ἄξιος.
1662 2805 2001 2876 Ἱππαρῖνος
2054 2829 2161 2878 γαρ
2217 2809 2439 2862 παίδων

157 2881 321 2940 ὄντων
359 2882 510 2958 αὐτῷ
556 2885 668 2940 τῶν
711 2885 844 2951 περὶ
883 2886 1103 2951 Δίωνα,
1159 2906 1328 2952 τριων
1376 2885 1480 2958 μὲν
1526 2886 1693 2957 υἱῶν,
1744 2909 1915 2960 τριων
1967 2887 2031 2943 δὲ
2083 2887 2438 2960 θυγατέρων,

156 2967 415 3022 τελευτων
467 2962 566 3021 τὸν
599 2967 744 3060 ηβίον
799 2961 1104 3033 ἐπίτροπον
1157 2964 1462 3021 Διονύσιον
1499 2966 1838 3037 κατέστησεν
1874 2964 2159 3024 οἰκεῖον”
2128 2989 2293 3037 οντα,
2340 2967 2439 3022 καὶ

158 3043 250 3108 τὰς
283 3053 556 3115 γυναῖκας
587 3065 708 3116 αμα
745 3045 843 3100 καὶ
877 3065 980 3108 τας
1017 3040 1190 3112 κόρας
1227 3043 1464 3115 διέθηκε
1505 3049 1706 3117 γῆμαι,
1756 3043 2145 3116 Ἀριστομάχην
2184 3045 2289 3117 μὲν
2333 3043 2439 3115 τὴν

157 3123 532 3200 πρεσβυτάτην
580 3121 782 3193 αὐτόν,
833 3122 934 3188 τὰς
978 3124 1043 3181 δὲ
1090 3123 1290 3188 λοιπὰς
1336 3133 1454 3188 τοις
1498 3121 1771 3194 ἀδελφοῖς
1819 3126 1997 3183 αὐτοῦ
2050 3129 2281 3197 δοῦναι,
2333 3135 2439 3183 Λε-

159 3208 313 3278 πτίνῃ
362 3225 422 3262 τε
475 3207 572 3261 καὶ
619 3207 888 3276 Θεαρίδῃ.
972 3204 1069 3258 καὶ
1120 3224 1268 3276 ουτω
1317 3203 1514 3274 γέγονε
1569 3205 1973 3276 τελευτησάσης
2021 3209 2121 3277 τῆς
2165 3211 2440 3273 Λοκρίδος

161 3281 324 3341 αὐτοῦ
362 3282 660 3386 γυναικός,
702 3281 766 3340 ἐκ
794 3285 851 3353 (l.
885 3276 1026 3354 ἐξ)
993 3305 1062 3354 ης
1093 3259 1346 3356 έγεγὸνει
1378 3280 1533 3357 αυτῷ
1564 3283 1864 3350 Διονύσιος
1892 3283 1921 3342 5
1953 3307 2252 3358 νεωτερος,
2289 3285 2438 3357 ὁμω-

159 3384 320 3434 νυμος
365 3361 520 3440 αὐτῷ
569 3363 707 3428 υἱός.
786 3365 986 3421 Totum
1035 3365 1285 3421 scholion
1343 3364 1413 3419 de
1459 3341 1741 3435 H‘esychio
1796 3368 2038 3436 pendere
2093 3371 2241 3423 recte
2294 3369 2442 3425 vidiiz

167 3443 453 3512 Mettauer,
485 3423 560 3501 'de
598 3446 771 3500 schol.
809 3445 954 3501 plat.
991 3465 1044 3516 p.
1083 3451 1151 3500 59

289 3526 532 3581 CCXVII
569 3527 721 3583 Eud.
749 3545 803 3596 p.
826 3533 945 3583 223.
993 3527 1074 3581 Cf.
1107 3545 1156 3581 v.
1185 3523 1544 3595 Κοκκηιανός
1662 3533 1695 3581 2
1734 3524 2116 3589 Konmcivoev
2216 3525 2309 3583 ἐπὶ
2341 3525 2436 3585 ’AL

162 3605 253 3658 τοῦ
287 3607 562 3677 Μαμαίας
589 3623 742 3661 more
779 3606 948 3662 solito
986 3608 1137 3662 Eud.
1292 3613 1324 3661 3
1361 3604 1607 3676 Μαμέου
1636 3613 1681 3660 Δ
1790 3604 2102 3676 συντέθηκε
2141 3609 2293 3664 Eud.

162 3689 192 3735 4
233 3678 414 3755 ὥσπερ
460 3686 557 3740 καὶ
591 3686 693 3740 τοῦ
735 3687 1067 3755 Παταβινοῦ
1105 3689 1306 3760 Λιβίου
1353 3688 1484 3756 post
1528 3684 1778 3749 δεκάδας
1823 3686 1949 3741 add.
1989 3687 2140 3744 Eud.
2292 3692 2436 3757 Περ-

163 3760 280 3817 σικά
329 3765 562 3821 Dinonis
613 3783 756 3834 esse,
811 3783 979 3835 quem
1030 3784 1158 3822 cum
1211 3767 1390 3823 Dione
1441 3768 1783 3835 confuderit,
1840 3768 2057 3821 monuit
2102 3768 2438 3837 Gutechmid,

168 3842 356 3900 Γετικά
402 3846 615 3916 primus
667 3846 793 3903 add.
841 3848 1049 3914 Aldus,
1095 3849 1364 3917 expunxit
1399 3848 1700 3915 ,Ka-sterne,
1753 3845 1849 3914 qui
1895 3847 2045 3900 recte
2091 3845 2165 3899 ad
2201 3847 2437 3902 Dionem

167 3921 603 3993 Chrysostomum
641 3926 862 3980 rettulit
897 3927 1023 3982 coll.
1061 3927 1381 3984 Philostrat.
1421 3927 1535 3984 vit.
1574 3930 1599 3982 I
1612 3970 1629 3995 ‚
1668 3934 1699 3983 7

293 4005 612 4062 CCXXVIII
650 4007 800 4061 Eud.
839 4024 893 4074 p,
934 4013 1036 4061 239
1085 4011 1200 4076 φιλ.
1249 4009 1345 4063 καὶ
1391 4027 1520 4077 σοφ.
1560 4009 1712 4063 Eud.
1788 4008 2024 4074 Πασικρ.
2063 4003 2189 4070 υίὸς
2233 3997 2305 4074 ἦν
2344 4004 2438 4062 ἐπὶ

169 4085 312 4149 Τραι.
349 4086 500 4142 Eud.
646 4093 712 4140 12
750 4086 847 4140 καὶ
886 4083 1188 4151 Πλάτωνος
1227 4106 1333 4144 om.
1365 4089 1517 4143 Eud.
1642 4094 1707 4142 13
1745 4083 1946 4155 λόγους
1982 4083 2255 4156 τέσσαρας
2282 4088 2434 4144 Eud.

166 4156 350 4229 λόγους
385 4161 530 4220 ὁκτῶ
569 4164 666 4219 καὶ
702 4160 845 4219 ἄλλα
881 4166 1033 4221 Eud.

294 4254 557 4309 CCXXIX
595 4255 744 4310 Eud.
784 4272 838 4323 p.
877 4261 1008 4323 229,
1047 4273 1189 4325 quae
1225 4257 1373 4311 male
1404 4253 1687 4320 Δέξιππος
1723 4253 1957 4321 praebet
2067 4258 2134 4307 14
2169 4253 2320 4310 idem
2358 4257 2436 4310 vi-

164 4326 291 4382 tium
329 4332 556 4388 Suidam
599 4351 650 4387 v.
690 4338 1024 4401 Κωρυκαῖος
1070 4336 1288 4391 obsidet
1325 4335 1493 4406 (unde
1544 4350 1681 4388 corr.
1719 4331 1934 4388 Fabric.
1974 4330 2115 4388 Bibl.
2164 4350 2347 4404 graec.
2388 4335 2437 4392 II

165 4419 211 4472 p.
248 4414 391 4482 436),
442 4412 510 4466 de
549 4429 657 4482 quo
694 4432 745 4470 v.
783 4413 1044 4471 Meineke
1081 4416 1122 4486 Ι,
1139 4435 1193 4488 p.
1233 4422 1365 4484 485,
1403 4415 1594 4486 Βοιὼ,
1632 4412 1702 4470 de
1739 4411 1885 4468 Viol.
1923 4433 1977 4488 p.
2019 4419 2085 4469 15
