3025 4892
493 195 582 258 22
1411 190 1842 246 HESYCHIUS.

488 355 758 423 Ἰταλῶν
805 373 982 421 τισιν
1027 349 1068 439 ἢ
1116 357 1698 442 μισθοφοροῦντες
1744 355 2067 440 ἔπραξαν,
2127 355 2202 421 ἐν
2246 367 2387 434 τοῖς
2433 355 2583 441 περὶ
2634 357 2815 422 ἐκεί-

494 489 636 530 νων
712 465 1225 549 συγγέγραπται·
1298 462 1409 528 καὶ
1483 458 1651 528 ὅσον
1706 466 1801 541 εἰς
1864 461 2213 548 γνώρισμα
2277 460 2493 547 μόνον
2526 458 2813 532 αὐτῶν

494 571 814 656 μέμνηται
860 566 1262 652 Ἀππιανός].
1355 573 1601 654 ἔγραψε
1648 566 1723 636 δὲ
1760 565 2091 654 Ῥωμαϊκὰ
2136 567 2381 655 λόγους
2426 568 2528 637 θ’.

443 701 469 740 5
672 676 1029 741 LXXXIII.
1097 671 1434 802 Ἀραρως
1472 670 1861 759 Ἀθηναῖος,
1909 672 2056 753 υίὸς
2095 672 2624 764 Ἀριστοφάνους
2673 682 2817 744 τοῦ

494 786 822 910 κωμικοῦ,
877 781 986 848 καὶ
1043 777 1245 860 αὐτὸς
1287 780 1607 867 κωμικός,
1664 778 1941 862 διδάξας
1984 779 2059 849 τὸ
2108 786 2377 869 πρῶτον
2424 779 2817 869 ὀλυμπιάδι

496 889 627 976 ρα’.
677 895 813 957 ἔστι
842 888 917 955 δε
945 891 1080 955 τῶν
1111 886 1470 974 δραμάτων
1501 885 1712 956 αὐτοῦ
1741 887 2057 974 Καινεύς,
2089 895 2528 976 Καμπυλίων,
2558 888 2820 970 Πανὸς

497 1002 724 1083 γοναί,
760 992 1137 1082 ιὙμέναιος,
1165 991 1486 1078 ”Αδωνις,
1538 998 2022 1080 Παρθενίδιον.

673 1103 1027 1169 LXXXIV.
1081 1099 1410 1184 ’Ἄρατος
1455 1100 1714 1180 Σολεὺς
1768 1105 1884 1189 τῆς
1929 1107 2237 1182 Κιλικίας
2292 1104 2459 1191 (ἔστι
2506 1103 2631 1191 γὰρ
2684 1108 2817 1174 καὶ

421 1236 473 1274 ιο
501 1212 574 1278 ἐν
622 1207 876 1299 Κύπρῳ
916 1206 1107 1292 πόλις
1134 1205 1399 1294 Σόλοι),
1437 1206 1587 1288 υίὸς
1608 1206 2121 1296 Ἀθηνοδώρου·
2160 1208 2444 1298 ἀδελφοὶ
2474 1211 2549 1278 δὲ
2578 1210 2815 1282 αὐτοῦ

497 1315 744 1400 Μύρις,
792 1312 1186 1398 Καλῶνδας,
1217 1312 1707 1402 Ἀθηνόδωρος.
1789 1313 2118 1402 ἀκουστὴς
2163 1317 2238 1385 δὲ
2286 1319 2543 1404 ἐγένετο
2584 1345 2813 1406 γραμ-

497 1425 777 1509 ματικοῦ
825 1420 947 1506 μὲν
983 1424 1105 1489 τοῦ
1137 1418 1450 1507 Ἐφεσίου
1487 1420 1983 1509 Μενεκράτους,
2031 1423 2419 1511 φιλοσόφου
2457 1424 2531 1492 δὲ
2577 1431 2813 1511 Τίμω-

497 1554 616 1607 νος
658 1528 769 1595 καὶ
819 1526 1257 1613 Μενεδήμου,
1314 1524 1610 1614 γεγονώς
1656 1529 1730 1595 ἐν
1776 1533 1855 1616 τῇ
1904 1528 2055 1613 ρκδ’
2106 1528 2500 1617 ὀλυμπιάδι,
2550 1530 2658 1599 ὅτε
2712 1526 2814 1620 ἦν

492 1632 869 1722 Ἀντίγονος
904 1632 1216 1720 βασιλεὺς
1256 1638 1706 1719 Μακεδονίας,
1742 1634 1892 1715 υίὸς
1920 1643 2318 1724 Δημητρίου
2349 1642 2471 1707 τοῦ
2501 1646 2813 1726 Πολιορ-

419 1767 470 1806 15
498 1746 733 1828 κητοῦ,
790 1739 825 1808 ὁ
878 1744 1177 1820 Γονατᾶς
1229 1745 1535 1827 κληθείς,
1590 1741 1703 1808 καὶ
1764 1740 2049 1833 συνῴκει
2104 1769 2175 1812 τε
2229 1740 2411 1837 αὐτῷ
2465 1745 2575 1812 καὶ
2631 1743 2807 1832 παρ’

499 1848 678 1941 αὐτῷ
735 1847 1146 1934 ἐτελεύτησε,
1205 1845 1579 1935 σύγχρονος
1627 1845 1994 1938 Ἀνταγόρᾳ
2049 1854 2138 1940 τῷ
2182 1847 2418 1940 Ῥοδίῳ
2472 1852 2582 1918 καὶ
2622 1848 2813 1920 Ἀλε-

497 1956 764 2044 ξάνδρῳ
810 1958 900 2046 τῷ
950 1957 1249 2044 Αἰτωλῷ,
1299 1955 1625 2033 ἐποποιός.
1703 1957 2015 2036 συνέταξε
2054 1955 2129 2023 δὲ
2164 1962 2393 2042 βιβλία
2430 1962 2667 2025 ταῦτα·
2714 1961 2809 2026 τὰ

505 2061 924 2147 Φαινόμενα,
974 2051 1070 2128 ὧν
1117 2059 1500 2148 θαυμάσιος
1545 2059 1586 2148 ἡ
1635 2061 1904 2147 εἰσβολὴ
1954 2065 2067 2130 καὶ
2112 2061 2149 2131 ὁ
2200 2067 2389 2150 ζῆλος
2425 2063 2810 2151 Ὁμηρικός,

498 2169 756 2257 ὕμνους
802 2173 894 2248 εἰς
940 2172 1172 2254 Πᾶνα,
1220 2166 1792 2256 Σπονδοφόρους,
1839 2175 2139 2256 παίγνια,
2186 2169 2635 2259 ἀστρολογίαν
2684 2173 2809 2239 καὶ

421 2301 473 2340 20
501 2275 983 2365 ἀστροθεσίαν,
1041 2274 1371 2344 σύνθεσιν
1417 2276 1821 2362 φαρμάκων,
1868 2280 2220 2362 θηριακῶν
2267 2281 2632 2366 ἐπιτήδεια,
2682 2278 2809 2346 άν-

500 2389 1013 2472 θρωπογονίαν,
1087 2381 1510 2468 ἐπιθυτικόν,
1578 2386 1673 2461 εἰς
1736 2384 2162 2470 Θεόπροπον,
2230 2389 2324 2464 εἰς
2380 2383 2806 2473 Ἀντίγονον,

500 2491 890 2580 ἠθοποιίας,
937 2487 1317 2572 ἐπιστολάς,
1365 2487 1825 2574 ἐπιγράμματα
1874 2494 1967 2569 εἰς
2017 2497 2235 2559 Φίλαν
2281 2491 2406 2579 τὴν
2452 2495 2809 2581 θυγατέρα

495 2597 961 2680 Ἀντιπάτρου,
1017 2608 1302 2680 γυναῖκα
1359 2594 1435 2661 δὲ
1474 2591 1898 2682 Ἀντιγόνου,
1956 2593 2333 2698 άνατομήν,
2381 2603 2476 2679 εἰς
2522 2607 2807 2667 Παυσα-

645 2755 676 2803 3
714 2741 1058 2817 Ῥωμαϊκούς
1092 2747 1235 2814 vuly.
1275 2741 1558 2814 Ῥωμαϊκά
1595 2752 1774 2812 AEv,
1823 2748 1972 2816 quod
2022 2749 2273 2804 defendit
2318 2751 2631 2805 Gronovius
2669 2747 2804 2805 Ῥω-

505 2828 726 2900 μαϊκῶν
756 2827 1223 2896 Schweiqhaeuser
1251 2825 1342 2893 (cf.
1372 2824 1647 2880 Addenda
1664 2826 1986 2898 Westerm.)
2103 2827 2305 2899 λόγους
2330 2827 2398 2884 θ’
2440 2834 2570 2886 sunt
2606 2833 2806 2888 tamen

503 2909 684 2964 XXIV
725 2905 816 2976 (cf.
859 2907 1018 2962 Phot.
1059 2905 1194 2962 bibl.
1231 2923 1285 2974 p.
1319 2909 1433 2975 15);
1479 2923 1684 2960 novem
1728 2910 1948 2963 tantum
1995 2910 2168 2964 libros
2206 2910 2435 2965 Suidam
2471 2929 2634 2969 nosse
2670 2931 2807 2984 pro·-

501 2989 663 3044 bavit
700 2987 1167 3056 Schweiyhaeuser
1202 2986 1281 3040 111
1317 3005 1371 3056 p.
1409 2992 1512 3042 898

644 3067 924 3122 LXXXIII
961 3065 1041 3121 Cf.
1080 3065 1337 3121 Meineke
1375 3066 1400 3119 I
1438 3086 1489 3137 p
1522 3073 1625 3122 343
1812 3076 1846 3123 4
1885 3069 2234 3126 Cf.01inton
2272 3091 2325 3141 p.
2359 3079 2461 3128 117
2489 3073 2583 3128 Kr.

504 3157 533 3204 7
574 3149 924 3218 παρθενίκαι
960 3151 1005 3196 V
1050 3144 1466 3213 παρθενιδικόν
1503 3154 1558 3200 Μ
1594 3153 1712 3204 ΔΙᾱ.
1771 3151 2140 3220 Παρθενικαί
2171 3153 2359 3208 Daub.
2434 3152 2695 3209 Ceterum
2746 3157 2807 3210 in

503 3228 663 3283 libris
701 3229 759 3281 eb
793 3228 928 3281 vett.
970 3224 1094 3281 edd.
1134 3229 1265 3295 posi:
1296 3223 1532 3298 Ἀραρώς
1567 3229 1901 3299 legebantur
1928 3231 2101 3285 verba
2138 3231 2237 3286 καὶ
2264 3235 2513 3287 κλίνεται
2545 3229 2807 3303 Ἀραρώς,

499 3303 720 3380 Ἄραρῶ,
759 3325 944 3374 ωσπερ
984 3301 1193 3377 άμνῶς,
1229 3303 1410 3381 άμνιό,
1449 3329 1657 3378 τυφως,
1694 3330 1876 3377 τυφω,
1921 3327 2064 3377 quae
2100 3314 2311 3366 temere
2348 3311 2563 3366 delevit
2598 3314 2804 3368 Kaste-

503 3407 626 3458 ναε,
665 3389 872 3460 quippe
912 3405 1054 3458 quae
1092 3389 1166 3442 ad
1194 3389 1441 3458 glossam
1469 3389 1894 3458 grammaticam
1936 3394 2221 3460 speci-,enm
2259 3393 2317 3446 in
2346 3392 2599 3462 margine
2628 3391 2809 3448 habet

503 3477 577 3538 Δ,
617 3470 716 3526 sed
751 3471 810 3526 in
845 3471 1006 3524 textu
1041 3469 1214 3524 verba
1249 3469 1349 3524 καὶ
1385 3473 1633 3524 κλίνεται
1667 3465 1859 3540 άραρω

649 3549 933 3605 LXXXIV
961 3549 1112 3604 Eud.
1134 3567 1187 3618 p.
1213 3555 1314 3604 1Οὸ
1413 3556 1446 3604 8
1469 3547 1670 3603 ἔστι-
1694 3545 1865 3603 Σόλοι
1894 3566 2002 3605 om.
2023 3552 2174 3608 Eud.
2258 3558 2291 3605 9
2319 3548 2543 3622 ἀδελφὴ
2567 3560 2611 3607 V
2638 3549 2806 3609 ἀδελ-

506 3633 699 3700 φοί-
722 3626 1105 3699 Ἀθηνόδωρος
1137 3647 1244 3684 om.
1264 3619 1414 3684 Eud.
1493 3635 1561 3682 10
1581 3632 1706 3684 Κα.
1762 3647 1922 3685 ,cum
1952 3630 2215 3686 lacunaA
2290 3639 2355 3686 12
2384 3649 2487 3703 pro
2511 3633 2693 3688 verbis
2709 3653 2805 3702 γε·

504 3709 770 3782 γονώς-
795 3707 1115 3778 ἐτελεύτησε
1147 3710 1297 3764 Eud.
1330 3708 1558 3764 exhibet
1587 3704 1680 3763 ἐπὶ
1706 3705 2044 3779 Ἀντιγόνου,
2081 3710 2349 3785 βασιλέως
2375 3715 2745 3774 Μακεδονίας

509 3799 573 3847 13
607 3787 926 3860 Ἀντίγωνος
944 3795 990 3842 Δ
1094 3795 1161 3843 14
1184 3789 1443 3851 Γονατᾶς
1467 3794 1634 3842 Anu
1656 3791 1926 3852 Γωνατᾶς
1942 3792 2088 3860 vuly.
2192 3799 2256 3846 17
2280 3785 2359 3846 ὦν
2378 3791 2701 3862 θαυμάσιος
2731 3825 2802 3834 —

496 3868 791 3942 Ὁμηρικός
819 3887 925 3924 om.
957 3869 1109 3925 Eud.
1221 3875 1286 3923 19
1325 3865 1599 3924 σύνθεσιν
1628 3865 1945 3940 φαρμάκων
1974 3872 2273 3940 θηριακῶν
2305 3868 2631 3940 ἐπιτηδείαν
2652 3875 2802 3943 tuly.

504 3955 641 4009 vett.
655 3951 778 4006 edd.
789 3949 1090 4018 θηριακῶν
1110 3944 1403 4016 ἐπιτήδεια
1415 3966 1481 4004 ex
1491 3949 1708 4005 duobus
1718 3950 1843 4008 Par.
1860 3951 2147 4019 KusteruS,
2162 3953 2510 4024 Bernhardy,
2524 3954 2802 4009 Westerm.

507 4033 676 4103 ἰατρῷ
710 4028 1040 4098 ἐπιτηδείαν
1059 4030 1210 4086 Eud.
1242 4029 1510 4101 ἰατρικῶν
1542 4026 1629 4087 ἐπ.
1654 4035 1865 4088 Μᾱῖῑεν
1886 4033 1944 4087 in
1964 4032 2184 4087 ReineS.
2212 4051 2267 4102 p.
2290 4039 2358 4086 32
2386 4033 2647 4105 θηριακῷ
2681 4030 2803 4088 ἐπι-

503 4115 743 4182 τηδείων
762 4111 974 4165 Bekker
993 4108 1309 4180 φαρμάκων
1326 4114 1642 4181 θηριακῶν,
1674 4109 1972 4182 ἐπικήδεια
1994 4113 2332 4181 Gutschmid,
2362 4114 2459 4180 qui
2478 4113 2648 4167 etiam
2669 4118 2805 4182 post

506 4186 904 4260 ἐπιγράμματα
925 4188 1277 4261 interpungit
1349 4198 1417 4246 20
1439 4187 1775 4248 ἐπνθυτικόν
1797 4193 1943 4260 libri,
1970 4192 2124 4247 cuius
2146 4193 2324 4248 vicem
2341 4189 2626 4247 Σκυτικόν
2646 4196 2802 4264 apud

508 4270 806 4339 scriptores
836 4269 935 4325 vit.
965 4271 1121 4324 Atat.
1149 4271 1374 4339 legitur,
1396 4269 1477 4326 ἔτι
1499 4269 1747 4327 Θυτικόν
1766 4274 2099 4342 Bernhardy
2120 4273 2245 4328 coll.
2268 4273 2453 4326 Psello
2474 4272 2533 4326 in
2552 4273 2800 4328 Boisson.

506 4349 715 4404 Anecd.
744 4348 823 4401 III
850 4367 905 4418 p.
935 4354 1040 4402 210
1138 4355 1206 4404 22
1236 4345 1523 4416 άνατολὴν
1552 4367 1620 4404 ex
1646 4352 1745 4406 vin.
1773 4350 1926 4406 Atat.
1948 4358 2024 4422 (p.
2046 4358 2133 4421 56,
2158 4353 2247 4421 11)
2276 4367 2416 4406 corr.
2443 4352 2693 4408 Meineke
