3025 4892
440 274 446 280 .
509 223 590 286 16
1428 224 1855 280 HESYCHIUS.

681 384 849 451 LIX.
920 380 1378 470 Ἀντίμαχος
1440 385 1683 472 ἕτερος,
1730 382 2189 470 Ἡλιοπολίτης
2246 371 2361 452 ἀπ’
2422 386 2811 473 Αἰγύπτου,

499 485 578 568 ὃς
622 493 869 576 ἔγραψε
914 496 1356 577 κοσμοποιίαν
1403 494 1478 560 ἐν
1526 496 1749 560 ἔπεσιν
1796 490 2115 579 ἡρωικοῖς
2150 491 2281 578 γψ’.

674 599 804 666 LX.
882 594 1388 686 Ἀντίπατρος
1435 595 1729 684 Ἰολάου,
1796 599 2051 679 πόλεως
2107 598 2183 666 δὲ
2236 603 2630 687 Παλιούρας
2686 606 2813 687 τῆς

497 707 950 788 Μακεδονίας,
997 701 1364 791 στρατηγὸς
1413 710 1774 790 Φιλίππου,
1822 703 1962 774 εἶτα
2004 704 2468 792 Ἀλεξάνδρου,
2504 708 2614 774 καὶ
2656 707 2811 775 διά-

440 827 465 866 5
496 813 693 897 δοχος
719 815 1081 895 βασιλείας,
1119 809 1426 897 μαθητὴς
1459 807 1968 899 Ἀριστοτέλους.
2035 811 2383 881 κατέλιπεν
2422 813 2809 882 ἐπιστολῶν

494 915 892 1004 σύγγραμμα
947 919 1020 985 ἐν
1077 922 1363 1002 βιβλίοις
1416 922 1605 1004 δυσί,
1671 918 1783 985 καὶ
1840 921 2174 1004 ἱστορίαν,
2237 917 2355 998 τὰς
2410 924 2809 1006 Περδίκκου

367 1083 380 1098 ,
492 1025 758 1112 πράξεις
807 1021 1190 1110 Ἰλλυρικάς.
1278 1025 1389 1091 καὶ
1446 1023 1883 1113 ἐπετρόπευσε
1937 1023 2061 1111 μὲν
2114 1024 2239 1092 τὸν
2292 1024 2449 1093 υἱὸν
2490 1025 2805 1108 Ἀλεξάν-

493 1133 664 1217 δρου
707 1129 830 1196 τὸν
867 1126 1191 1215 “Ηρακλεά
1247 1131 1614 1217 κληθέντα,
1668 1129 1877 1216 μόνος
1936 1128 2010 1197 δὲ
2053 1133 2189 1197 τῶν
2236 1132 2574 1219 διαδόχων
2620 1133 2809 1202 θεὸν

492 1238 762 1304 καλέσαι
805 1233 1245 1323 Ἀλέξανδρον
1295 1233 1417 1322 οὐχ
1463 1239 1705 1322 εἵλετο,
1761 1235 1995 1322 ἀσεβὲς
2046 1240 2246 1304 τοῦτο
2291 1245 2543 1324 κρίνας.
2633 1244 2809 1327 ἐβίω

414 1359 466 1398 1⁰
495 1340 568 1407 δὲ
615 1346 726 1428 ἔτη
775 1343 907 1428 οθ’,
953 1343 1063 1409 καὶ
1109 1344 1454 1411 κατέλιπεν
1501 1344 1654 1411 υἱὸν
1701 1345 1811 1411 καὶ
1858 1343 2177 1431 διάδοχον
2214 1343 2628 1434 Κάσανδρον
2670 1346 2809 1416 τὸν

490 1447 614 1534 τὴν
662 1450 909 1536 μητέρα
950 1447 1390 1539 Ἀλεξάνδρου
1437 1448 1766 1519 ἀνελόντα
1805 1447 2231 1538 Ὀλυμπιάδα.

668 1558 832 1623 LXI.
899 1552 1410 1644 Ἀντισθένης
1451 1555 1841 1643 Ἀθηναῖος,
1888 1556 2018 1626 άπὸ
2066 1557 2374 1647 ῥητόρων
2420 1561 2812 1648 φιλόσοφος

494 1660 923 1748 Σωκρατικός
942 1711 960 1746 ,
1008 1659 1191 1742 ὅστις
1246 1662 1775 1752 Περιπατητικὸς
1822 1663 2071 1752 ἐκλήθη
2115 1669 2414 1752 πρῶτον,
2463 1663 2601 1733 εἶτα
2644 1667 2808 1735 ε’κύ-

492 1789 714 1853 νισεν,
773 1766 924 1848 υίὸς
980 1767 1054 1835 δὲ
1111 1764 1208 1836 ὢν
1265 1766 1631 1856 ὁμωνύμου
1684 1769 1967 1858 πατρός,
2028 1769 2275 1858 μητρὸς
2330 1770 2403 1838 δὲ
2463 1771 2535 1840 τὸ
2596 1776 2807 1860 γένος

415 1892 464 1931 15
493 1875 818 1967 Θρᾴσσης.
911 1866 1107 1953 οὗτος
1163 1877 1541 1963 συνέγραψε
1596 1876 1842 1964 τόμους
1898 1879 2093 1962 δέκα,
2145 1881 2413 1964 πρῶτον
2473 1879 2803 1965 μαγικόν·

491 1980 846 2069 άφηγεῖται
913 1980 988 2049 δὲ
1025 1984 1192 2070 ,περὶ
1241 1981 1691 2071 Ζωροάστρου
1747 1981 1932 2064 τινὸς
1997 1982 2217 2070 μάγου
2281 1981 2599 2072 εὑρόντος
2660 1985 2801 2073 τὴν

493 2095 761 2176 σοφίαν.
858 2092 1054 2158 τοῦτο
1127 2090 1206 2156 δέ
1267 2115 1443 2168 τινες
1500 2087 1961 2176 Ἀριστοτέλει,
2028 2095 2099 2157 οἱ
2163 2089 2239 2158 δὲ
2297 2087 2577 2159 Ῥόδωνι
2632 2089 2807 2159 ἀνα-

492 2198 818 2264 τιθέασιν.
893 2188 1090 2276 οὖτος
1133 2187 1260 2265 οὖν
1306 2197 1417 2264 καὶ
1463 2199 1581 2282 τῆς
1623 2199 1902 2282 κυνικῆς
1945 2195 2309 2284 κατήρξατο
2360 2205 2801 2286 φιλοσοφίας,

491 2301 635 2390 ἥτις
682 2301 894 2384 οὕτως
938 2305 1188 2392 ἐκλήθη
1236 2302 1348 2371 διὰ
1393 2301 1467 2371 τὸ
1509 2305 1586 2370 ἐν
1625 2302 2053 2389 Κυνοσάργει
2090 2308 2179 2394 τῷ
2220 2310 2567 2396 γυμνασίῳ
2607 2308 2803 2373 διδά-

416 2425 468 2464 20
497 2411 600 2490 ξαι
657 2408 882 2479 αὐτόν.
971 2411 1082 2478 καὶ
1131 2410 1507 2495 Διογένους
1565 2408 1639 2476 δὲ
1684 2408 2070 2496 καθηγητὴς
2114 2411 2349 2496 γέγονε
2394 2416 2515 2479 τοῦ
2563 2412 2803 2492 Κυνὸς

491 2517 601 2584 καὶ
648 2520 784 2585 τῶν
828 2522 1098 2585 λοιπῶν.

671 2625 870 2691 LXII.
940 2621 1410 2710 Ἀντιφάνης
1468 2620 1825 2711 Ἀθηναῖος
1886 2624 2205 2711 κωμικός,
2279 2625 2603 2715 νεώτερος
2665 2631 2797 2695 τοῦ

634 2847 758 2899 LIX
801 2848 951 2903 Eud.
989 2865 1043 2916 p.
1086 2851 1187 2900 103
1363 2852 1390 2898 1
1423 2840 1781 2914 εΗλοπολίτης
1816 2852 1862 2901 A
2031 2853 2066 2900 2
2111 2845 2206 2917 φιβ’
2248 2866 2355 2903 om.
2394 2849 2545 2904 Eud.
2586 2869 2799 2920 τρισχι-

492 2928 632 2989 λίοις
669 2922 1023 2988 ἑπτακοσίοις
1057 2932 1106 2978 A
1141 2926 1199 2980 et
1237 2930 1766 2980 Vatiom.1’oarnoni
1804 2925 1962 2981 ἔπεσι
1996 2933 2311 2995 ποιητικοῖς
2345 2934 2389 2981 Ε

636 3006 733 3059 LX
770 3007 921 3061 Eud.
960 3025 1014 3076 p.
1053 3011 1138 3063 85.
1215 3005 1294 3061 Cf.
1333 3007 1539 3060 Mffller
1573 3004 1626 3060 II
1662 3024 1717 3075 p.
1757 3013 1861 3060 338
2007 3013 2039 3059 3
2073 3001 2279 3062 Ἰόλλου
2317 3009 2458 3064 coni.
2501 3011 2715 3065 Mu'ller

494 3075 875 3155 Παλαιοτρίου
915 3086 1039 3141 coll.
1079 3087 1220 3141 Plin.
1261 3087 1754 3154 hist.na1-‚.1V‚3·z
1784 3086 1875 3141 vel
1910 3086 2099 3155 potius
2129 3089 2444 3150 Ποτιδαίας
2480 3090 2545 3142 ut
2579 3091 2639 3143 et
2663 3090 2795 3144 Ion-

489 3168 602 3222 sius
649 3168 777 3221 hist.
825 3167 962 3237 phil.
1001 3185 1055 3236 p.
1096 3173 1189 3235 70,
1236 3184 1362 3222 cum
1408 3166 1669 3221 Reinesio
1707 3165 1912 3220 Mfiller
1954 3165 2053 3220 sed
2097 3166 2479 3222 Palaeotrium
2525 3167 2792 3222 vifiosam

493 3247 643 3317 apud
672 3247 916 3300 Plinium
953 3245 1252 3301 lectionem
1291 3263 1405 3301 esse
1435 3247 1853 3316 (Palaehorium
1880 3246 2073 3314 Ianus,
2102 3244 2417 3315 Detlefsen‚
2459 3247 2794 3303 Palehorum

491 3327 730 3396 (codices
767 3345 803 3381 a
841 3326 1062 3397 Siuigio
1100 3326 1448 3396 perlustrati)
1485 3324 1928 3394 Potidaeamque
1973 3326 2163 3381 futtile
2208 3329 2497 3383 inventum
2542 3344 2662 3382 esse
2702 3346 2795 3382 me

492 3407 685 3462 docuit
721 3406 1068 3473 Gutschmid,
1115 3406 1212 3476 qui
1253 3405 1322 3460 de
1360 3405 1567 3476 oppido
1606 3421 1641 3458 a
1675 3405 1855 3459 Plinio
1893 3405 1949 3458 in
1988 3408 2179 3460 monte
2217 3407 2438 3461 Athone
2475 3411 2790 3463 memorabo

490 3486 582 3540 hio
619 3486 714 3556 agi
750 3504 1078 3556 persuasum
1114 3487 1288 3541 habet
1395 3492 1429 3539 4
1467 3503 1650 3554 στρατ.
1693 3487 1805 3538 Φιλ.
1845 3483 1943 3538 καὶ
1980 3480 2249 3554 διάδοχος
2275 3486 2447 3553 Eud„
2485 3504 2628 3557 quae
2657 3491 2793 3556 post

485 3553 882 3635 Ἀριστοτέλους
935 3567 1124 3636 pergit
1179 3564 1428 3635 ἔγραψεν
1491 3561 1740 3631 ἱστορίαν
1804 3565 1902 3618 καὶ
1957 3561 2291 3634 σύγγραμμα
2357 3561 2662 3620 ἐπιστολῶν
2726 3563 2795 3621 ἐν

493 3648 725 3720 βιβλίοις
773 3649 949 3702 εἴκοσι
995 3646 1094 3701 rel.
1142 3646 1373 3701 omissis.
1449 3645 1531 3698 Of.
1571 3645 1787 3699 UnterS.
1833 3662 1887 3712 p.
1927 3651 1997 3698 44
2035 3647 2094 3700 et
2132 3643 2320 3715 Daub,
2368 3646 2436 3700 de
2475 3645 2619 3700 Viol.
2659 3665 2713 3716 p.
2760 3654 2791 3700 ’1

493 3733 522 3781 ’1
561 3723 779 3796 πράξας
815 3731 861 3780 A
934 3727 1031 3781 καὶ
1069 3721 1446 3795 ἐπετρόπευσε
1487 3741 1601 3792 seq.
1641 3723 1877 3778 fortasse
1913 3725 2191 3793 posterius
2227 3725 2423 3779 addita.
2550 3733 2582 3780 8
2621 3721 2793 3794 Ηρα·

492 3805 688 3869 κλέους
725 3812 788 3863 A.
861 3806 1204 3876 Hesychium
1242 3806 1512 3861 memoria.
1540 3803 1741 3858 falsum
1772 3820 1888 3858 esse
1916 3806 2083 3873 putat
2112 3805 2461 3872 Gutschmid‚
2502 3821 2627 3859 eum
2656 3804 2792 3860 Ale-

491 3887 691 3941 xandri
726 3887 943 3954 fratria,
981 3886 1230 3957 Philippi
1266 3885 1561 3954 Arhidaei,
1602 3877 1905 3951 ἐπίτροπος
1934 3883 2103 3939 fuerit

632 3967 756 4020 LXI
793 3966 873 4021 cf.
913 3966 1074 4036 Diog.
1112 3967 1207 4035 VI,
1249 3972 1277 4019 1
1317 3983 1430 4034 seq.
1619 3970 1681 4018 13
1719 3961 2096 4033 Σωκρατηκός
2132 3971 2178 4020 A
2363 3972 2427 4020 14
2476 3961 2685 4036 μητρὸς
2720 3966 2791 4021 δὲ

489 4064 596 4101 οιιι.
637 4052 683 4101 A
835 4053 898 4101 17
928 4041 1124 4118 Ῥοδίῳ
1161 4047 1303 4101 coni.
1333 4045 1696 4114 Bernhardy,
1733 4043 1859 4098 coll.
1899 4043 2061 4113 Diog.
2100 4046 2205 4112 VI,
2247 4053 2311 4101 19
2344 4041 2553 4100 Ῥόδων
2588 4051 2634 4098 A

490 4132 558 4180 20
599 4123 867 4197 Διόγενες
892 4130 989 4179 AB
1028 4144 1174 4182 man.
1205 4129 1244 4183 I.
1300 4125 1490 4182 Verba
1526 4125 1788 4194 corrupta
1825 4123 1904 4177 sic
1944 4139 2139 4180 sanare
2174 4127 2419 4182 tentavit
2454 4127 2793 4199 Bernhardy

490 4206 586 4259 καὶ
625 4207 898 4277 Διογένης
933 4205 998 4261 δὲ
1037 4202 1300 4278 μαθητὴς
1332 4206 1534 4278 γέγονε
1572 4206 1673 4262 τοῦ
1701 4201 1890 4266 Κυνὸς
1926 4204 2024 4257 καὶ
2060 4207 2172 4260 τῶν
2214 4209 2425 4262 λοιπῶν
2455 4207 2790 4276 (στωικῶνῖ)

493 4284 687 4353 Ζήνων
831 4295 896 4342 21
944 4287 1212 4344 nonnulla
1247 4287 1376 4342 add.
1416 4288 1619 4342 Suidae
1658 4302 1727 4340 ex
1771 4283 1965 4338 Iulian.
2006 4300 2081 4338 or.
2121 4287 2193 4338 IV
2236 4306 2291 4355 p.
2335 4293 2433 4341 181
2476 4288 2791 4358 compilata

634 4367 782 4418 LXII
821 4369 969 4423 Eud.
1000 4387 1053 4436 p.
1088 4374 1187 4421 104
1217 4369 1396 4421 totam
1425 4367 1599 4421 vitam
1631 4385 1738 4421 om.
1771 4367 2046 4421 Westerm.
2095 4364 2289 4420 Scatet
2318 4368 2587 4421 articulus
2618 4367 2790 4438 vitiis,
