3025 4892
1135 176 1567 233 HESYCHIUS.
2409 178 2491 244 87

369 336 810 404 CCCXXVII.
858 335 1210 422 Ἡρώδης
1241 332 1521 417 Ἰούλιος
1555 344 1981 425 χρηματίσας,
2016 339 2165 419 υίὸς
2198 338 2493 409 Ἀττικοῦ

177 446 300 510 τοῦ
331 442 810 530 Πλουτάρχου,
839 445 1031 529 γένος
1053 445 1399 530 Αἰακίδης,
1422 440 1801 530 Ἀθηναῖος,
1831 447 1965 511 τῶν
1997 446 2231 533 δήμων
2258 454 2489 533 Μαρα-

174 546 482 637 θώνιος,
528 549 878 636 σοφιστής,
929 549 1252 629 πλούσιος
1289 552 1358 618 ἐκ
1396 555 1753 638 θησαυροῦ
1790 550 2154 638 γενόμενος
2200 553 2491 642 σφόδρα,

174 652 350 729 ὥστε
391 656 510 725 καὶ
547 655 824 725 στάδιον
863 656 1390 726 κατεσκευάσατο
1425 656 1813 745 Ἀθηναίοις
1844 658 1959 725 καὶ
1990 660 2281 747 θέατρον
2310 658 2489 728 ὑπω-

174 762 467 850 ρόφιον.
535 755 693 851 ἦρξε
738 767 854 850 τῆς
895 761 1115 843 Ἀσίας
1161 761 1198 833 ὁ
1241 762 1449 833 αὐτοῦ
1488 764 1725 851 πατήρ,
1772 765 1881 833 καὶ
1920 778 2061 844 τοῖς
2098 764 2488 845 δισυπάτοις
2515 792 2541 831 5

173 872 705 959 συγκατελέχθη.
804 864 890 957 ἦν
957 871 1032 939 δὲ
1097 872 1210 939 ἐπί
1263 897 1332 939 τε
1398 874 1736 959 Τραϊανοῦ
1801 872 1911 941 καὶ
1966 869 2321 960 Ἀδριανοῦ
2377 874 2488 941 καὶ

175 977 484 1061 Μάρκου
523 975 932 1045 Ἀντωνίνου
987 980 1124 1046 τῶν
1173 974 1720 1067 αὐτοκρατόρων,
1778 978 2125 1065 διδαχθεὶς
2171 976 2302 1048 ὑπὸ
2355 987 2487 1048 Φα·

171 1090 458 1175 βωρίυῳ
501 1085 614 1153 καὶ
664 1085 1050 1172 Πολέμωνι,
1104 1085 1217 1153 καὶ
1267 1090 1557 1171 ἔγραψεν
1604 1086 2041 1172 ἐφημερίδας,
2090 1084 2485 1175 σύγγραμμα

175 1192 580 1278 πολυμαθὲς
613 1192 724 1261 καὶ
763 1192 1114 1271 ἐπιστολὰς
1147 1191 1258 1260 καὶ
1295 1191 1543 1277 λόγους
1581 1189 2076 1279 αὐτοσχεδίους,
2114 1184 2211 1261 ὦν
2239 1196 2487 1282 μέμνη-

175 1325 284 1365 ται
342 1298 802 1387 Φιλόστρατος
858 1300 932 1367 έν
987 1312 1124 1379 τοῖς
1167 1303 1343 1384 βίοις
1387 1301 1525 1365 τῶν
1571 1301 1931 1384 σοφιστῶν.
2024 1301 2361 1381 διεδέξατο
2411 1301 2484 1369 δὲ
2516 1326 2565 1365 ιο

177 1402 404 1473 αὐτοῦ
458 1402 586 1492 τὴν
641 1404 888 1493 σχολὴν
930 1402 1279 1493 Ἀδριανὸς
1332 1401 1367 1472 ὃ
1431 1403 1769 1491 σοφιστής.
1860 1404 2233 1493 σύγχρονος
2280 1406 2353 1474 δὲ
2400 1399 2487 1493 ἦν

167 1508 484 1599 Ἡρώδης
515 1511 882 1601 Ἀριστείδῃ
929 1516 1020 1605 τῷ
1069 1515 1373 1599 σοφιστῇ.
1447 1514 1767 1599 φέρονται
1806 1510 1880 1579 δὲ
1918 1509 2127 1580 αὐτοῦ
2166 1512 2275 1580 καὶ
2312 1511 2485 1582 ἄλλα

178 1627 482 1705 πλεῖστα,
534 1622 607 1688 έν
655 1614 756 1700 οἷς
789 1616 864 1688 τὸ
903 1617 1321 1707 μεγαλοφυὲς
1354 1619 1466 1687 καὶ
1503 1616 1799 1701 ὑψίνουν
1839 1623 2037 1687 τοῦδε
2076 1622 2198 1687 τοῦ
2236 1618 2486 1707 ἀνδρὸς

175 1742 610 1796 κατανοεῖται
655 1728 768 1796 καὶ
816 1732 1289 1795 διαδείκνυται.
1371 1728 1669 1815 [τελευτᾷ
1718 1724 1791 1793 δὲ
1827 1722 2000 1814 ἀμφὶ
2037 1725 2115 1793 τὰ
2156 1726 2219 1809 ς’
2258 1728 2368 1794 καὶ
2417 1726 2482 1795 ο’

179 1839 329 1921 ἔτη,
385 1834 710 1922 ξυντακὴς
754 1833 1158 1921 γενόμενος]
2515 1862 2565 1899 15

367 1944 834 2011 CCCXXVIII.
895 1938 982 2007 ‘H
999 1967 1037 2025 ρ
1061 1967 1113 2007 ω
1138 1944 1179 2007 δ
1199 1966 1222 2005 ι
1243 1964 1345 2005 αν
1367 1938 1402 2006 ό
1425 1966 1457 2018 ς
1497 1938 1963 2024 Ἀλεξανδρεὺς
2013 1940 2485 2027 γραμματικός,

179 2047 332 2129 υίὸς
377 2049 827 2119 Ἀπολλωνίου
873 2051 993 2116 τοῦ
1039 2050 1497 2134 γραμματικοῦ
1544 2050 1665 2113 τοῦ
1690 2048 2184 2142 ,ἐπικληθέντος
2222 2049 2483 2116 Δυσκό-

183 2162 326 2227 λου.
403 2158 640 2244 γέγονε
675 2155 849 2225 ,κατὰ
896 2153 1016 2223 τὸν
1054 2159 1366 2242 Καίσαρα
1410 2152 1816 2222 Ἀντωνΐνον
1859 2152 1981 2222 τὸν
2022 2154 2131 2221 καὶ
2170 2153 2481 2241 Μάρκον,

183 2258 274 2341 ὥς
321 2263 658 2350 νεώτερον
703 2260 878 2331 εἶναι
922 2261 1034 2329 καὶ
1074 2265 1454 2329 Διονυσίου
1487 2263 1612 2328 τοῦ
1648 2259 1771 2347 τὴν
1809 2259 2139 2347 μουσικὴν
2178 2264 2481 2346 ἱστορίαν

185 2369 575 2456 γράψαντος
617 2370 728 2437 καὶ
784 2373 1087 2449 Φίλωνος
1131 2372 1255 2436 τοῦ
1301 2374 1620 2454 Βυβλιόυ.
1712 2374 1957 2456 ἔγραψε
2001 2368 2232 2436 πολλά.
2510 2394 2561 2433 20

367 2477 762 2546 GOOXXIX.
819 2473 918 2541 “H
926 2503 965 2564 ρ
991 2502 1106 2543 ων
1163 2473 1428 2555 Κότυος
1481 2471 1870 2561 Ἀθηναῖος,
1926 2474 2181 2563 ῥήτωρ,
2235 2471 2352 2555 τὰς
2407 2476 2479 2541 έν

180 2578 502 2669 Ἀθήναις
549 2587 736 2662 δίκας
782 2580 1153 2670 γεγραφώς,
1199 2578 1339 2649 εἶτα
1383 2579 1697 2667 ἐξήγησιν
1738 2579 2143 2668 Δεινάρχου,
2181 2577 2481 2667 ὑπομνή-

183 2715 358 2772 ματα
423 2694 518 2769 είς
570 2686 974 2777 Ἡρόδοτον,
1043 2690 1480 2774 Ξενοφῶντα,
1544 2690 2008 2773 Θουκυδίδην,
2072 2688 2479 2774 κεκριμένων

331 2956 672 3011 CCCXXVII
719 2954 800 3012 Cf.
830 2957 937 3010 Ins.
970 2956 1032 3009 A.
1065 2954 1159 3023 ΙΙΙ,
1189 2959 1291 3009 667
1323 2970 1436 3023 seq.
1576 2960 1607 3007 2
1638 2950 1943 3024 Ἱππάρχου
1982 2954 2129 3008 filius
2167 2956 2255 3009 θεὲ
2290 2954 2478 3010 Philo·

189 3038 346 3092 strat.
383 3036 498 3093 vit.
537 3036 616 3106 Π,
647 3043 675 3090 1
717 3031 1082 3104 Πλουτάρχου
1121 3034 1322 3089 vitiose
1362 3033 1490 3088 libri
1598 3029 1700 3088 τὸν
1736 3034 1917 3104 δῆμον
1953 3036 2096 3104 vulq.
2134 3035 2247 3088 τῶν
2284 3032 2479 3106 δήμων

187 3119 338 3169 nv
439 3124 472 3171 4
509 3115 592 3171 De
631 3115 814 3171 stadio
853 3116 922 3171 ef.
962 3116 1197 3169 Paueen.
1240 3114 1290 3183 1·,
1333 3120 1397 3168 19
1500 3120 1533 3167 5
1572 3111 1635 3168 δὲ
1674 3116 1802 3183 pose
1839 3105 1971 3182 ἦρξε
2012 3114 2204 3169 deesse
2241 3115 2479 3169 miratur

187 3195 520 3267 Bernhardy
627 3204 660 3252 8
691 3196 1082 3265 Scopelianum
1111 3193 1444 3264 magistrum
1475 3192 1603 3249 add.
1636 3192 2012 3249 Philosfiratus
2120 3201 2151 3249 9
2184 3194 2369 3249 verbis
2398 3185 2477 3249 ὧν

189 3273 466 3347 μέμνηται
514 3294 625 3345 seq.
687 3277 866 3333 alludi
921 3276 994 3331 ad
1041 3274 1302 3329 philostr.
1341 3273 1376 3327 1.
1419 3291 1463 3328 c.
1502 3292 1557 3343 p.
1598 3280 1701 3328 244
1740 3273 1905 3345 Kay3.
1946 3274 2063 3329 dixi
2108 3275 2248 3329 Mus.
2298 3274 2475 3328 Rhen.

189 3355 393 3410 XXXV
413 3376 466 3427 p.
493 3363 611 3413 197.
647 3359 783 3411 Pars
803 3373 1021 3426 quoque
1053 3354 1347 3410 verborum
1374 3352 1474 3409 καὶ
1503 3351 1753 3423 ἔγραψεν
1771 3386 1837 3394 --
1856 3349 2253 3424 αὐτοσχεδίους
2282 3354 2477 3409 eodem

192 3435 256 3489 de
295 3437 453 3493 fonte
491 3435 780 3491 descendit
815 3436 904 3504 (cf.
943 3455 998 3505 p.
1039 3442 1160 3505 244,
1194 3441 1258 3489 13
1289 3437 1444 3504 seq.).
1503 3434 1613 3489 Sed
1650 3434 1823 3489 verba
1859 3432 2153 3498 διεδέξατο
2192 3430 2255 3488 δὲ
2294 3428 2475 3488 αὐτοῦ

197 3546 256 3553 —
295 3513 565 3585 σοφιστής
603 3520 660 3571 et
697 3514 1002 3586 σύγχρονος
1032 3548 1096 3556 -
1127 3516 1363 3587 σοφιστῇ
1395 3514 1739 3584 Hesychium
1778 3531 1945 3583 quam
1983 3512 2222 3567 maxime
2262 3513 2477 3583 decent,

194 3600 531 3667 quapropter
577 3596 818 3666 genuino
867 3596 935 3649 de
984 3597 1106 3651 loco
1156 3595 1308 3650 vitae
1355 3594 1742 3665 Hesychia-nae
1790 3595 1945 3648 mota.
1988 3594 2157 3661 afique
2211 3592 2290 3647 sio
2342 3593 2479 3648 olim

193 3679 468 3734 collocata
514 3676 784 3734 conicias:
835 3674 934 3729 καὶ
980 3675 1278 3746 διδαχθεὶς
1318 3673 1615 3746 Πολέμωνι
1657 3669 1961 3744 σόγχρονος
1997 3663 2067 3743 ἦν
2106 3704 2172 3713 -
2212 3675 2474 3745 σοφιστῇ·

195 3759 482 3825 διεδέξατο
530 3756 594 3812 δὲ
641 3751 820 3811 αὐτοῦ
867 3787 928 3795 —-
979 3752 1262 3824 σοφιστής.
1341 3753 1554 3825 ἔγραψε
1606 3786 1671 3794 -
1718 3748 2131 3823 αὐτοσχεδίους.
2204 3755 2478 3823 φέρονται

195 3836 252 3891 δὲ
294 3870 358 3878 -
399 3840 787 3892 διαδείκνυται
954 3841 1016 3889 12
1067 3836 1147 3892 Of.
1186 3855 1239 3891 v.
1274 3830 1601 3905 Ἀριστείδης
1775 3839 1839 3887 13
1877 3838 2181 3903 θεωρεῖται
2218 3832 2317 3887 καὶ
2355 3854 2474 3889 κατ.

193 3920 330 3987 vuly.
369 3921 542 3987 θεωρ.
579 3914 679 3970 καὶ
715 3933 822 3970 om.
863 3919 1066 3967 ABVE

331 3996 697 4050 CCCXXVIII
733 3996 814 4050 Cf.
849 3992 1201 4058 Ἀπολλώνιος
1235 3992 1621 4067 Ἀλεξανδρεύς
1657 3996 1715 4049 et
1752 3996 2026 4056 Φίλιππος
2063 4012 2190 4062 σοφ.
2256 3995 2475 4065 Proleg.
2508 4054 2527 4072 ἱ
2618 4026 2635 4043 .

195 4092 236 4129 ο.
257 4084 288 4131 2
317 4084 346 4143 5
372 4083 419 4131 3.
477 4076 559 4129 De
587 4076 692 4130 hac
719 4074 840 4129 vita
868 4075 1028 4131 docte
1057 4075 1370 4146 disputavit
1395 4076 1617 4142 Rohde,
1655 4076 1797 4129 Mus,
1827 4075 2005 4133 Rhen.
2024 4074 2258 4129 XXXIV
2287 4093 2339 4145 p.
2370 4079 2476 4128 574

199 4162 258 4211 18
294 4156 392 4212 τὸν
432 4174 538 4212 om.
569 4161 614 4208 A
650 4154 748 4209 καὶ
785 4172 891 4211 om.
921 4160 1015 4207 BE
1053 4171 1181 4210 mox
1210 4160 1292 4214 M.
1353 4153 1452 4211 τὸν
1490 4153 1791 4224 νεώτερον,
1822 4150 1896 4217 ὥς
1934 4152 2083 4209 εἶναι
2119 4152 2393 4225 νεώτερον
2431 4161 2473 4208 E

200 4244 262 4292 20
303 4235 727 4307 συγγράψαντος
761 4238 906 4306 vuly.
945 4233 1272 4307 γράψαντος
1306 4242 1353 4290 Δ
1390 4233 1865 4307 συγγραψαμένου
1897 4241 1940 4288 Ε

335 4316 647 4371 CCCXXIX
685 4316 763 4370 Cf.
803 4316 1007 4371 Mfiller
1042 4315 1120 4370 IV
1155 4335 1208 4386 p.
1249 4324 1353 4373 428
