3025 4892
1162 203 1591 262 HEsYchS.
2438 209 2525 274 55

406 366 695 434 CCVIII.
753 365 1175 454 Διόδωρος
1212 364 1247 435 ὁ
1280 363 1647 456 Οὐαλέριος
1684 369 2085 454 ἐπικληθείς,
2124 368 2523 459 φιλόσοφος,

221 471 534 560 μαθητὴς
588 475 1011 560 Τηλεκλέους,
1043 472 1533 561 Ἀλεξανδρεύς,
1578 473 1729 554 υίὸς
1774 480 2143 556 Πωλίωνος
2181 479 2305 545 τοῦ
2341 486 2527 565 φιλο-

220 580 452 668 σόφου
504 584 628 650 τοῦ
685 580 1072 669 γράψαντος
1123 579 1249 670 τὴν
1292 577 1593 670 Ἀττικὴν
1649 584 1859 668 λέξιν,
1916 580 2211 669 γεγονὼς
2256 584 2360 653 ἐπὶ
2404 590 2527 654 τοῦ

220 693 574 772 Καίσαρος
611 684 987 774 Ἀδριανοῦ.

405 795 625 863 CCIX.
683 795 1104 883 Διόδωρος
1131 794 1537 882 Σικελιώτης
1575 793 1923 879 ἱστορικός.
1990 801 2235 883 ἔγραψε
2272 802 2524 882 βιβλιο-
2558 818 2584 858 t·

218 902 454 988 θήκην
490 903 657 992 (ἔστι
697 901 772 970 δὲ
803 905 1062 989 ἱστορία
1091 899 1420 990 Ῥωμαϊκή
1449 928 1519 970 τε
1546 902 1657 969 καὶ
1686 908 1950 988 ποικίλη
1990 903 2062 971 ἐν
2091 909 2378 990 βιβλίοις
2406 903 2527 994 μ’).

224 1010 468 1095 γε’γονε
519 1008 594 1078 δὲ
641 1011 742 1078 ἐπὶ
791 1014 928 1078 τῶν
973 1009 1240 1099 χρόνων
1295 1007 1691 1096 Αὐγούστου
1738 1015 2081 1096 Καίσαρος
2124 1012 2237 1078 καὶ
2285 1010 2525 1080 ἐπάνω.

402 1118 588 1185 CCX.
654 1122 1002 1204 Διοκλῆς
1036 1114 1394 1203 Ἀθηναῖος
1439 1111 1480 1204 ἢ
1526 1116 1867 1202 Φλιάσιος,
1906 1114 2179 1205 άρχαῖος
2214 1117 2525 1205 κωμικός,

217 1223 598 1312 σύγχρονος
657 1230 1096 1310 Σαννυρίωνι
1153 1225 1264 1292 καὶ
1326 1229 1687 1314 Φιλυλλίῳ.
1777 1223 2079 1312 δράματα
2134 1223 2345 1294 αὐτοῦ
2396 1227 2525 1293 Θά-

215 1339 457 1416 λαττα,
512 1331 868 1416 Μέλιτται,
903 1327 1230 1417 ”Ονειροι,
1287 1329 1574 1417 Βάκχαι,
1630 1331 1925 1416 Θυέστης
1976 1329 2056 1418 β’.
2123 1335 2390 1416 [τοῦτον
2448 1334 2529 1400 δέ
2554 1353 2604 1394 10

216 1457 432 1524 φασιν
481 1434 706 1525 εὑρεῖν
741 1439 852 1506 καὶ
897 1435 1022 1524 τὴν
1071 1439 1144 1506 ἐν
1188 1449 1328 1516 τοῖς
1365 1433 1733 1523 ὀξυβάφοις
1768 1433 2123 1525 ἁρμονίαν,
2176 1440 2250 1505 ἐν
2288 1436 2521 1526 ὀστρα-

215 1549 438 1625 κίνοις
491 1533 784 1630 ἀγγείοις
795 1597 813 1630 ,
878 1542 1045 1632 ἅπερ
1109 1548 1384 1632 ἕκρουεν
1447 1545 1521 1612 ἐν
1569 1547 1883 1634 ξυληφίῳ.
1975 1541 2049 1612 τὸ
2099 1543 2174 1612 δὲ
2218 1545 2523 1614 Θάλαττα

217 1651 486 1739 ἑταίρας
533 1649 748 1738 ὄνομά
795 1653 997 1737 ἐστιν,
1045 1647 1135 1730 ῶς
1177 1647 1534 1736 Ἀθήναιός
1581 1656 1838 1737 φησιν].

401 1759 622 1828 CCXI.
697 1757 1156 1827 Διονυσιάδ
1167 1786 1252 1845 ης
1295 1762 1727 1845 Φυλαρχίδου
1764 1757 2157 1846 Μαλλώτης,
2192 1759 2518 1847 τραγικός.

215 1857 305 1952 ἦν
367 1865 444 1933 δὲ
497 1855 690 1945 οὗτος
735 1869 872 1933 τῶν
917 1868 1036 1953 τῆς
1082 1863 1438 1949 Πλειάδος,
1484 1864 1596 1931 καὶ
1642 1865 2003 1950 γέγραπται
2051 1862 2230 1958 αὐτῷ
2278 1869 2521 1954 μεταξὺ
2551 1889 2601 1928 15

215 1969 449 2039 ἄλλων
485 1973 595 2039 καὶ
634 1975 1061 2060 Χαρακτῆρες
1095 1967 1137 2058 ἢ
1174 1971 1689 2062 Φιλοκωμῳδός,
1730 1973 1801 2039 ἐν
1840 1963 1891 2063 ᾧ
1920 1973 2078 2054 τοὺς
2106 1977 2522 2064 χαρακτῆρας

215 2075 617 2166 ἀπαγγέλλει
665 2082 800 2147 τῶν
845 2083 1163 2166 ποιητῶν.

396 2186 654 2254 CCXII.
729 2184 1171 2264 Διονύσιος
1197 2179 1781 2272 Ἁλικαρνασσεύς,
1829 2183 2129 2271 γεγονώς
2173 2189 2277 2255 ἐπὶ
2310 2185 2521 2277 Ἀδρι-

214 2295 390 2360 ανοῦ
439 2296 812 2381 Καίσαρος,
863 2291 1214 2378 σοφιστής,
1263 2288 1387 2378 <ὁ>
1432 2292 1544 2358 καὶ
1582 2289 1934 2371 Μουσικὸς
1976 2295 2252 2379 κληθεὶς
2300 2293 2410 2363 διὰ
2442 2294 2517 2364 τὸ

212 2407 530 2467 πλεῖστον
578 2397 956 2487 άσκηθῆναι
1013 2397 1094 2469 τὰ
1148 2401 1264 2486 τῆς
1319 2400 1659 2486 μουσικῆς.
1743 2403 1988 2487 ἔγραψε
2042 2399 2116 2468 δὲ
2164 2404 2518 2489 ῥυθμικῶν
2547 2422 2601 2462 2⁰

211 2504 718 2596 ὑπομνημάτων
755 2513 983 2594 βιβλία
1016 2508 1149 2594 κδ’,
1188 2509 1511 2593 μουσικῆς
1556 2509 1850 2594 ἱστορίας
1890 2512 2115 2592 βιβλία
2152 2507 2259 2586 λς’
2300 2509 2405 2596 (ἐν
2444 2510 2518 2579 δὲ

211 2613 481 2693 τούτοις
533 2611 841 2701 αὐλητῶν
887 2614 999 2681 καὶ
1053 2616 1460 2704 κιθαρῳδῶν
1516 2614 1627 2680 καὶ
1681 2617 1978 2701 ποιητῶν
2024 2621 2363 2683 παντοίων
2410 2617 2517 2703 με’-

213 2723 525 2810 μνηται),
599 2724 922 2809 μουσικῆς
982 2724 1288 2800 παιδείας
1349 2716 1389 2806 ἢ
1453 2723 1821 2808 διατριβῶν
1884 2727 2110 2807 βιβλία
2167 2724 2298 2808 κβ’,
2365 2729 2518 2791 τίνα

217 2833 560 2916 μουσικῶς
606 2838 859 2916 εἴρηται
907 2830 982 2896 ἐν
1025 2832 1106 2917 τῇ
1154 2827 1524 2907 Πλάτωνος
1568 2833 1899 2917 πολιτεία,
1943 2834 2171 2915 βιβλία
2218 2827 2293 2896 ε’.

399 2937 683 3005 CCXIII.
766 2934 1206 3014 Διονύσιος
1255 2931 1755 3019 Ἀλεξανδρεύς,
1823 2934 2005 3022 Θρᾷξ
2063 2933 2137 3001 δὲ
2201 2931 2330 3003 άπὸ
2392 2941 2514 3003 τοῦ
2546 2958 2594 2998 25

361 3090 582 3146 CCVIII
618 3091 770 3144 Eud.
809 3105 862 3157 p.
901 3093 1006 3142 235
1151 3093 1184 3140 2
1217 3082 1375 3151 meg.
1415 3102 1524 3141 om.
1572 3087 1631 3138 et
1674 3085 1807 3154 post
1851 3080 2170 3152 φιλοσόφου
2219 3086 2345 3140 add.
2380 3082 2515 3142 Ἀλε-

219 3169 510 3237 ξανδρέως
546 3171 698 3225 Eud.
845 3175 878 3223 3
915 3164 1250 3238 γεγονότοςῖ
1287 3166 1358 3220 cf.
1395 3185 1448 3220 v.
1488 3166 1742 3219 Πωλίων.

367 3250 534 3306 CCIX
569 3252 721 3306 Eud.
759 3269 812 3320 p.
853 3255 956 3304 222
1102 3255 1133 3303 5
1175 3243 1547 3321 βιβλιοθήκην
1597 3241 1692 3299 ἐπὶ
1727 3238 1862 3313 Αὖγ.
1900 3246 2064 3301 Καίσ.
2112 3245 2342 3314 reliquis
2388 3265 2515 3316 om„

225 3348 371 3399 quae
409 3333 542 3398 post
578 3331 810 3403 βιβλίοις
848 3325 902 3397 μ’
941 3331 1271 3399 sequuntur,
1310 3328 1464 3384 Eud.

361 3412 503 3469 CCX
538 3413 687 3466 Eud.
728 3429 781 3480 p.
823 3416 942 3464 228.
999 3411 1228 3466 Tractat
1265 3408 1523 3463 Meineke
1562 3407 1586 3460 I
1623 3424 1679 3476 p.
1710 3410 1812 3460 251
1924 3411 1957 3460 8
1998 3409 2090 3460 Φλ.
2132 3399 2167 3474 ἢ
2205 3400 2314 3461 Ἀθ.
2342 3409 2513 3462 Βαιιὸ

217 3500 250 3547 9
293 3494 562 3564 Φιλυλλίῳ
601 3509 739 3547 corr.
770 3493 1154 3559 Iwnyermann
1190 3490 1264 3544 ad
1302 3488 1511 3543 Pollae.
1554 3489 1627 3554 X,
1670 3492 1736 3541 ‘18
1778 3487 2076 3556 Φιλλυλλίῳ
2113 3487 2204 3540 vel
2245 3489 2513 3560 Φιλλυλίῳ

217 3573 416 3642 (Eud.)
456 3571 588 3625 libri
733 3577 800 3626 10
839 3567 944 3625 δύο
980 3575 1025 3623 V
1133 3565 1192 3641 β’
1233 3587 1341 3624 om.
1380 3568 1532 3622 Eud.
1573 3583 1714 3635 quae
1754 3583 1880 3620 oum
1916 3565 1975 3618 in
2021 3583 2217 3620 vocem
2258 3567 2514 3638 Θυέστην

217 3651 464 3719 desinat,
503 3650 719 3721 reliqua.
755 3649 1054 3706 subditicio.
1091 3666 1210 3704 esse
1247 3650 1366 3704 iure
1403 3647 1619 3703 iudicat
1653 3647 1987 3718 Bernhardy
2098 3652 2162 3700 12
2202 3647 2438 3720 ξυλιφίῳ
2468 3653 2513 3699 A

222 3737 288 3785 13
326 3730 532 3784 Athen.
572 3730 703 3784 XIII
739 3748 792 3799 p.
833 3735 935 3784 567

363 3809 529 3864 CCXI
557 3825 626 3864 ex
643 3813 690 3862 A
718 3809 844 3864 add.
865 3809 1146 3876 Gaisford.
1177 3807 1698 3876 TractatWelcker‚
1719 3807 1810 3861 Gr.
1832 3807 1997 3877 Trag.
2017 3826 2071 3876 p.
2096 3810 2232 3860 1267
2323 3812 2388 3860 15
2417 3826 2510 3876 με·

221 3887 362 3957 ταξὺ
402 3886 586 3945 ἄλλων
624 3890 945 3958 corruptum
991 3906 1108 3944 esse
1148 3889 1294 3944 vidit
1327 3889 1661 3959 Bernhardy
1818 3893 1883 3941 16
1923 3880 2331 3958 Φιλοκωμῳδός
2371 3903 2510 3962 οοττ.

216 3972 466 4026 Meineke
491 3972 517 4024 I
547 3988 600 4039 p.
625 3975 690 4023 12
711 3985 820 4024 rec.
841 3969 1098 4035 Welcker,
1136 3969 1411 4024 Westerm.
1443 3969 1847 4040 Φιλοκωμφὸοί
1868 3969 2011 4035 vuly.
2046 3961 2443 4034 Φιλοκῶμωδοι
2466 3971 2511 4017 A

361 4050 552 4107 CCXII
590 4050 742 4104 Eud.
779 4067 834 4118 p.
865 4055 966 4103 227
1081 4055 1145 4104 18
1186 4045 1281 4104 ἐπὶ
1313 4046 1445 4114 Ἀδρ.
1481 4050 1709 4104 brevius
1738 4048 1889 4102 Eud.
2008 4052 2072 4098 19
2112 4041 2141 4099 ὁ
2183 4044 2309 4099 add.
2340 4047 2509 4100 Daub

218 4129 313 4187 διὰ
354 4163 422 4172 -
461 4129 733 4201 μουσικῆς
770 4146 874 4184 om.
904 4129 1073 4201 Eud„
1166 4135 1233 4183 21
1275 4125 1336 4183 ἐν
1374 4128 1437 4184 δὲ
1477 4126 1695 4190 τούτοις
1736 4159 1800 4168 -
1841 4125 2119 4197 μέμνηται
2157 4142 2262 4180 om.
2302 4127 2453 4182 Eud.

217 4219 283 4267 23
325 4211 514 4285 βιβλία
553 4204 596 4263 ε’
637 4225 744 4262 om.
783 4207 934 4264 Eud.

360 4288 579 4346 CCXIII
615 4288 886 4343 Tractant
923 4287 1147 4344 Clinton
1185 4289 1263 4344 III
1290 4308 1344 4359 p.
1379 4295 1505 4356 1313
1543 4286 1747 4341 Mfiller
1774 4285 1854 4339 III
1886 4303 1939 4356 p.
1974 4290 2102 4354 1893
2139 4285 2321 4358 Daub,
2352 4286 2506 4345 stud.

217 4390 269 4443 p.
311 4376 380 4425 99
407 4385 521 4439 seq.
