3025 4892
565 189 697 253 224
1487 188 1918 244 HESYCHIUS.

561 352 686 416 τοῦ
723 348 856 434 κα’,
904 339 1002 415 ὧν
1045 348 1182 417 ἐστι
1216 349 1327 417 καὶ
1363 352 1599 417 ταῦτα·
1641 346 2004 435 Ἀχιλλεύς,
2052 347 2588 436 Κορινθιαστής,
2625 355 2826 435 Κυνη-

561 460 740 541 γίας,
791 460 1156 540 Φίλαυλος,
1193 456 1529 541 Κέφαλος,
1584 455 1855 542 Τηρεύς,
1904 459 2267 540 Οίνοπίων,
2299 453 2663 536 ’Ἄντυλλος
2704 456 2825 545 (καὶ

564 560 725 630 αὐτὸ
806 568 1239 648 Φιλεταίρου,
1316 559 1406 642 ὥς
1483 564 1563 631 δέ
1628 588 1807 641 τινες
1880 560 2408 651 Νικοστράτου),
2476 558 2831 649 Ἀταλάντη,

565 668 1124 757 Λαμπαδηφόροι.

510 812 535 849 5
738 785 1238 853 DCGOXXVJI.
1317 784 1688 870 Φιλήμων
1744 782 2245 869 Συρακούσιος,
2300 783 2450 863 υίὸς
2504 784 2831 870 Δάμωνος,

561 892 671 958 καὶ
718 887 921 969 αὐτὸς
963 888 1272 978 κωμικὸς·
1295 895 1415 977 τῆς
1455 894 1613 970 νεάς
1648 894 2024 981 κωμῳδίας,
2071 888 2355 977 ἤκμαζεν
2395 892 2501 958 ἐπὶ
2537 894 2652 977 τῆς
2680 888 2829 959 Ἀλε-

562 995 857 1084 ξάνδρου
901 1002 1268 1083 βασιλείας,
1328 996 1545 1085 βραχὺ
1593 996 2011 1086 Μενάνδρου
2054 996 2393 1084 πρότερος.
2488 1004 2722 1085 ἔγραψε
2763 999 2827 1065 δὲ

560 1107 912 1194 κωμῳδίας
957 1103 1100 1191 (ζ’)
1157 1103 1322 1193 πρὸς
1370 1104 1433 1184 q'
1481 1106 1591 1172 καὶ
1644 1107 1921 1191 ἐβίωσεν
1972 1110 2082 1190 ἔτη
2132 1103 2275 1183 σθ’·
2340 1106 2470 1172 εἰσὶ
2519 1104 2593 1173 δὲ
2639 1111 2705 1173 οἳ
2743 1108 2828 1173 λε’-

559 1231 799 1293 γουσιν
845 1210 912 1277 α’
960 1211 1070 1280 καὶ
1117 1210 1202 1299 ρ’.
1296 1210 1677 1298 ἐτελεύτησε
1723 1209 1799 1279 δὲ
1843 1208 1973 1279 ὑπὸ
2023 1213 2335 1299 σφοδροῦ
2379 1213 2677 1297 γέλωτος.

484 1354 534 1391 10
738 1325 1266 1394 DGOCXXVIII.
1347 1325 1723 1412 Φιλήμων
1770 1323 1805 1393 ὁ
1857 1325 2206 1415 νεώτερος,
2253 1327 2364 1395 καὶ
2412 1324 2614 1407 αὐτὸς
2656 1354 2828 1415 κωμι·

560 1431 694 1517 κός,
741 1432 889 1511 υίὸς
939 1432 1322 1520 Φιλήμονος
1365 1436 1486 1500 τοῦ
1533 1437 1851 1519 κωμικοῦ.
1942 1433 2202 1514 ἐδίδαξε
2249 1432 2325 1500 δὲ
2372 1432 2677 1520 δράματα
2718 1427 2829 1502 νδ’.

736 1546 1260 1614 DDOCOXXIX.
1342 1550 1688 1633 Φιλητᾶς
1733 1550 1958 1639 Κῷος,
2006 1546 2153 1628 υίὸς
2208 1550 2551 1635 Τηλέφου,
2609 1545 2700 1616 ω”ν
2743 1552 2837 1616 ἐπί

560 1678 628 1720 τε
671 1656 1008 1720 Φιλίππου
1043 1650 1154 1719 καὶ
1177 1649 1643 1739 Ἀλεξάνδρου,
1680 1653 2131 1741 γραμματικὸς
2163 1655 2477 1740 κριτικός,
2518 1652 2593 1735 ὃς
2620 1661 2827 1743 ίσχνω-

558 1759 706 1839 θεὶς
761 1760 832 1826 ἐκ
887 1760 1007 1826 τοῦ
1068 1764 1281 1844 ζητεῖν
1336 1756 1458 1826 τὸν
1512 1759 1936 1846 καλούμενον
1974 1749 2415 1848 ’ψευδόμενον
2472 1762 2677 1848 λόγον
2727 1761 2831 1829 ἀπ-

485 1894 534 1934 15
565 1868 832 1933 έθανεν.
902 1866 1162 1949 ἐγένετο
1203 1864 1277 1931 δὲ
1311 1865 1421 1932 καὶ
1461 1866 1864 1947 διδάσκαλος
1899 1871 2020 1936 τοῦ
2060 1870 2379 1956 δευτέρου
2420 1874 2830 1955 Πτολεμαίου.

561 1978 850 2061 ἔγραψεν
899 1969 1360 2059 ἐπιγράμματα
1406 1972 1518 2038 καὶ
1567 1974 1855 2059 ἐλεγείας
1899 1973 2011 2040 καὶ
2048 1972 2233 2041 ἄλλα.

736 2088 1169 2156 DCCCXXX.
1261 2090 1745 2173 Φιλιππίδης
1786 2085 2173 2175 Ἀθηναῖος,
2229 2088 2523 2177 κωμικὸς
2574 2090 2680 2157 καὶ
2730 2087 2829 2157 αὖ·

557 2192 671 2275 τὸς
714 2198 831 2282 τῆς
877 2196 1032 2275 νέας
1077 2197 1450 2285 κωμῳδίας,
1496 2190 1643 2272 υίὸς
1688 2196 2117 2276 Φιλοκλέους.
2173 2188 2260 2282 ἦν
2308 2195 2381 2263 δὲ
2421 2198 2527 2265 ἐπὶ
2564 2202 2675 2282 τῆς
2709 2196 2831 2284 ρια’
2878 2264 2882 2268 .

560 2298 992 2388 ὀλυμπιάδος.
1085 2304 1343 2382 ἐδίδαξε
1389 2300 1500 2366 καὶ
1546 2297 1749 2381 αὐτὸς
1797 2300 2098 2388 δράματα
2145 2302 2269 2390 με’.

557 2588 624 2625 ex
653 2589 704 2626 v.
728 2572 999 2631 Φίλιππος
1026 2568 1301 2623 translata
1328 2582 1447 2621 esse
1474 2566 1751 2621 videntur.
1792 2566 1875 2620 De
1904 2584 1964 2621 re
1994 2568 2061 2623 ef.
2083 2588 2135 2624 v.
2163 2564 2557 2641 Ἀριστοφάνης·
2587 2574 2643 2627 et
2673 2572 2830 2627 schol.

555 2651 773 2705 Plasson.
795 2648 871 2703 VI
898 2668 952 2719 p.
975 2654 1078 2703 227
1110 2648 1386 2702 Φίλιππον
1411 2678 1475 2685 ——
1492 2640 1757 2715 Ἀραρότα
1780 2679 1844 2686 -
1867 2648 1963 2701 καὶ
1991 2651 2195 2717 τρίτον,
2224 2642 2293 2703 ὃν
2317 2646 2714 2721 Ἀπολλόδωρος
2740 2649 2832 2721 μὲν
2880 2657 2897 2663 “

558 2726 948 2799 Νικόστρατον
985 2732 1170 2796 καλεῖ,
1209 2724 1268 2782 οἷ
1300 2724 1364 2781 δὲ
1402 2728 1530 2795 περὶ
1564 2728 1909 2797 Δικαίαρχον
1940 2726 2269 2798 Φιλέταιρον
2419 2736 2446 2784 1
2486 2728 2834 2800 κορινθιατής

557 2812 746 2880 (vuly.)
778 2840 845 2849 —
871 2808 1153 2864 οἰνωπίων
1187 2808 1373 2877 (vulg.)
1404 2838 1468 2845 --
1500 2802 1965 2877 αὖτοφιλέταιρος
1993 2810 2180 2879 (vuly.)
2210 2840 2268 2849 —-
2302 2808 2636 2880 νικοστράτη
2663 2813 2833 2879 (ναῖς.)

555 2920 624 2930 -
679 2884 1120 2959 λαμπαδοφόρος
1174 2887 1364 2957 (vuly.)
1421 2886 1573 2941 Eua.
1658 2883 2060 2957 κορινθιαστής
2113 2894 2159 2941 V
2215 2884 2685 2960 αὖτοφιλεταίρου
2738 2895 2831 2943 BV

553 2966 919 3039 νικοστράτου
956 2974 1002 3021 V
1040 2962 1462 3038 λαμπαδιφόροι
1499 2970 1546 3017 V
1583 2964 2025 3036 λαμπαδηφόροι
2065 2975 2108 3021 E

695 3049 1090 3105 DCCCXXVII
1128 3048 1277 3102 Eud.
1316 3064 1369 3115 p.
1411 3051 1531 3099 723.
1614 3045 1879 3102 Extrema
1927 3049 2101 3103 verba.
2144 3049 2408 3119 leguntur
2456 3052 2831 3107 Pseudo-Hes.

555 3147 600 3185 0.
634 3136 717 3185 72.
763 3130 843 3186 Cf.
874 3130 978 3184 Ina.
1015 3129 1081 3183 A.
1101 3127 1198 3196 ΙΙΙ,
1233 3144 1286 3183 n.
1309 3129 1412 3179 948
1445 3121 1705 3194 Φιλήμων
1735 3124 2012 3198 Δάμωνος
2043 3127 2371 3200 Διομαιεύς,
2408 3129 2651 3202 κωμικὸς
2685 3152 2827 3199 ποιη-

554 3206 653 3277 τής
689 3211 924 3276 et·quae
953 3206 1211 3276 exposuiss
1236 3205 1632 3274 Difitenberger
1666 3206 1741 3260 ib.
1772 3226 1824 3276 p.
1850 3214 1950 3263 193
2063 3216 2095 3263 6
2133 3205 2227 3264 ἐπὶ
2260 3205 2355 3264 Ἄλ.
2394 3211 2545 3268 Eud.
2648 3219 2677 3267 7
2715 3216 2830 3281 βρα-

554 3295 650 3357 χεῖ
679 3293 776 3341 BV
955 3282 1230 3355 πρότερον
1267 3287 1450 3354 Eud„
1497 3287 1685 3341 nescio
1723 3304 1794 3342 an
1830 3289 2036 3343 rectius
2215 3296 2247 3343 8
2288 3287 2337 3355 ζ’
2378 3294 2509 3345 ansse
2546 3288 2683 3362 πρὸς
2719 3291 2827 3346 add.

557 3368 808 3423 Meineke
916 3363 1259 3436 ἐνενήκοντα
1296 3367 1448 3421 Eud.
1487 3366 1587 3421 rel.
1625 3366 1844 3423 omissis
1881 3366 2022 3440 πρὸς
2060 3365 2204 3425 ἐνεν.
2244 3372 2388 3439 vuly.

699 3447 1115 3503 DOOOXXVIII
1154 3454 1220 3502 10
1257 3448 1355 3501 καὶ.
1391 3442 1517 3508 υἱὸς
1552 3443 1756 3502 τούτου
1795 3448 1945 3503 Eud.
1985 3451 2021 3504 1.
2062 3467 2106 3504 e.

694 3527 1062 3583 DCCCXXIX
1098 3528 1249 3583 Eud.
1288 3545 1341 3597 p.
1375 3533 1491 3582 717.
1570 3527 1651 3581 Cf.
1688 3546 1740 3584 v.
1782 3532 1980 3598 Ζηνοδ.
2016 3525 2140 3598 Ἐφ.
2306 3537 2371 3584 12
2410 3532 2479 3585 de
2518 3524 2597 3584 ὦν
2634 3527 2731 3585 ἐπί
2760 3530 2818 3583 cf.

552 3607 776 3677 Rome,
823 3609 964 3663 Mus.
1003 3608 1179 3665 Rhen.
1219 3607 1450 3663 XXXIII
1486 3626 1541 3677 p.
1578 3612 1675 3661 173
1830 3615 1896 3662 13
1940 3606 2324 3681 γραμματικὸς
2368 3611 2465 3665 καὶ
2510 3632 2593 3679 κρ.
2645 3609 2826 3665 maluit

555 3689 805 3759 Toupius
832 3691 956 3745 coll.
987 3686 1287 3750 Ἑκαταῖος
1320 3683 1455 3761 Ἄβδ.
1572 3695 1638 3741 14
1666 3689 1764 3743 καὶ
1792 3686 2019 3744 διώκειν
2046 3685 2287 3760 ἀκίχητα
2324 3692 2455 3759 post
2490 3694 2677 3760 ζητεῖν
2712 3690 2824 3745 add.

550 3772 614 3837 V,
652 3770 748 3837 qui
779 3767 1077 3838 ἰσχνωθεὶς
1107 3800 1171 3809 -
1203 3763 1445 3837 ἀκίχητα
1483 3786 1524 3822 s.
1564 3768 1655 3822 fin.
1686 3772 1789 3823 art.
1827 3769 2061 3839 praebet
2172 3776 2237 3825 16
2277 3772 2373 3827 καὶ
2411 3768 2480 3825 τὰ
2520 3768 2824 3843 καλούμενα

551 3846 820 3915 Ναξιακά
867 3850 992 3904 add.
1032 3849 1211 3915 Eud„
1267 3863 1412 3915 quae
1462 3847 1877 3917 interpolatoris
1925 3867 2042 3905 esse
2089 3851 2307 3905 monuit
2355 3852 2633 3919 Meineke,
2678 3852 2819 3907 Anal.

549 3946 603 3998 p.
633 3935 753 3985 352.
820 3929 900 3983 cf.
939 3928 1157 3983 Unters.
1197 3945 1250 3997 p.
1286 3933 1413 3995 166,
1451 3929 1639 3997 Daub‚
1678 3928 1749 3982 de
1784 3927 1929 3985 Viol.
1969 3947 2025 3998 p.
2058 3936 2105 3983 6.
2171 3930 2258 3984 Ad
2295 3930 2576 3986 Philteam
2614 3930 2820 3986 histori-

551 4026 675 4063 cum
724 4011 977 4078 spectare
1021 4008 1324 4078 persuadet
1372 4008 1583 4063 Maller
1620 4008 1698 4062 IV
1735 4027 1790 4079 p.
1831 4014 1963 4077 4⁷83
2010 4010 2203 4078 itaque
2254 4010 2311 4063 in
2357 4008 2514 4065 fonte
2563 4009 2825 4065 Eudociae

549 4088 791 4158 genuino
829 4088 899 4141 de
937 4087 1063 4143 loco
1101 4104 1169 4142 ea
1204 4088 1361 4142 mota.
1395 4087 1567 4143 fuisse
1604 4091 1763 4157 patet

690 4166 1032 4222 DOCCXXX
1069 4183 1176 4221 om.
1210 4166 1485 4221 Westerm.
1548 4167 1628 4221 De
1666 4169 1862 4223 eodem
1901 4170 1970 4225 cf.
2006 4168 2283 4238 insignem
2320 4168 2550 4222 titulum
2588 4170 2817 4224 Atticum

548 4247 686 4302 Inso.
724 4248 789 4300 A.
830 4248 907 4314 II,
943 4266 995 4301 n.
1026 4252 1147 4303 324.
1226 4246 1458 4302 Tractat
1492 4246 1749 4303 Meineke
1786 4250 1811 4302 I
1848 4270 1901 4320 p.
1932 4256 2037 4304 470
2068 4267 2181 4316 seq.
2343 4253 2407 4302 18
2446 4246 2581 4317 ρκα’
2622 4247 2820 4305 mavult

554 4326 828 4390 Meineke3
867 4325 965 4379 sed
1003 4327 1071 4379 cf.
1113 4325 1366 4397 clinton,
1403 4344 1456 4395 p.
1487 4326 1639 4381 XLV
1677 4332 1790 4383 not.
1818 4330 1911 4383 Kr.
