3025 4892
565 183 692 247 238
849 208 856 213 ·
1489 186 1587 238 ΗΕ
1595 183 1917 240 SYCHIUS.

564 343 638 410 δὲ
698 340 1221 431 Ἁλικαρνασσέα
1291 347 1653 431 ἱστοροῦσι.
1744 345 2061 430 γενέσθαι
2129 343 2204 412 δὲ
2278 341 2445 411 κατὰ
2498 342 2839 411 Πανύασιν

561 462 702 528 τοῖς
746 448 1045 537 χρόνοις,
1094 448 1198 518 ἐπὶ
1245 448 1320 517 δὲ
1365 453 1501 518 τῶν
1540 452 1895 538 Περσικῶν
1954 447 2317 536 ὀλυμπιάδι
2368 449 2465 517 οε’
2504 456 2838 519 νεανίσκον

562 554 691 641 ἤδη
740 553 931 623 εἶναι.
1018 554 1270 624 δοῦλόν
1314 581 1383 623 τε
1431 562 1702 643 Σαμίου
1745 554 1931 636 τινὸς
1976 552 2185 625 αὐτὸν
2231 558 2579 643 γενέσθαι,
2629 555 2835 643 εὐειδῆ

501 678 519 697 ·
565 662 748 731 πάνυ
792 659 918 747 τὴν
959 658 1173 747 ὤραν,
1220 674 1462 747 φυγεῖν
1509 686 1579 727 τε
1617 662 1689 729 ἐκ
1715 660 1991 747 Σάμου,
2035 662 2147 729 καὶ
2176 658 2517 753 “Ηροδότςο
2554 668 2644 755 τῷ
2684 668 2840 732 ίστο-

517 790 542 831 5
571 773 734 860 ρικῷ
782 768 1326 858 παρεδρεύσαντα
1372 766 1597 853 λόγων
1642 771 2049 854 ἐρασθῆναι,
2112 758 2197 836 οὗ
2248 795 2453 847 τινος,
2490 769 2694 839 αὐτὸν
2745 773 2842 838 καὶ

564 873 838 943 παιδικὰ
893 876 1243 961 γεγονέναι
1283 880 1512 961 φασίν.
1602 875 1959 943 ἐπιθέσθαι
1999 874 2074 943 δὲ
2118 880 2431 964 ποιητικῇ
2485 877 2597 944 καὶ
2647 884 2843 945 τελευ-

563 985 758 1069 τῆσαι
813 984 888 1050 ἐν
937 986 1332 1071 Μακεδονίᾳ
1374 978 1555 1068 παρὰ
1605 979 1931 1073 Ἀρχελάῳ
1988 986 2078 1075 τῷ
2135 981 2284 1052 τότε
2332 981 2539 1070 αὐτῆς
2581 990 2840 1070 βασιλεῖ.

565 1094 810 1175 ἔγραψε
856 1088 931 1157 δὲ
975 1092 1215 1156 ταῦτα·
1275 1086 1398 1175 τὴν
1451 1084 1837 1174 Ἀθηναίων
1893 1095 2090 1175 νίκην
2150 1087 2315 1157 κατὰ
2372 1092 2656 1180 Ξέρξου,
2717 1089 2834 1182 Ιέφ’

385 1286 393 1294 ,
565 1186 647 1263 οὗ
691 1194 1059 1283 ποιήματος
1102 1193 1266 1265 κατὰ
1313 1200 1541 1281 στίχον
1591 1200 1882 1282 στατῆρα
1938 1199 2236 1282 χρυσοῦν
2291 1196 2511 1287 ἔλαβε,
2568 1199 2678 1266 καὶ
2724 1197 2839 1264 σὺν

487 1326 536 1363 10
565 1316 706 1382 τοῖς
732 1299 1022 1389 Ὁμήρου
1059 1301 1643 1389 ἀναγινώσκεσθαι
1683 1304 2060 1389 ἐψηφίσθη,
2100 1302 2492 1393 ΙΛαμιακάΙ.
2538 1306 2648 1371 καὶ
2684 1303 2836 1371 ἄλλα

562 1406 714 1477 τινὰ
759 1409 1093 1496 ποιήματα
1141 1406 1351 1477 αὐτοῦ
1398 1410 1687 1497 φέρεται.

740 1516 1256 1585 DCCCLXXVI.
1339 1516 1903 1605 Χριστόδωρος
1956 1523 2340 1602 Πανίσκου,
2397 1515 2525 1586 ἀπὸ
2584 1523 2840 1587 Κοπτοῦ

559 1623 815 1704 πόλεως
868 1627 984 1709 τῆς
1031 1621 1410 1708 Αἰγύπτου,
1469 1622 1809 1708 ἐποποιός,
1865 1621 2149 1711 ἤκμαζεν
2205 1625 2309 1692 ἐπὶ
2363 1627 2503 1693 τῶν
2551 1622 2838 1692 Ἀναστα-

566 1734 719 1797 σίου
765 1732 886 1797 τοῦ
935 1731 1258 1815 βασιλέως
1294 1728 1580 1817 χρόνων.
1658 1734 1946 1816 ἔγραψεν
1985 1729 2317 1819 Ἰσαυρικὰ
2366 1734 2438 1799 ἐν
2474 1736 2760 1817 βιβλίοις
2784 1732 2836 1809 ς’

481 1856 530 1897 1⁶
560 1837 721 1925 (ἔχει
771 1836 846 1911 δὲ
890 1834 1012 1923 τὴν
1055 1833 1387 1924 Ἰσαυρίας
1425 1834 1678 1905 ἅλωσιν
1726 1836 1847 1923 τὴν
1884 1835 2016 1906 ὑπὸ
2050 1836 2488 1907 Ἀναστασίου
2516 1844 2640 1907 τοῦ
2678 1845 2836 1925 βασι-

557 1944 722 2021 λέως
756 1944 1186 2030 γενομένην),
1236 1942 1479 2030 πάτρια
1523 1944 2305 2043 Κωνσταντινουπόλεως
2346 1948 2585 2026 ἐπικῶς
2630 1951 2866 2032 βιβλία,

559 2048 678 2134 ιβ’,
725 2048 969 2139 πάτρια
1014 2055 1504 2137 Θεσσαλονίκης
1553 2052 1790 2129 ἐπικῶς
1835 2055 2059 2135 βιβλία
2104 2051 2227 2135 κε’,
2286 2051 2531 2139 πάτρια
2577 2051 2835 2137 Νάκλης

561 2157 726 2242 (ἔστι
775 2157 850 2225 δὲ
894 2156 1086 2236 πόλις
1122 2157 1270 2243 περὶ
1305 2154 1779 2242 Ἡλιούπολιν,
1826 2159 1899 2225 ἐν
1934 2148 1977 2244 ᾖ
2016 2155 2095 2225 τὰ
2133 2157 2513 2244 καλούμενα
2540 2158 2837 2245 ”Αφακα),

557 2262 800 2351 πάτρια
831 2263 1144 2351 Μιλήτου
1169 2267 1286 2351 τῆς
1317 2261 1602 2347 Ἰωνίας,
1642 2260 1886 2352 πάτρια
1924 2264 2296 2350 Τράλλεων,
2342 2265 2587 2351 πάτρια
2621 2265 2838 2353 Ἀφρο-

478 2392 530 2432 20
558 2367 891 2458 δισιάδος,
964 2375 1290 2461 ἔκφρασιν
1353 2374 1488 2439 τῶν
1563 2371 1637 2437 ἐν
1706 2373 1796 2462 τῷ
1870 2372 2213 2463 Ζευξίππω
2283 2369 2683 2459 ἀγαλμάτων
2742 2372 2838 2439 καὶ

564 2483 1286 2643 “Moeffigffixxvu
1369 2572 1934 2663 Χριστόὸωροε
2006 2581 2327 2661 Θηβαῖος>
2394 2575 2840 2663 ’Ῑλλούστριος

567 2684 831 2691 ——---

555 2764 610 2815 p.
643 2752 744 2800 265
868 2751 932 2797 19
969 2740 1114 2816 naz-dg
1154 2742 1220 2799 δέ
1257 2763 1414 2805 τινας
1449 2737 1662 2805 Ἰασεὺς
1687 2740 1723 2812 ἢ
1761 2739 1958 2812 (Ἰσεὺς
1995 2740 2031 2813 ἡ
2070 2745 2213 2813 cod.)
2248 2742 2340 2799 Ἅλ.
2372 2744 2571 2815 γέγονε
2610 2744 2675 2801 δὲ
2708 2744 2837 2801 κατὰ

560 2822 858 2879 Πανύασιν
896 2832 1013 2888 τοῖς
1049 2821 1272 2895 χρόνοις
1309 2823 1460 2878 Eud.
1509 2840 1749 2894 pergens
1799 2820 2011 2892 ἔγραψε
2060 2823 2124 2878 δὲ
2176 2821 2471 2888 ἐπιστολὰς
2514 2823 2721 2891 πολλὰς
2757 2826 2839 2880 καὶ

560 2900 956 2976 ἐπιγράμματα
993 2906 1091 2960 καὶ
1118 2905 1436 2977 κωμῳδίας,
1471 2920 1613 2971 quae
1652 2905 1725 2959 ad
1757 2907 1954 2974 poetas
1983 2904 2403 2959 Christodorum
2434 2910 2492 2961 et
2522 2906 2837 2964 Chionidam

559 2988 811 3055 spectare
839 2986 955 3041 dixi
991 2987 1051 3040 in
1079 3002 1271 3055 appar.
1293 2984 1442 3038 Eud.
1464 2984 1503 3038 1.
1530 3001 1574 3038 ο.
1688 2990 1719 3037 3
1759 2985 1991 3039 δοῦλονε
2030 2984 2410 3053 Wachsmuth,
2448 2986 2637 3055 Symb.
2665 3006 2716 3057 p.
2751 2992 2834 3040 141

559 3071 591 3118 5
629 3062 1077 3135 παρεδρεύσαντι
1113 3071 1222 3118 ΕΠ
1391 3070 1424 3117 8
1465 3063 1809 3134 Compilavifi
1844 3063 2230 3119 Pseudo-Hes.
2272 3082 2316 3120 e.
2350 3070 2413 3119 7⁹2
2581 3072 2647 3120 10
2684 3085 2837 3120 κατα·

557 3143 942 3213 γινώσκεσθαι
978 3150 1019 3198 Β
1162 3139 1430 3215 Λαμιακά
1476 3145 1548 3199 ad
1585 3144 1798 3199 bellum
1834 3144 2163 3199 Lamiacum
2210 3146 2270 3198 et
2305 3145 2587 3200 Iasensem
2633 3146 2837 3202 rettulit

557 3225 745 3279 Naeke
780 3242 834 3293 p.
871 3230 966 3278 101
1009 3222 1278 3294 Σαμιακά
1319 3224 1568 3293 praefert
1608 3224 1775 3279 Daub

701 3302 1114 3371 DCCCLXXVI
1152 3305 1302 3360 Eud.
1341 3324 1394 3375 p.
1427 3311 1545 3360 ⁷41.
1622 3305 1855 3361 Tractat
1889 3304 2095 3361 Mfiller
2130 3306 2207 3365 IV
2244 3324 2298 3375 p.
2330 3312 2452 3360 360.
2526 3306 2607 3362 Cf.
2650 3306 2833 3361 Suidas

558 3401 609 3437 v.
642 3380 972 3449 Ζεύξιππος.
1043 3377 1130 3438 ὅτι
1157 3380 1548 3455 Χριστόδωρος
1578 3380 1846 3447 ἐποποιὸς
1876 3384 2125 3455 ἔγραψεν
2154 3381 2473 3454 ’Έκφρασιν
2510 3381 2835 3455 ἀγαλμάτων

559 3464 660 3517 τοῦ
699 3465 1035 3529 Ζευξίππου.
1109 3463 1192 3519 De
1240 3466 1554 3519 statuarum
1602 3465 1859 3533 ecphrasi
1904 3484 1955 3520 v.
1994 3466 2211 3536 Lange,
2250 3466 2387 3520 Mus.
2427 3467 2605 3521 Rhen.
2644 3466 2836 3519 XXXV

556 3564 609 3615 p.
644 3551 746 3599 110
773 3562 889 3615 seq.
995 3551 1060 3599 16
1098 3547 1231 3615 post
1256 3543 1567 3615 γενομένην
1597 3544 1725 3601 add.
1756 3546 1906 3601 Eud.
1950 3540 2387 3615 ἐπιγραμμάτων
2419 3548 2606 3619 βιβλία
2626 3544 2701 3615 γ’,
2732 3542 2836 3600 ἐπι-

558 3626 767 3683 στολῶν
796 3623 874 3696 δ’,
912 3643 1148 3694 quorum
1176 3627 1418 3680 alterum
1456 3642 1523 3680 ex
1551 3624 1895 3695 Anthologia
1925 3626 2213 3681 Planudea
2250 3626 2574 3696 sumpsisse,
2614 3627 2835 3681 alterum

559 3724 682 3762 eam
719 3706 945 3762 omnino
993 3706 1215 3765 finxisse
1263 3707 1530 3761 odorassur
1569 3706 1741 3760 Pulch
1778 3724 1832 3775 p.
1864 3712 1958 3772 9ος
2011 3706 2199 3776 pergit
2231 3706 2381 3761 Eud.
2426 3705 2702 3777 ἔκφρασιν
2738 3706 2835 3759 τῶν

558 3782 620 3841 ἒν
657 3788 732 3859 τῷ
765 3787 1060 3857 Ζευξίππῳ
1091 3804 1204 3853 seq.
1263 3786 1373 3840 Sed
1402 3784 1815 3855 epigrammata.
1844 3784 2263 3841 Christodomm
2292 3785 2582 3856 sotipsisse
2613 3786 2831 3841 constat.

557 3864 636 3925 Cf.
672 3866 903 3935 Jacobs,
941 3865 1113 3921 Anth.
1141 3866 1220 3919 XI
1255 3883 1310 3936 p.
1343 3870 1459 3921 198.
1520 3865 1781 3921 Ceterum
1810 3866 2079 3920 Thebano
2118 3865 2413 3936 eophrasin
2434 3866 2554 3919 ’ᾶειίῑ
2587 3862 2832 3920 librarius

557 3947 676 4003 cod.
715 3947 943 4004 Anbhol.
983 3948 1131 4018 apud
1169 3945 1390 4001 Jacobs.
1429 3944 1509 3998 VI
1542 3960 1607 4015 p.
1640 3946 1814 3999 LXV:
1860 3943 2255 4015 Χριστοδῶρου
2302 3947 2540 4015 ποιητοῦ
2592 3948 2832 4017 Θηβαίου

559 4022 830 4094 ἔκφρασις
865 4027 977 4081 τῶν
1014 4022 1353 4096 ἀγαλμάτων
1382 4026 1493 4079 τῶν
1533 4025 1615 4089 εἰς
1651 4023 1715 4079 τὸ
1753 4023 2025 4095 δημόσιον
2058 4022 2376 4096 γυμνάσιον
2412 4027 2514 4080 τοῦ
2548 4022 2830 4081 ἐπικαλου-

557 4105 730 4175 μένου
761 4107 1098 4172 Ζευξίππου.
1157 4105 1238 4161 cf.
1268 4105 1474 4160 Jacobs
1502 4105 1630 4160 XIII
1662 4125 1714 4175 p.
1746 4111 1846 4161 8⁶11
1960 4102 2169 4169 ἐπικῶς
2206 4123 2273 4159 ex
2300 4104 2449 4158 ABE
2488 4107 2614 4164 add.
2644 4107 2833 4161 Kaste-

554 4203 654 4242 rus
772 4194 838 4242 18
865 4183 1082 4257 ’Άφοικοι
1109 4193 1207 4240 ΔΕ
1236 4183 1480 4255 ’Ἀλφακα
1507 4189 1653 4257 vuly.
1684 4187 1834 4242 Eud.
1953 4193 2023 4242 20
2062 4184 2125 4241 ἐν
2153 4186 2229 4257 τῷ
2256 4187 2547 4257 γυμνασίῳ
2578 4188 2677 4241 τοῦ
2706 4190 2831 4240 Ζευ-

557 4268 762 4331 ξίππου
792 4268 1066 4323 Kusterus
1091 4268 1202 4323 τῶν
1234 4264 1296 4321 ἐν
1324 4268 1398 4341 τῷ
1432 4268 1753 4333 Ζευξίππου
1783 4266 1951 4322 Daub
2061 4266 2157 4321 καὶ
2186 4261 2326 4333 ἄλλα
2354 4262 2529 4321 πολλά
2561 4283 2669 4321 om.
2690 4265 2833 4325 Eud.

698 4346 1141 4423 DCCCLXXVII
1177 4349 1329 4404 Eud.
1368 4348 1405 4403 1.
1445 4365 1490 4403 c.
1568 4349 1648 4403 De
1689 4348 1897 4403 Illustri
1932 4348 2104 4403 titulo
2142 4348 2211 4404 cf.
2251 4366 2302 4404 v.
2342 4345 2668 4416 Προκόπιος
