3025 4892
1203 187 1570 244 HESYCHIU
1578 189 1630 244 S.
2469 191 2554 256 53

435 348 625 419 CCII.
702 347 1286 435 Διογενειανός
1311 346 1703 437 Ἡρακλείας
1741 349 2037 438 Πόντου,
2084 351 2556 441 γραμματικός,

229 455 554 542 γεγονὼς
598 458 703 526 ἐπὶ
745 455 1103 548 Ἀδριανοῦ
1149 461 1488 546 βασιλέως.

439 573 660 642 CCIII.
739 582 804 643 A
817 576 1316 662 ιογενειανὲς
1351 573 1743 664 Ἡρακλείας
1788 577 2034 664 ἑτέρας,
2084 575 2168 646 οὐ
2210 581 2327 663 τῆς
2371 577 2553 646 Πόν-

234 707 400 765 του,
439 681 908 768 γραμματικός,
954 680 1246 769 γεγονὼς
1289 682 1400 750 καὶ
1446 680 1647 763 αὐτὸς
1683 685 1786 752 ἐπὶ
1818 682 2175 772 Ἀδριανοῦ
2211 685 2552 770 βασιλέως.

237 794 639 862 ἐπιστατέον
678 795 775 880 δέ,
823 792 1079 880 μήποτέ
1112 793 1293 860 ἐστιν
1333 788 1368 860 ὁ
1410 793 1480 859 ἐκ
1517 794 1633 879 τῆς
1664 787 1984 878 Ἀλβοὲκης
2010 790 2400 880 Ἡρακλείας
2433 797 2553 880 τῆς
2578 821 2605 862 ⁶

237 903 327 969 ἐν
376 907 598 990 Καρίᾳ
647 900 900 989 ἰατρός·
963 891 1050 986 ἦν
1111 897 1237 987 γὰρ
1295 889 1488 978 οὗτος
1548 904 1878 978 παντοίως
1932 898 2174 985 λόγιος.
2275 898 2357 968 οὐ
2422 900 2549 986 γὰρ

239 1001 461 1096 εὗρον
514 1012 728 1095 ῥητῶς
786 1006 862 1076 τὸ
927 1009 994 1088 ἐξ
1029 1004 1428 1098 ,Ἡρακλείας
1487 1003 1695 1074 αὐτὸν
1753 1003 1925 1074 εἶναι
1980 1011 2098 1093 τῆς
2152 1007 2225 1074 ἐν
2283 1009 2551 1102 Πόντω,

239 1115 404 1184 ἀλλ’
457 1114 628 1184 οὕτω
677 1113 854 1200 παρά
899 1133 1034 1182 τισι
1083 1111 1492 1194 δεδόξασται.
1595 1119 1774 1182 ἔστιν
1814 1113 1991 1206 αὐτῷ
2039 1121 2264 1201 βιβλία
2316 1121 2551 1186 ταῦτα·

239 1225 424 1304 λέξις
461 1220 852 1308 παντοδαπὴ
880 1219 1044 1289 κατὰ
1082 1234 1414 1307 στοιχεῖον
1451 1222 1525 1288 ἐν
1564 1226 1849 1306 βιβλίοις
1884 1221 1943 1289 ε’
1976 1222 2279 1310 (ἐπιτομὴ
2310 1223 2390 1293 δέ
2414 1227 2550 1294 ἐστι

236 1334 386 1398 τῶν
415 1335 785 1416 Παμφίλου
812 1329 1052 1410 λέξεων
1081 1332 1361 1413 βιβλίων
1391 1327 1439 1394 ε’
1479 1329 1589 1395 καὶ
1630 1327 1696 1408 q'
1732 1329 1843 1396 καὶ
1885 1333 2019 1397 τῶν
2049 1335 2548 1420 Ζωπυρίωνος),
2580 1357 2631 1394 ιο

241 1435 766 1525 ἐπιγραμμάτων
813 1432 1265 1518 ἄνθολόγιον,
1321 1434 1470 1522 περὶ
1520 1439 1868 1522 ποταμῶν,
1916 1442 2204 1524 λιμνῶν,
2260 1443 2551 1527 κρηνῶν,

239 1545 470 1630 ὀρῶν,
526 1541 941 1629 ἄκρωρειῶν,
1005 1543 1151 1627 περὶ
1199 1545 1578 1628 παροιμιῶν
1624 1569 1791 1610 κατα
1848 1557 2177 1630 στοιχεῖον
2233 1547 2551 1632 ἐπίτομον

239 1651 678 1740 ἀναγραφήν,
717 1649 1122 1737 συναγωγὴν
1159 1651 1270 1716 καὶ
1313 1655 1561 1717 πίνακα
1586 1653 1723 1719 τῶν
1752 1653 1825 1720 ἐν
1854 1650 2031 1741 πάσῃ
2068 1657 2147 1740 τῇ
2176 1657 2261 1739 γῇ
2290 1655 2550 1722 πόλεων

243 1760 367 1827 καὶ
413 1757 494 1826 τὰ
539 1756 755 1828 λοιπά.

430 1875 646 1942 CCIV.
722 1873 1115 1958 Διογένης
1159 1867 1200 1958 ἢ
1243 1871 1580 1959 Οἰνόμαος
1621 1869 1980 1959 Ἀθηναῖος
2025 1873 2352 1961 τραγικός.
2393 1875 2405 1966 Ι
2446 1877 2545 1961 γέ-
2580 1901 2629 1938 15

239 2008 454 2067 γονεν
499 1980 602 2048 ἐπὶ
640 1984 756 2065 τῆς
797 1984 932 2047 τῶν
970 1977 1028 2046 λ’
1065 1978 1499 2059 καταλύσεως.
1550 1980 1562 2071 Ι
1616 1979 1917 2066 δράματα
1955 1981 2165 2048 αὐτοῦ
2197 1977 2548 2067 Ἀχιλλεύς,

227 2087 506 2174 Ἑλένη,
572 2085 928 2176 Ἡρακλῆς,
985 2087 1309 2171 Θυέστης,
1374 2084 1679 2172 Μήδεια,
1743 2091 2093 2172 Οἰδίπους,
2140 2087 2549 2175 Χρύσιππος,

241 2195 530 2281 Σεμέλη.

429 2303 613 2370 CCV.
671 2303 1072 2390 Διογένης
1115 2296 1184 2386 [ἢ
1224 2299 1731 2387 Διογενειανός]
1772 2302 2147 2389 Κυζικηνὸς
2182 2330 2547 2390 γραμματι-

401 2569 542 2624 CCII
580 2571 660 2625 Cf.
699 2571 888 2637 Daub,
929 2571 1084 2626 stud.
1119 2589 1172 2640 p.
1204 2577 1270 2624 97
1295 2587 1407 2639 seq.
1528 2577 1559 2624 2
1601 2567 1696 2626 ἐπὶ
1728 2565 2016 2639 Ἀδριανοῦ
2055 2603 2123 2612 -
2162 2569 2547 2643 γραμματικὸς

243 2651 596 2720 insequentis
631 2652 785 2705 vibae
825 2668 894 2706 ex
921 2656 1022 2705 Av
1059 2651 1309 2705 restitnit
1346 2651 1646 2718 Gaisford,
1684 2668 1791 2706 om.
1833 2653 1955 2706 edd.
1995 2654 2129 2707 vett.
2171 2653 2321 2706 Eud.

388 2739 556 2794 CCIII
592 2741 742 2794 Eud.
773 2759 826 2810 p.
857 2746 988 2807 231,
1027 2757 1172 2808 quae
1202 2739 1401 2794 melius
1430 2757 1605 2794 unum
1636 2739 1891 2808 agnoscit
1917 2741 2349 2811 grammaticum
2389 2745 2536 2813 (cum

239 2821 438 2890 vala),
477 2837 544 2874 ex
581 2838 690 2889 quo
721 2823 970 2874 errantes
1001 2821 1140 2874 duos
1165 2821 1363 2876 fecisse
1391 2819 1610 2874 librarii
1646 2820 1923 2875 videntur.
1986 2819 2066 2874 cf.
2088 2820 2314 2888 Weber,
2342 2821 2543 2877 Philol-

249 2901 444 2970 Suppl.
485 2899 563 2953 III
601 2919 650 2968 p.
694 2907 798 2955 469
840 2903 955 2956 not.
995 2905 1088 2966 35,
1135 2899 1358 2966 Robde,
1407 2898 1547 2953 Mus.
1586 2900 1764 2954 Rhen.
1802 2900 2040 2955 XXXIII
2085 2920 2139 2970 p.
2184 2907 2283 2955 180
2329 2905 2442 2956 not.
2492 2911 2543 2972 3,

144 3050 150 3055 Ι
243 2981 467 3036 Unters.
505 2998 560 3048 p.
601 2987 666 3034 66
706 2982 822 3034 not.
856 2987 939 3034 10.
997 2986 1221 3048 Διογεν.
1255 2973 1368 3046 ‘Ha
1409 2976 1664 3048 Πόντου,
1703 2999 1905 3050 γραμμ.
1950 2976 2045 3034 ἐπὶ
2078 2975 2363 3047 Ἀδριανοῦ
2402 2974 2436 3050 ἢ
2479 2978 2543 3037 ἐκ

241 3061 344 3130 τῆς
382 3055 444 3114 ἔν
471 3061 660 3132 Καρίᾳ
689 3055 834 3113 κατὰ
865 3060 1187 3128 Λυσίμαχον
1203 3053 1401 3127 ’βιβλία
1431 3054 1609 3112 αὐτοῦ
1644 3057 1931 3128 φέρονται.
1974 3059 2150 3126 λέξεις
2177 3062 2544 3116 παντοδαπαὶ

248 3143 356 3194 etc.
395 3140 546 3194 Eud.
583 3138 816 3208 reliquis
854 3139 1089 3206 omissis,
1128 3139 1284 3193 cuius
1320 3142 1494 3194 verba
1532 3140 1737 3195 rectius
1775 3140 1856 3194 sic
1882 3141 2239 3211 transponas,
2279 3144 2344 3196 ut
2371 3143 2545 3198 verba.

249 3215 636 3289 γραμματικὸς
674 3216 768 3274 ἐπὶ
800 3214 1088 3287 Ἀδριανοῦ
1125 3221 1254 3289 post
1281 3222 1478 3289 Λυσίμ.
1518 3220 1864 3274 collocentur
1973 3226 2005 3274 5
2046 3216 2370 3288 ἐπιστητὲον
2398 3223 2541 3291 vulq.

251 3295 585 3354 ἐπιστατέον
623 3305 668 3351 A
801 3306 830 3354 7
870 3301 1159 3360 παντοίοις
1196 3293 1381 3367 λόγοις
1415 3302 1560 3369 υιιῖρ.
1609 3307 1877 3362 παντοῖος
1915 3296 2077 3369 λόγος
2115 3307 2343 3370 ABDE3
2393 3305 2543 3372 quod

244 3379 441 3448 scripsi
479 3379 620 3436 coni.
661 3379 907 3447 Toupius
945 3379 1070 3433 coll.
1115 3374 1413 3442 Διονύσιος
1439 3377 1558 3448 “Αλ.,
1597 3388 1867 3443 παντοῖος
1902 3377 2106 3449 λόγους
2144 3383 2321 3436 suasit
2359 3383 2540 3437 Bern-

244 3459 425 3528 hardy
551 3465 582 3512 9
620 3457 798 3523 λέξεις
835 3461 1207 3514 παντοδαπαί
1236 3461 1380 3529 vulq.
1421 3458 1568 3526 λέξις
1603 3455 1942 3529 παντοδαπή
1982 3465 2028 3513 A
2172 3468 2233 3514 11
2276 3462 2541 3529 κρημνῶν

245 3540 390 3607 ταῖς.
427 3544 588 3591 BER
625 3544 741 3593 Ald.
783 3540 933 3593 Eud.
1048 3545 1112 3593 12
1152 3540 1467 3608 παροιμιῶν
1505 3555 1645 3594 corr.
1676 3539 1927 3594 Schottus
1962 3541 2136 3609 praef.
2177 3541 2250 3594 ad
2286 3541 2539 3596 Paroem.

245 3619 477 3692 (Corpus
515 3620 764 3675 Paroem.
803 3623 829 3675 I
865 3640 918 3691 p.
956 3621 1185 3688 XXVII)
1222 3619 1661 3689 ποταμῶν.1ἰῑ)ι“ἰ
1696 3620 1840 3689 vuly.
1991 3625 2056 3673 13
2092 3621 2159 3690 τῇ
2200 3636 2307 3674 om.
2347 3625 2392 3671 A

385 3707 548 3762 CCIV
586 3708 737 3763 Eud.
777 3728 829 3778 p.
873 3715 992 3764 228.
1051 3707 1131 3764 Cf.
1152 3708 1433 3776 Weleker,
1471 3709 1564 3764 Gr.
1593 3709 1760 3778 Trag.
1799 3728 1854 3778 p.
1897 3713 2050 3763 1035.
2116 3707 2276 3762 Hunc
2312 3711 2537 3777 poetam

249 3787 515 3856 Cynicum
560 3805 681 3842 esse
730 3806 797 3843 ex
841 3787 1002 3858 Diog.
1045 3789 1148 3857 VI,
1186 3795 1255 3844 80
1302 3789 1575 3844 conclusit
1610 3789 1833 3854 R-ohde,
1886 3787 2025 3842 Mus.
2076 3789 2253 3841 Rhen.
2303 3787 2537 3843 XXXIV

244 3888 300 3938 p.
339 3873 441 3922 620
471 3885 600 3937 seq.‚
639 3869 736 3938 qui
766 3867 1034 3937 Cynicum
1071 3867 1252 3936 ipsum
1291 3886 1339 3923 s..
1380 3875 1483 3923 403
1522 3871 1719 3924 natum
1756 3885 1874 3924 esse
1905 3867 2116 3922 docuit.
2175 3867 2369 3936 Itaque
2408 3884 2537 3937 poe·

246 3950 360 4001 tam
399 3947 676 4016 tragicum
713 3948 936 4002 finxisse
963 3948 1187 4011 videtur
1217 3949 1525 4018 Hesychius
1554 3952 1645 4004 vel
1674 3951 1746 4015 is,
1789 3946 2311 4017 quemcompilavit
2408 3954 2470 4001 15
2500 3944 2534 4016 ἢ

251 4023 532 4097 Οἰνόμαος
569 4030 808 4098 suspect.
846 4029 1159 4083 Burmann.
1199 4030 1270 4083 ad
1311 4028 1469 4084 Ovid.
1499 4029 1665 4082 Trist.
1702 4029 1777 4095 II,
1810 4033 1913 4081 385
1951 4031 2121 4097 atque
2158 4026 2285 4081 aliis
2375 4025 2534 4095 γέγο-

247 4127 344 4163 νεν
380 4139 448 4146 -
488 4105 865 4176 καταλύσεως,
904 4125 1010 4161 om.
1041 4109 1191 4162 Eud.
1230 4109 1458 4164 seclusit
1495 4109 1770 4162 Westerm.
1885 4115 1949 4162 16
1984 4102 2251 4176 Ἀχιλλεύς
2280 4138 2341 4144 -
2385 4103 2528 4175 Χρύ-

240 4207 448 4250 σιππος
487 4187 780 4257 Sinopensi
818 4187 1058 4257 Diogeni
1095 4187 1252 4242 dedit
1285 4187 1449 4259 Diog.
1487 4188 1592 4255 VI,
1631 4194 1700 4242 80
1836 4193 1900 4240 18
1940 4185 2159 4257 Σεμέλη
2198 4185 2435 4240 accessit
2470 4203 2538 4240 ex

245 4271 444 4324 Athen.
478 4267 606 4321 XIV
644 4287 696 4338 p.
729 4275 831 4322 636

387 4347 527 4405 CCV
569 4347 643 4407 cf.
686 4345 893 4402 Mffller
926 4347 1005 4401 IV
1041 4366 1096 4418 p.
1136 4352 1267 4417 391,
1307 4365 1472 4417 quem
1513 4348 1735 4401 secutus
1774 4364 1898 4402 sum
