3025 4892
520 221 598 283 lO
1450 220 1879 279 HESYCHIUS.

686 383 887 448 XXX.
966 379 1316 460 Ἀλκαῖος
1372 388 1890 469 [Μυτιληναϊος,
1945 379 2107 472 εἶτα]
2165 380 2551 470 Ἀθηναῖος,
2612 412 2823 471 κωμι-

507 486 625 566 κὸς
659 491 776 573 τῆς
812 484 1091 575 ἀρχαίας
1125 493 1479 580 κωμῳδίας
1509 489 1881 577 [πέμπτος],
1928 487 2076 571 υίὸς
2117 489 2191 558 δὲ
2225 496 2509 560 Μίκκου.
2558 497 2821 578 ἔγραψε

510 596 812 682 δράματα
859 595 1038 664 δέκα.

681 721 917 787 XXXI.
994 718 1250 807 Ἀλκιβ
1264 720 1394 789 ιάδ
1404 747 1491 807 ης
1557 721 1707 800 υίὸς
1770 727 2094 790 Κλεινίου
2158 723 2268 789 καὶ
2332 725 2448 809 τῆς
2510 721 2825 811 ἀδελφῆς

454 843 480 882 5
510 827 944 913 Περικλέους,
985 824 1371 914 Ἀθηναῖος,
1417 826 1794 915 φιλόσοφος
1828 828 1941 896 καὶ
1979 829 2233 916 ῥήτωρ,
2280 827 2585 916 μαθητὴς
2626 835 2823 915 πρῶ-

505 959 625 1000 τον
654 939 989 1020 Σοφίλου,
1019 932 1157 1002 εἶτα
1189 933 1615 1023 Σωκράτους,
1654 928 1737 1003 οὗ
1765 937 1875 1003 καὶ
1907 928 2080 1023 <ἧν>
2112 934 2465 1025 ἐρώμενος,
2496 934 2584 1017 ὥς
2610 964 2824 1018 τινες.

509 1041 644 1124 [καὶ
682 1043 752 1108 ἐκ
793 1041 1060 1109 δούλων
1099 1042 1173 1109 δὲ
1209 1042 1531 1130 τεχθέντα
1567 1042 1743 1122 τινὲς
1779 1042 2256 1129 ἱστορήκασιν.]
2310 1036 2537 1126 [οὗτος
2572 1045 2819 1132 ἐστρα-

509 1146 798 1233 τήγησεν
839 1144 1246 1234 Ἀθηναίων·
1293 1149 1403 1216 καὶ
1441 1149 1767 1236 λυπηθεὶς
1805 1147 1918 1216 διὰ
1963 1147 2037 1218 τὸ
2086 1152 2386 1218 ἐκπεσεῖν
2434 1147 2640 1218 αὐτὸν
2686 1155 2823 1237 τῆς

506 1259 901 1340 στρατηγίας
958 1257 1074 1342 τῆς
1131 1258 1267 1323 τῶν
1317 1252 1583 1343 Ἑρμῶν
1642 1251 1986 1342 ἀποκοπῆς
2046 1257 2270 1342 ἕνεκα,
2335 1257 2443 1324 καὶ
2510 1253 2824 1337 ἀποστὰς

429 1375 477 1414 1⁰
505 1358 671 1448 πρὸς
723 1364 1192 1449 Τισσαφέρνην
1236 1363 1357 1430 τὸν
1397 1362 1672 1449 Πέρσην
1716 1363 1826 1430 καὶ
1863 1364 2158 1449 πολέμου
2194 1352 2404 1445 αἴτιος
2442 1362 2822 1450 γενόμενος

477 1463 907 1568 .Ἀθηναίοις,
945 1467 1148 1537 πάλιν
1187 1465 1414 1550 αὐτοῖς
1441 1467 1989 1554 εὔνονςέγένετο.
2045 1470 2403 1555 μέλλοντος
2433 1470 2507 1538 δὲ
2544 1469 2821 1538 Λυσάν-

507 1580 677 1665 δρου
715 1573 922 1645 αὐτὸν
961 1573 1286 1666 ἀναιρεῖν,
1324 1573 1480 1666 παρ’
1516 1567 1568 1667 ᾧ
1612 1577 1942 1662 διέτριβεν
1974 1581 2070 1657 εἰς
2095 1577 2326 1664 κώμην
2354 1581 2473 1664 τῆς
2505 1583 2822 1666 Φρυγίας

508 1686 733 1774 ἑταίρᾳ
773 1683 1020 1770 σννεόν,
1060 1683 1229 1771 ὄναρ
1259 1675 1344 1769 ἦν
1373 1684 1779 1769 τεθεαμένος
1804 1681 2097 1751 τοιόνδε’
2136 1681 2354 1752 ἐδόκει
2388 1683 2514 1772 τὴν
2551 1687 2819 1770 ἐσθῆτα

504 1795 622 1877 τῆς
676 1791 938 1877 ἑταίρας
994 1795 1162 1877 ἔχων
1217 1795 1529 1858 καίεσθαι
1594 1792 1745 1877 δίχα
1795 1794 1912 1875 τῆς
1955 1792 2265 1876 κεφαλῆς.
2314 1795 2383 1858 οἱ
2424 1790 2817 1877 δορυφόροι

429 1909 478 1948 1⁵
508 1897 582 1966 δὲ
629 1895 1010 1976 ἐπιστάντες
1053 1894 1336 1983 ὑφῆψαν
1381 1894 1505 1982 τὴν
1537 1898 1821 1984 σκηνήν,
1862 1893 1898 1964 ὁ
1948 1893 2023 1965 δὲ
2070 1895 2362 1978 ἐξελθὼν
2408 1903 2523 1988 βία
2567 1897 2812 1984 τιτρώ-

506 2023 729 2072 σκεται
788 2007 1117 2090 διωχθείς.
1211 2007 1282 2070 οἱ
1323 2002 1398 2071 δὲ
1443 2001 1567 2089 τὴν
1614 2003 1912 2090 κεφαλὴν
1957 2001 2324 2090 ἀφελόντες
2370 2002 2577 2106 αὐτοῷ
2622 2012 2814 2091 Φαρ-

506 2110 770 2203 ναβάζῳ
809 2117 1241 2197 κομίζουσιν.]
2426 2161 2435 2168 -

683 2239 957 2304 XXXII.
1037 2234 1504 2322 Ἀλκιδάμας
1554 2233 1852 2322 Ἐλαΐτης
1906 2234 2037 2304 ἀπὸ
2089 2234 2351 2316 Ἐλαίας
2403 2240 2482 2304 tr*
2488 2263 2521 2316 ς
2559 2235 2811 2324 Ἀσίας,

505 2343 910 2430 φιλόσοφος,
979 2345 1347 2422 Διοκλέους
1399 2342 1579 2429 υἱός,
1645 2340 1931 2428 μουσικὰ
1987 2342 2430 2432 γεγραφότος,
2494 2343 2813 2431 μαθητὴς

428 2460 481 2499 2⁰
509 2456 802 2541 Γοργίου
846 2453 970 2520 τοῦ
1019 2455 1403 2519 Λεοντίνου.

689 2577 990 2643 XXXIII.
1073 2569 1525 2662 Ἀλκιμένης
1570 2573 1925 2663 Μεγαρεὺς
1968 2574 2295 2661 τραγικός.

685 2687 821 2749 ἔστι
868 2681 943 2749 δὲ
987 2682 1098 2749 καὶ
1146 2683 1366 2770 ἔτερος
1405 2680 1861 2769 Ἀλκιμένης
1900 2679 2259 2767 Ἀθηναῖος
2303 2681 2608 2768 κωμικός.

505 3012 716 3066 comico
754 3011 1040 3082 perspexit
1076 3012 1321 3066 Meineke
1349 3013 1372 3064 I
1411 3030 1463 3080 p.
1505 3017 1611 3066 244
1639 3027 1781 3080 seq„
1824 3028 1949 3065 cum
1988 3011 2227 3067 Alcaeus
2262 3013 2489 3068 fabulae
2518 3017 2805 3086 Κωμῳδο-

503 3091 1122 3241 ἒξνοῑιζξὸζιςιῖἑίῐὲῖῖρε
1158 3091 1384 3146 habitus
1423 3091 1511 3146 sit.
1572 3091 1807 3147 Secutus
1846 3093 1932 3146 est
1966 3090 2238 3146 Westerm.
2296 3091 2378 3147 cf.
2407 3093 2805 3162 Wachsmuth‚

646 3270 800 3323 XXX
837 3269 988 3324 Eud.
1026 3288 1079 3338 p.
1123 3275 1222 3324 102
1371 3277 1396 3324 1
1439 3269 1609 3325 verba
1638 3272 2031 3340 ⁴Mvnzmtoctog
2078 3265 2199 3322 εἶτα
2246 3268 2478 3324 seclusis
2523 3271 2801 3326 Westerm.

506 3347 627 3404 εἶτα
659 3345 952 3419 Ἀθηναῖος
981 3367 1088 3405 om.
1117 3351 1267 3406 Eud.
1415 3358 1446 3405 2
1484 3348 1737 3421 πέμπτος
1766 3381 1831 3389 -
1862 3351 2089 3404 Μίκκου
2129 3366 2235 3405 om.
2265 3348 2417 3404 Eud.
2454 3347 2702 3419 πέμπτος
2740 3351 2803 3404 in

505 3429 911 3486 dubitationem
952 3431 1177 3486 vocavit
1213 3430 1289 3485 Μ
1286 3431 1488 3497 eineke,
1525 3431 1680 3485 uncis
1718 3428 2150 3499 circumscripsit
2187 3429 2461 3486 Westerm.

644 3528 826 3583 XXXI
864 3547 971 3584 om.
1005 3529 1278 3584 Westerm.
1390 3536 1421 3583 6
1459 3529 1715 3598 Σοφίλου
1752 3531 1964 3579 ΔΒΕΠ
2002 3527 2267 3595 Σωφίλου
2305 3528 2448 3597 vuly.
2558 3517 2630 3595 ἦν
2666 3526 2799 3582 add.

504 3610 673 3664 Daub
821 3615 850 3663 ’ἶ
887 3609 986 3663 καὶ
1025 3604 1088 3663 ἐκ
1129 3605 1347 3663 δούλων
1385 3640 1451 3649 -
1492 3605 1850 3677 ἰστορήκασιν
1887 3623 1998 3662 non
2042 3607 2116 3661 ad
2149 3605 2502 3662 Alcibiadem
2541 3609 2800 3676 spectare

506 3691 622 3744 dixi
659 3690 800 3745 Mne.
839 3690 1014 3744 Rhen.
1054 3689 1090 3742 1.
1131 3706 1176 3742 c.
1215 3707 1270 3758 p.
1309 3694 1438 3756 203,
1485 3688 1561 3742 ad
1612 3687 1897 3743 Alcmanis
1952 3687 2127 3741 vitam
2179 3687 2400 3741 rettulit
2444 3687 2802 3758 Bernhardy,

505 3788 746 3840 quocum
791 3769 1068 3825 consentit
1113 3769 1460 3836 Gutschmid,
1510 3767 1608 3836 qui
1654 3767 1786 3823 inde
1824 3768 2106 3823 Alcmanis
2155 3767 2330 3821 vitam
2373 3767 2434 3820 in
2474 3767 2629 3823 fonte
2666 3772 2803 3837 post

503 3850 814 3905 Alcibiadis
866 3851 1072 3904 lectam
1129 3865 1247 3902 esse
1305 3866 1630 3919 persuasum
1691 3847 1939 3903 habebat
1988 3847 2208 3916 (merito
2268 3845 2516 3916 neglexit
2572 3847 2798 3901 Wachs·

504 3931 767 3998 muthius)
915 3919 1078 3990 οὗτος
1107 3960 1172 3968 —
1204 3930 1333 3984 exit.
1372 3930 1444 3984 ab
1480 3927 1762 3998 Hesychio
1800 3927 1985 3982 aliena
2017 3944 2135 3982 esse
2174 3926 2371 3981 eodem
2408 3927 2534 3983 loco
2572 3927 2742 3980 statui

510 4016 569 4062 11
602 4006 936 4077 Λυσάνδρου
966 4012 1177 4060 ΔΒΕΠ
1323 4015 1387 4062 16
1430 4006 1802 4082 Φαρναβάζου
1841 4007 2081 4062 mutavit
2118 4008 2203 4062 ed.
2229 4012 2346 4060 Bas.

646 4105 854 4160 XXXII
895 4113 960 4162 18
1001 4101 1257 4174 Ἐλαΐτης
1292 4099 1398 4160 ἀπ’
1435 4101 1661 4168 Ἐλαίας
1698 4106 2055 4162 Casaubonus
2090 4106 2164 4158 ad
2191 4105 2396 4160 Athen.
2426 4104 2573 4171 XIII,
2602 4123 2655 4172 p.
2687 4111 2795 4158 592

500 4181 733 4255 Ἐλάτης
769 4180 884 4240 άπὸ
918 4180 1112 4247 Ἐλέας
1137 4187 1282 4256 vuly.
1318 4180 1584 4254 Ἐλεάτης
1617 4204 1723 4240 om.
1755 4187 1878 4242 edd.
1907 4188 2047 4240 vett.
2076 4187 2227 4242 Eud.
2284 4185 2365 4242 Cf.
2396 4185 2621 4240 Tzetzes
2650 4182 2795 4240 Chil.

507 4265 608 4330 XI,
647 4272 767 4320 746.
840 4265 1013 4320 Elaea
1050 4269 1171 4320 erat
1206 4267 1338 4321 urbs
1375 4265 1561 4320 Asiae.

647 4351 880 4406 XXXIII
918 4353 1177 4408 Meineke
1214 4357 1240 4408 I
1276 4374 1331 4424 p.
1368 4361 1468 4408 101
1509 4373 1622 4425 seq.
