3025 4892
558 185 685 250 106
1478 184 1904 240 HESYCHIUS.

553 346 666 413 καῖ
727 343 936 432 ἄλλην
992 350 1234 432 βίβλον
1293 343 1459 413 κατὰ
1513 349 1748 413 πασῶν
1801 349 1938 414 τῶν
1990 346 2342 431 αἱρέσεων,
2398 335 2479 430 ἧς
2524 344 2839 432 μέμνηται

555 454 627 519 ἐν
674 454 766 543 τῷ
815 448 1298 544 άπολογητικῷ,
1347 448 1429 520 ὃν
1477 453 1806 521 ἐπέδωκεν
1846 450 2224 541 Ἀντωνίνςο
2269 456 2359 544 τῷ
2410 457 2580 542 Πίῳ.
2654 443 2839 530 οὗτος

554 561 627 626 ἐν
663 562 744 647 τῇ
770 554 988 648 Ῥώμῃ
1029 564 1198 646 ἔχων
1233 556 1350 639 τὰς
1388 559 1754 647 διατριβάς,
1804 558 2122 628 εὐθύνων
2161 565 2467 646 Κρίσκην
2507 558 2626 628 τὸν
2664 587 2837 627 κυνι-

551 664 674 733 κὸν
737 663 858 734 τὸν
923 666 1086 733 κατὰ
1151 669 1287 734 τῶν
1351 671 1752 754 χριστιανῶν
1818 654 2376 753 βλασφημοῦντα,
2450 668 2561 734 καὶ
2605 670 2836 734 -καλῶν

500 800 524 839 5
555 769 767 840 αὐτον
812 777 1183 860 λαίμαργον
1232 771 1497 842 ἄσωτόν
1542 800 1611 841 τε
1655 774 1764 842 καὶ
1812 771 2185 865 ἀκόλαστον
2228 774 2340 840 καὶ
2382 772 2503 843 τὸν
2542 772 2836 842 θάνατον

552 877 1010 965 φοβούμενον,
1057 881 1240 959 τέλος
1285 884 1364 969 τῇ
1412 880 1659 949 τούτου
1706 884 2003 975 ἐνεργεία
2048 881 2157 948 καὶ
2206 882 2525 970 ἐπιβουλῇ
2574 878 2665 961 ῶς
2710 908 2835 968 χρι-

552 984 825 1065 στιανός
871 984 1036 1069 ὑπὲρ
1083 991 1379 1075 Χριστοῦ
1427 992 1723 1073 ἔπαθεν]

730 1112 1124 1180 GCCXOIV.
1176 1109 1551 1195 [Ἰοῦστος
1596 1111 1935 1200 Τιβεριεὺς
1972 1114 2285 1200 ἐπαρχίας
2322 1074 2705 1198 Γαλιλαίας,
2743 1113 2837 1178 ἐπ-

553 1224 849 1307 εχείρησε
919 1246 1041 1305 μεν
1097 1212 1243 1286 καὶ
1265 1216 1465 1299 αὐτὸς
1523 1215 1902 1303 ἩΙουδαικὴν
1961 1222 2264 1304 ἱστορίαν
2331 1218 2682 1303 συντάξαι,
2736 1222 2843 1284 καί

474 1355 526 1393 ιο
553 1352 706 1393 τινα
743 1323 1187 1412 ὑπομνήματα
1224 1326 1373 1412 περὶ
1410 1328 1718 1412 γραφῶν·
1766 1323 1934 1392 ἀλλὰ
1970 1329 2215 1393 τοῦτον
2245 1322 2563 1411 Ἰώσηπος
2598 1326 2835 1411 ἐλέγχει

549 1431 994 1518 ψευσάμενον.
1083 1432 1194 1499 καὶ
1249 1429 1378 1518 γὰρ
1437 1433 1509 1498 ἐν
1569 1433 1797 1522 ἐκείνω
1852 1434 1942 1522 τῷ
2001 1433 2210 1523 καιρῶ
2259 1434 2688 1521 συνέγραφεν
2732 1429 2830 1499 ὅτε

547 1541 657 1608 καὶ
699 1537 1060 1626 Ἰώσηπος]

728 1666 1084 1734 OOOXOV.
1183 1661 1461 1749 Ἰοφῶν
1538 1661 1893 1749 Ἀθηναῖος
1973 1664 2311 1749 τραγικός,
2385 1663 2534 1744 υίὸς
2615 1672 2829 1750 Σοφο-

547 1774 782 1852 κλέους
837 1775 959 1839 τοῦ
1008 1773 1359 1858 τραγικοῦ,
1413 1768 1690 1858 γνήσιος
1745 1768 1873 1837 ἀπὸ
1926 1769 2411 1856 Νικοστράτης·
2479 1772 2712 1857 γέγονε
2766 1769 2830 1836 δὲ

470 1904 521 1943 15
550 1877 730 1970 αὐτῷ
803 1879 915 1945 καὶ
979 1879 1192 1956 νόθος
1257 1875 1404 1957 υίὸς
1461 1875 1791 1963 Ἀρίστων
1849 1874 1976 1944 ἀπὸ
2044 1882 2380 1966 Θεωρίδος
2444 1882 2829 1955 Σικυωνίας.

554 1984 858 2073 δράματα
905 1984 979 2052 δὲ
1021 1982 1264 2071 Ἰοφῶν
1311 1986 1572 2066 ἐδίδαξε
1618 1984 1711 2070 ν’,
1761 1976 1856 2052 ῶν
1905 1986 2083 2052 ἐστιν
2118 1982 2471 2072 Ἀχιλλεύς,
2526 1984 2827 2070 Τήλεφος,

544 2090 884 2176 Ἀκταίων,
927 2089 1133 2177 Ἰλίου
1169 2093 1417 2180 πέρσις,
1460 2092 1862 2179 Δεξαμενός,
1905 2091 2160 2177 Βάκχαι
2198 2087 2324 2179 <ἢ>
2353 2091 2688 2177 Πενθεύς,
2731 2089 2827 2157 καὶ

547 2198 720 2268 ἄλλα
769 2197 920 2266 τινὰ
967 2197 1125 2285 μετὰ
1172 2204 1292 2268 τοῦ
1339 2198 1587 2286 πατρὸς
1633 2200 2082 2283 Σοφοκλέους.

732 2325 1122 2393 CCCXCVI.
1196 2321 1609 2411 Ἱππαρχία
1664 2321 1921 2409 ἀδελφὴ
1971 2324 2447 2411 Μητροκλέους
2493 2328 2617 2392 τοῦ
2662 2350 2825 2391 κυνι·

469 2454 521 2492 20
547 2434 704 2518 κοῦ,
781 2438 1235 2517 Μαρωνεῖτις,
1301 2430 1677 2518 φιλόσοφος
1740 2431 2010 2517 κυνική,
2076 2428 2248 2516 γυνὴ
2313 2430 2660 2518 Κράτητος
2723 2432 2827 2497 τοῦ

548 2540 860 2623 κυνικοῦ,
909 2534 981 2617 ὃς
1026 2530 1112 2625 ἦν
1160 2543 1484 2625 Θηβαῖος,
1533 2536 1899 2625 Βρύσωνος
1945 2535 2249 2623 μαθητὴς
2293 2540 2415 2604 τοῦ
2457 2534 2751 2624 Ἀχαιοῦ,
2792 2532 2853 2621 ἢ

549 2643 638 2726 ῶς
664 2672 840 2725 τινες
871 2647 1260 2733 Διογένους.
1317 2644 1603 2733 ἤκμαζεν
1642 2646 1744 2713 ἐπὶ
1782 2648 1898 2732 τῆς
1940 2644 2080 2734 ρια’
2112 2641 2543 2731 ὀλυμπιάδος.
2600 2650 2826 2733 ἔγραψε

695 2957 999 3013 cooxow
1048 2958 1128 3014 of.
1170 2957 1364 3027 steph.
1401 2958 1533 3027 Byz.
1570 2977 1623 3013 v.
1668 2953 1945 3029 Τιβεριάς.
2028 2957 2114 3011 Ab
2162 2916 2443 3027 Hesychid
2490 2956 2732 3011 alienam
2778 2955 2827 3008 et

548 3038 622 3091 ab
663 3037 835 3092 Suida
882 3056 950 3093 ex
995 3038 1264 3107 Sophron.
1310 3056 1356 3092 ο.
1397 3044 1464 3093 14
1511 3038 1852 3108 adscriptam
1902 3054 2020 3091 esse
2064 3036 2268 3093 visum.
2292 3040 2379 3091 est
2413 3038 2656 3105 Εοῖιᾱίο,
2699 3036 2825 3089 Mus.

549 3115 992 3251 {ffissr5gzx'lv
1027 3134 1082 3186 p.
1114 3121 1216 3170 564
1252 3117 1367 3172 not.
1399 3122 1430 3170 2
1545 3123 1610 3171 10
1648 3116 1777 3188 περὶ
1812 3114 2057 3187 γράφειν
2092 3117 2247 3187 libri,
2287 3134 2355 3171 ex
2393 3118 2662 3187 Sophron.
2704 3132 2826 3170 corr.

692 3282 973 3338 CCCXCV
1006 3284 1156 3339 Eud.
1185 3304 1238 3355 p.
1270 3291 1387 3339 404.
1441 3286 1523 3339 Cf.
1554 3305 1603 3339 v.
1627 3287 1917 3353 Κλεοφῶν.
1957 3288 2229 3343 Tractant
2248 3287 2524 3354 Weloker‚
2556 3286 2649 3343 Gr.
2670 3287 2822 3352 Trag.

546 3384 602 3435 p.
643 3369 764 3429 9⁷5,
801 3362 1144 3431 Volkmann,
1184 3365 1253 3419 de
1293 3366 1443 3421 Suid.
1485 3366 1660 3435 biogr.
1691 3369 1874 3435 (1861)
1910 3385 1966 3436 p.
1998 3373 2065 3421 33
2085 3384 2197 3435 seq.
2312 3373 2378 3421 14
2414 3364 2825 3438 τραγῳδοποιοῦ

548 3445 700 3501 Eud.
741 3446 1188 3513 τραγῳδιοποιοῦ
1225 3447 1368 3515 ναῖς.
1407 3447 1676 3515 τραγικοῦ
1713 3440 1814 3499 AV
1956 3442 2071 3500 άπὸ
2108 3450 2245 3503 Νικ.
2280 3479 2343 3487 —-
2372 3448 2702 3523 Σικυωνίας.
2731 3463 2823 3500 om.

547 3526 699 3579 Eud.
882 3529 947 3578 15
988 3526 1270 3589 Θεωρίδος
1307 3544 1443 3580 corr.
1480 3526 1695 3580 Porson
1730 3528 1996 3593 θεορίδος
2030 3533 2077 3581 V
2113 3524 2465 3597 θεοδώριδος
2498 3530 2644 3597 vuly.
2685 3530 2823 3582 Θεω-

549 3601 734 3674 δῶρας
760 3611 803 3657 Ε
952 3610 1016 3661 16
1058 3600 1282 3669 ἐδίδαξε
1324 3603 1583 3674 δράματα
1624 3611 1737 3658 ΔΙᾱ.
1778 3606 1928 3660 Eud.
1968 3602 2267 3676 ’γράμματα
2296 3610 2448 3659 ABv
2580 3612 2644 3662 17
2678 3602 2822 3659 Ἰλίου

547 3684 742 3753 πέρσις
779 3702 915 3739 corr.
953 3684 1252 3752 Kusterm,
1289 3680 1454 3747 Ἴλιος
1500 3680 1569 3739 οὗ
1608 3688 1800 3755 περσίς
1835 3690 1984 3740 BVE
2023 3688 2189 3754 ἰ’,λιος
2237 3686 2429 3754 περσίς
2464 3690 2509 3737 Δ
2546 3685 2644 3740 rel.
2686 3684 2821 3739 Eud.
2841 3737 2856 3743 ,

545 3760 581 3833 ἢ
621 3769 752 3837 post
789 3761 1012 3834 Βάκχαι
1039 3766 1166 3820 add.
1194 3727 1541 3821 V‘alckenaer.
1581 3766 1742 3820 diabr.
1774 3765 1902 3819 Eur.
1929 3784 1983 3834 p.
2010 3771 2074 3821 16
2106 3782 2214 3819 om.
2251 3765 2383 3819 libri
2411 3764 2569 3819 Suid.
2602 3766 2661 3818 et
2686 3763 2821 3817 Eud.

533 3852 616 3909 ,18
655 3842 795 3915 μετὰ
833 3846 934 3900 τοῦ
971 3862 1109 3901 corr.
1143 3846 1402 3902 Porson
1385 3865 1442 3900 1n
1471 3846 1639 3902 Arist.
1674 3865 1728 3916 p.
1760 3850 1825 3899 58
1863 3842 1989 3899 τινὰ
2029 3844 2127 3899 καὶ
2153 3841 2221 3899 τὰ
2252 3844 2353 3898 τοῦ
2385 3843 2653 3910 Gaisford
2688 3835 2817 3896 κατὰ

545 3926 646 3981 τοῦ
685 3928 888 3978 AVBE
936 3921 1102 3995 (κατὰ
1153 3929 1211 3980 et
1257 3922 1396 3993 μετὰ
1445 3928 1667 3996 saepius
1706 3925 1911 3981 mutari
1958 3926 2202 3995 constat)
2250 3923 2350 3979 τοῦ
2397 3924 2542 3992 vuly.
2590 3922 2691 3977 τοῦ
2728 3937 2819 3975 om.

544 4001 961 4074 praepositione
1001 4002 1171 4057 etiam
1209 4004 1361 4060 Eud

611 4112 618 4121 ·
691 4089 1000 4145 CCCXCVI
1037 4108 1142 4146 om.
1176 4068 1448 4148 Westerm
1478 4094 1630 4151 Eud.
1660 4114 1713 4165 p.
1746 4100 1863 4151 397.
1932 4092 2206 4163 Of.Diog.
2240 4092 2450 4160 V11‚96
2550 4098 2619 4146 20
2657 4084 2821 4160 Στρά-

546 4192 711 4241 τητος
736 4175 777 4223 Β
807 4176 923 4226 Ald
953 4171 1102 4226 Eud.
1215 4180 1281 4227 21
1309 4169 1603 4249 Ἀθηναῖος
1637 4192 1739 4245 pro
1773 4177 2021 4246 Θηβαῖος
2056 4175 2200 4242 vuly.
2224 4172 2371 4227 Eud.
2413 4170 2712 4236 Βοῦσωνος
2742 4175 2817 4225 ΒΕ

548 4258 615 4306 22
647 4248 895 4321 ἤκμαζεν
927 4282 992 4291 ——-
1028 4250 1159 4307 exit.
1189 4270 1297 4309 om.
1317 4254 1488 4322 Eud„
1522 4250 1652 4325 ἥκμ.
1684 4285 1751 4294 -
1782 4249 1981 4324 ὄλυμπ.
2013 4271 2081 4308 ex
2107 4254 2217 4308 fine
2244 4253 2343 4308 vit.
2383 4253 2492 4307 huo
2518 4246 2820 4323 transposui

548 4326 802 4401 ἤκμασεν
839 4332 983 4404 vuly.
1023 4327 1274 4402 ἤκμαζεν
1311 4339 1458 4389 ΔΒΕ
