3025 4892
559 208 688 271 216
1484 204 1913 261 HESYCHIUS.

558 374 784 457 βιβλία
830 368 922 456 β’,
969 369 1120 455 περὶ
1155 371 1276 437 τοῦ
1313 368 1476 435 κατὰ
1504 364 1871 453 Ῥωμαίους
1908 368 2222 434 ἐνιαυτοῦ
2258 371 2525 452 βιβλίον
2564 364 2653 450 α’,
2694 367 2825 453 περὶ

557 483 694 547 τῶν
749 480 822 545 ἐν
869 488 1008 555 τοῖς
1053 481 1339 562 βιβλίοις
1385 479 1678 561 σημείων
1726 475 1817 558 α’,
1875 472 2025 558 περὶ
2070 476 2187 559 τῆς
2232 474 2620 558 Κικέρωνος
2661 480 2825 540 πολι-

556 590 733 663 τείας
789 583 854 649 α’
904 580 1261 669 (ἀντιλέγει
1325 580 1398 649 δὲ
1444 583 1535 671 τῷ
1586 578 1934 669 Διδύμῳ),
1997 579 2146 666 περὶ
2194 576 2548 666 ὀνομάτων
2595 585 2823 667 κυρίων

558 690 668 758 καὶ
714 688 896 768 ἰδέας
941 687 1342 775 ἐσθημάτων
1385 687 1498 755 καὶ
1540 683 1990 773 ὑποδημάτων
2030 685 2140 753 καὶ
2176 688 2311 753 τῶν
2350 683 2575 753 ἄλλων
2616 680 2710 765 οἷς
2740 713 2824 765 τις

506 816 531 855 5
559 796 1036 884 ἀμφιέννυται,
1095 794 1245 881 περὶ
1305 792 1681 881 δυσφήμων
1738 793 1981 873 λέξεων
2040 791 2187 879 ἤτοι
2241 796 2682 880 βλασφημιῶν
2736 794 2833 860 καὶ

559 903 776 972 πόθεν
834 901 1102 989 ἑκάστη,
1162 902 1312 990 περὶ
1357 898 1613 987 Ῥώμης
1666 901 1777 968 καὶ
1838 902 1976 968 τῶν
2035 900 2109 967 έν
2167 897 2333 988 αὐτῇ
2388 906 2691 987 νομίμων
2738 901 2833 967 καὶ

557 1008 751 1097 ἠθῶν
811 1014 1036 1096 βιβλία
1089 1008 1182 1095 β’,
1238 1005 1673 1095 συγγενικόν,
1732 1005 2100 1093 Καισάρων
2159 1006 2471 1094 (περιέχει
2530 1006 2606 1075 δὲ
2666 1012 2837 1103 βίους

560 1115 724 1185 κατὰ
786 1114 1103 1203 διαδοχὰς
1162 1113 1384 1183 αὐτῶν
1431 1110 1563 1182 ἀπὸ
1604 1111 1894 1182 Ἰουλίου
1942 1114 2065 1193 ἕως
2104 1116 2563 1202 Δομετιανοῦ)
2636 1120 2838 1200 βιβλία

563 1222 655 1310 η’,
705 1222 955 1308 στέμμα
992 1218 1336 1308 Ῥωμαίων
1383 1217 1662 1308 ἀνδρῶν
1707 1218 2069 1307 ἐπισήμων.

495 1349 546 1388 10
755 1327 1097 1395 DOOOIII.
1154 1325 1706 1415 Τριβωνιανὸς
1744 1331 2284 1395 Μακεδονιανοῦ.
2324 1325 2451 1396 ἀπὸ
2486 1328 2839 1416 δικηγόρων

567 1440 703 1504 τῶν
779 1432 1114 1521 ὑπάρχων.
1227 1424 1452 1517 [οὗτος
1526 1430 1562 1501 ὁ
1637 1433 2091 1521 Τριβωνιανὸς
2120 1431 2369 1521 ’Ἕλλην
2434 1432 2688 1523 ὑπῆρχε
2744 1437 2840 1502 καὶ

569 1541 779 1622 ἄθεος
814 1545 922 1610 καὶ
961 1538 1311 1626 ἀλλότριος
1347 1538 1511 1608 κατὰ
1551 1538 1769 1608 πάντα
1806 1542 1921 1626 τῆς
1957 1544 2092 1609 τῶν
2130 1546 2535 1627 χριστιανῶν
2570 1547 2842 1625 πίστεως,

568 1648 772 1731 κόλαξ
819 1648 894 1718 δὲ
936 1648 1048 1716 καὶ
1095 1645 1399 1716 ἀπατεὼν
1445 1647 1558 1714 καὶ
1604 1652 1865 1715 πείθων
1898 1645 2390 1716 Ἰουστινιανὸν
2434 1646 2559 1715 τὸν
2595 1650 2842 1734 βασιλέα

569 1753 659 1835 ὥς
705 1752 807 1825 ὅτι
857 1753 981 1823 οὐκ
1027 1752 1488 1840 ἀποθανεῖται,
1528 1750 1677 1821 ἀλλ’
1721 1758 1817 1833 είς
1852 1752 2011 1833 τοὺς
2052 1752 2388 1842 οὐρανοὺς
2422 1752 2585 1841 μετὰ
2630 1753 2845 1842 σαρκὸς

505 1879 551 1919 1⁵
581 1859 1152 1949 ἀναληφθήσεται.
1243 1852 1329 1946 ἦν
1379 1859 1453 1927 δὲ
1498 1866 1856 1947 κοιαίστωρ
1897 1857 2426 1943 Ἰουστινιανοῦ.]

760 1968 1102 2035 DOGOIV.
1185 1965 1738 2054 Τριβωνιανὸς
1775 1965 2103 2054 Σιδήτης,
2148 1964 2279 2035 ἀπὸ
2320 1966 2697 2056 δικηγόρων
2728 1970 2849 2035 τῶν

570 2071 892 2161 ὑπάρχων
937 2072 1048 2139 καὶ
1095 2070 1323 2159 αὐτός,
1371 2072 1548 2161 ἀνὴρ
1594 2072 2011 2160 πολυμαθής.
2094 2079 2383 2160 ἔγραψεν
2430 2076 2668 2154 έπικως
2708 2070 2848 2141 ὑπό-

571 2207 798 2267 μνημα
845 2183 939 2258 είς
982 2178 1104 2247 τὸν
1143 2186 1571 2267 Πτολεμαίου
1615 2180 1895 2277 κανόνα,
1944 2187 2347 2268 συμφωνίαν
2385 2186 2508 2250 τοῦ
2547 2184 2849 2268 κοσμικοῦ

579 2288 694 2355 καὶ
747 2273 1122 2374 ἁρμονικοῦ
1169 2287 1603 2385 διαθέματος,
1660 2292 1753 2367 εἰς
1798 2284 1918 2355 τὸν
1963 2287 2334 2357 πολεύοντα
2380 2290 2491 2355 καὶ
2540 2289 2851 2371 διέποντα,

493 2410 546 2450 2⁰
573 2400 668 2473 είς
721 2392 877 2473 τοὺς
945 2396 1082 2461 τῶν
1140 2394 1595 2480 πλανωμένων
1652 2401 1903 2481 οἱκους,
1966 2395 2077 2461 καὶ
2134 2394 2241 2463 διὸ
2299 2394 2547 2486 ἑκάστω
2604 2393 2774 2474 οἶκος
2822 2391 2851 2460 ὁ

588 2505 813 2586 δεῖνα,
862 2506 955 2581 είς
998 2498 1156 2580 τοὺς
1201 2499 1313 2567 κδ’
1358 2500 1571 2579 πόδας
1616 2498 1772 2579 τοὺς
1817 2498 2165 2588 μετρικοὺς
2209 2501 2319 2568 καὶ
2363 2500 2522 2581 τοὺς
2568 2500 2674 2588 κη’
2716 2500 2855 2579 τοὺς

590 2605 997 2696 ρυθμικούς,
1052 2605 1470 2694 μετάφρασιν
1521 2610 1643 2675 τοῦ
1678 2603 2035 2693 Ὁμηρικοῦ
2080 2610 2225 2675 τῶν
2263 2611 2436 2675 νεῶν
2481 2608 2856 2694 καταλόγου,

585 2714 908 2801 διάλογον
940 2712 1373 2781 Μακεδόνιον
1413 2709 1454 2801 ἢ
1483 2714 1633 2800 περὶ
1671 2711 2123 2801 εὐδαιμονίας,
2164 2714 2328 2799 [καὶ]
2356 2719 2512 2801 βίον
2542 2712 2856 2783 Θεοδότου

574 2913 712 2983 βιβλ.
744 2907 821 2981 β’,
857 2910 987 2980 περὶ
1023 2911 1136 2965 τῶν
1164 2904 1318 2980 παρὰ
1351 2905 1509 2979 Ρωμ.
1540 2910 1696 2964 παιδ.
1726 2907 1824 2962 καὶ
1853 2903 1944 2977 ἀγ.
1975 2909 2117 2979 βιβλ.
2150 2901 2206 2979 β’
2238 2908 2323 2963 ita
2356 2911 2423 2963 ut
2449 2910 2579 2979 περὶ
2611 2910 2851 2979 θεωριῶν

573 3006 705 3045 casu
741 2989 1054 3061 irrepserit,
1101 2988 1380 3061 sagaciter
1422 2988 1721 3059 proposuit
1761 2988 1925 3056 Reiff.
1966 3007 2021 3057 p.
2054 2992 2157 3041 461
2190 3004 2304 3055 seq.
2462 2996 2494 3043 3
2545 2990 2615 3044 de
2652 3006 2761 3060 rep.
2796 2988 2851 3042 cf

574 3070 852 3137 Schmidt,
890 3070 1016 3125 Did.
1045 3089 1100 3140 p.
1132 3076 1236 3125 400
1309 3070 1520 3139 κυρίων
1557 3085 1671 3123 non
1706 3068 1984 3139 quadrare
2022 3065 2323 3123 videbatur
2359 3058 2563 3125 Βοιὴίο
2602 3071 2661 3124 et
2696 3070 2852 3124 Bern-

573 3152 810 3220 hardy03
849 3150 948 3207 sed
985 3151 1054 3204 cf·
1093 3150 1250 3205 Reiff.
1287 3168 1340 3216 p.
1371 3152 1475 3203 453
1639 3154 1669 3203 7
1711 3150 1849 3218 post
1889 3143 2253 3241 συγγενικόν-
2262 3146 2613 3221 interpunxit
2648 3151 2853 3219 Reiffer-

573 3231 755 3285 scheid
793 3230 885 3297 (cf.
923 3229 1038 3284 ind.
1077 3248 1128 3299 p.
1161 3232 1314 3298 563),
1361 3229 1458 3297 qui
1495 3227 1737 3283 contulit
1767 3223 2037 3298 Ἀριστοφ.
2079 3224 2141 3283 ἐν
2179 3230 2255 3299 τῷ
2287 3232 2598 3303 σνγγενικῷ
2640 3231 2854 3302 (Nauck,

575 3310 668 3364 Ar.
707 3327 760 3379 p.
795 3310 946 3377 130),
985 3311 1152 3363 antea
1188 3305 1526 3378 συγγενικὸν
1556 3304 1861 3378 Καισάρων
1890 3309 2273 3379 coniunctum,
2311 3308 2525 3380 στέμμα
2556 3328 2706 3379 συγγ.
2735 3308 2854 3364 coni

584 3389 844 3453 Rothius3
875 3388 942 3443 cf.
975 3388 1150 3457 Cohn,
1181 3388 1379 3443 Annal.
1410 3388 1614 3443 Philol.
1647 3386 1841 3459 Suppl.
1870 3388 1970 3441 XII
1996 3407 2051 3457 p.
2073 3395 2175 3443 372
2250 3384 2562 3469 καισάρωνι
2581 3396 2642 3458 V,
2670 3390 2764 3444 ubi
2788 3384 2853 3458 ιβ’

581 3469 758 3523 latere
785 3469 930 3523 vidit
956 3470 1314 3541 Bernhardy,
1352 3470 1629 3539 probante
1657 3468 1823 3537 Reiff.
1934 3473 1967 3521 8
2005 3464 2151 3521 κατὰ
2191 3485 2331 3524 corr.
2362 3468 2577 3525 Ritscm
2613 3470 2852 3564 laudante

581 3549 1025 3618 Reifferscheidio
1124 3549 1222 3604 καὶ
1248 3551 1396 3619 vulp.
1533 3555 1565 3603 9
1606 3546 1891 3619 στέμματα
1931 3547 2072 3603 coni.
2103 3548 2308 3603 Bernh.

715 3630 983 3687 DCCGIII
1012 3646 1119 3685 om.
1142 3630 1416 3685 Westerm.
1444 3630 1634 3685 Verba
1661 3630 1884 3685 seclusa
1910 3646 2022 3685 non
2048 3629 2121 3684 ab
2140 3628 2423 3699 Hesychio
2458 3630 2712 3701 profecta
2738 3646 2853 3693 esse,

577 3713 668 3767 cui
698 3712 936 3767 fortasse
965 3727 1035 3765 no
1064 3710 1184 3766 ulla
1206 3710 1434 3779 quidem
1462 3711 1613 3765 vitae
1643 3712 1777 3781 pars
1797 3710 2081 3775 debeatur,
2110 3708 2303 3764 monui
2328 3708 2467 3763 Mus.
2483 3710 2660 3765 Rhen.
2680 3706 2856 3765 XXXV

578 3811 632 3861 p.
662 3798 784 3846 223.
861 3789 940 3846 cf.
984 3790 1234 3845 Pseudo—
1247 3790 1376 3844 Ηεε.
1417 3808 1462 3845 c.
1494 3796 1562 3845 66
1693 3796 1761 3844 10
1797 3784 1911 3844 ἀπὸ
1952 3791 2059 3844 δικ.
2110 3788 2177 3844 cf.
2209 3788 2854 3859 Wietersheim,V61ker-

581 3872 762 3925 wand.
801 3871 881 3925 III
917 3889 972 3939 p.
1006 3876 1108 3925 105
1221 3876 1283 3924 11
1327 3860 1494 3932 οὗτος
1534 3901 1597 3910 -
1638 3869 1770 3925 exit.
1810 3869 1877 3924 de
1916 3870 2215 3938 quaestore
2252 3868 2373 3939 agi,
2416 3869 2638 3925 diverso
2676 3870 2769 3925 illo
2800 3867 2856 3920 ab

579 3949 858 4005 causidico
887 3949 1060 4019 praef.
1089 3952 1282 4020 praet„
1311 3951 1458 4004 hunc
1487 3967 1619 4005 vero
1649 3967 1719 4005 eu
1736 3950 1905 4004 ndem
1933 3967 2058 4004 cum
2090 3948 2316 4017 Sidete‚·
2344 3950 2536 4003 monet
2564 3949 2856 4007 G'utschmid

727 4029 993 4086 DOCCIV
1068 4036 1134 4085 19
1171 4025 1490 4085 πολεύοντα
1520 4035 1624 4084 Av
1662 4030 2128 4096 HemsterhusiuS‚
2166 4024 2550 4083 πολιτεύοντα.
2572 4031 2672 4085 rel.

586 4118 654 4165 23
691 4106 832 4181 πρὸς
869 4107 1237 4168 Μακεδόνων
1273 4111 1631 4181 Bernhardy,
1680 4110 1749 4165 de
1786 4128 1853 4167 eo
1893 4109 2361 4180 epigrammatum
2397 4111 2569 4180 poeta.
2608 4110 2855 4181 cogitans,

584 4192 740 4246 cuius
767 4190 1026 4246 meminit
1050 4211 1101 4246 v.
1136 4186 1424 4273 Ἅγαθίας,
1463 4208 1589 4245 cum
1617 4195 1771 4247 Μακ.
1802 4190 2337 4262 inscriptum-fuisse
2366 4189 2655 4261 dialogum
2686 4187 2855 4262 pateat

592 4273 902 4326 Θεοδοσίου
939 4272 1159 4327 mavult
1193 4272 1554 4344 Bernhardy,
1596 4273 1713 4330 scil.
1743 4270 2231 4340 mathematicum,
2270 4270 2423 4326 cuius
2456 4272 2634 4325 vitam
2674 4271 2728 4327 S.
2762 4271 2855 4340 ipse

583 4368 750 4419 supra
788 4349 1083 4419 descripsit
