<?xml version="1.0" encoding="UTF-8"?>
<!DOCTYPE html PUBLIC "-//W3C//DTD XHTML 1.0 Transitional//EN"
    "http://www.w3.org/TR/xhtml1/DTD/xhtml1-transitional.dtd">
<html xmlns="http://www.w3.org/1999/xhtml" xml:lang="en" lang="en">
 <head>
  <title>
</title>
<meta http-equiv="Content-Type" content="text/html;charset=utf-8" />
  <meta name='ocr-system' content='tesseract 3.04.00' />
  <meta name='ocr-capabilities' content='ocr_page ocr_carea ocr_par ocr_line ocrx_word'/>
</head>
<body>
  <div class='ocr_page' id='page_1' title='image "./hesychiimilesii04flacgoog_0191.png"; bbox 0 0 3025 4892; ppageno 0'>
   <div class='ocr_carea' id='block_1_1' title="bbox 1123 212 2483 277">
    <p class='ocr_par' dir='ltr' id='par_1_1' title="bbox 1123 212 2483 277">
     <span class='ocr_line' id='line_1_1' title="bbox 1123 212 2483 277; baseline 0.004 -6"><span class='ocrx_word' id='word_1_1' title='bbox 1123 213 1554 271; x_wconf 85' lang='lat' dir='ltr'><strong>HESYCHIUS.</strong></span> <span class='ocrx_word' id='word_1_2' title='bbox 2396 212 2483 277; x_wconf 85' lang='lat'><strong><em>93</em></strong></span> 
     </span>
    </p>
   </div>
   <div class='ocr_carea' id='block_1_2' title="bbox 194 370 2567 2174">
    <p class='ocr_par' dir='ltr' id='par_1_2' title="bbox 195 370 2537 997">
     <span class='ocr_line' id='line_1_2' title="bbox 383 370 2481 463; baseline -0.002 -20"><span class='ocrx_word' id='word_1_3' title='bbox 383 374 762 443; x_wconf 82' lang='lat' dir='ltr'><strong>OCGXLVI.</strong></span> <span class='ocrx_word' id='word_1_4' title='bbox 833 374 1169 459; x_wconf 83' lang='grc' dir='ltr'><strong><em>Θέογνις</em></strong></span> <span class='ocrx_word' id='word_1_5' title='bbox 1214 372 1569 463; x_wconf 85' lang='grc' dir='ltr'><strong><em>Μεγαρεὺς</em></strong></span> <span class='ocrx_word' id='word_1_6' title='bbox 1624 376 1763 440; x_wconf 72' lang='grc' dir='ltr'><strong><em>τῶν</em></strong></span> <span class='ocrx_word' id='word_1_7' title='bbox 1815 374 1888 441; x_wconf 88' lang='grc' dir='ltr'><strong><em>ἐν</em></strong></span> <span class='ocrx_word' id='word_1_8' title='bbox 1934 378 2210 462; x_wconf 83' lang='grc' dir='ltr'><strong><em>Σικελίᾳ</em></strong></span> <span class='ocrx_word' id='word_1_9' title='bbox 2254 370 2481 457; x_wconf 90' lang='grc' dir='ltr'><strong><em>Μεγά-</em></strong></span> 
     </span>
     <span class='ocr_line' id='line_1_3' title="bbox 198 478 2487 569; baseline -0.001 -20"><span class='ocrx_word' id='word_1_10' title='bbox 198 508 374 569; x_wconf 91' lang='grc' dir='ltr'><strong><em>ρων,</em></strong></span> <span class='ocrx_word' id='word_1_11' title='bbox 423 478 710 569; x_wconf 74' lang='grc' dir='ltr'><strong><em>γεγονώς</em></strong></span> <span class='ocrx_word' id='word_1_12' title='bbox 764 482 838 549; x_wconf 84' lang='grc' dir='ltr'><strong><em>ἐν</em></strong></span> <span class='ocrx_word' id='word_1_13' title='bbox 895 484 976 567; x_wconf 82' lang='grc' dir='ltr'><strong><em>τῇ</em></strong></span> <span class='ocrx_word' id='word_1_14' title='bbox 1031 480 1152 550; x_wconf 87' lang='grc' dir='ltr'><strong><em>νθ’</em></strong></span> <span class='ocrx_word' id='word_1_15' title='bbox 1209 479 1591 567; x_wconf 76' lang='grc' dir='ltr'><strong><em>ὀλυμπιάδι.</em></strong></span> <span class='ocrx_word' id='word_1_16' title='bbox 1693 484 1982 569; x_wconf 79' lang='grc' dir='ltr'><strong><em>ἔγραψεν</em></strong></span> <span class='ocrx_word' id='word_1_17' title='bbox 2038 482 2335 566; x_wconf 79' lang='grc' dir='ltr'><strong><em>ἐλεγείαν</em></strong></span> <span class='ocrx_word' id='word_1_18' title='bbox 2390 482 2487 558; x_wconf 76' lang='grc' dir='ltr'><strong><em>εἰς</em></strong></span> 
     </span>
     <span class='ocr_line' id='line_1_4' title="bbox 200 584 2486 676; baseline -0.001 -20"><span class='ocrx_word' id='word_1_19' title='bbox 200 587 356 669; x_wconf 82' lang='grc' dir='ltr'><strong><em>τοὺς</em></strong></span> <span class='ocrx_word' id='word_1_20' title='bbox 404 589 744 669; x_wconf 80' lang='grc' dir='ltr'><strong><em>σωθέντας</em></strong></span> <span class='ocrx_word' id='word_1_21' title='bbox 798 592 936 657; x_wconf 77' lang='grc' dir='ltr'><strong><em>τῶν</em></strong></span> <span class='ocrx_word' id='word_1_22' title='bbox 983 592 1474 676; x_wconf 78' lang='grc' dir='ltr'><strong><em>Συρακουσίων</em></strong></span> <span class='ocrx_word' id='word_1_23' title='bbox 1530 588 1603 655; x_wconf 83' lang='grc' dir='ltr'><strong><em>ἐν</em></strong></span> <span class='ocrx_word' id='word_1_24' title='bbox 1648 590 1729 675; x_wconf 80' lang='grc' dir='ltr'><strong><em>τῇ</em></strong></span> <span class='ocrx_word' id='word_1_25' title='bbox 1776 592 2157 676; x_wconf 75' lang='grc' dir='ltr'><strong><em>πολιορκίᾳ,</em></strong></span> <span class='ocrx_word' id='word_1_26' title='bbox 2214 584 2486 673; x_wconf 76' lang='grc' dir='ltr'><strong><em>γνώμας</em></strong></span> 
     </span>
     <span class='ocr_line' id='line_1_5' title="bbox 196 691 2485 783; baseline -0.001 -20"><span class='ocrx_word' id='word_1_27' title='bbox 196 694 286 763; x_wconf 90' lang='grc' dir='ltr'><strong><em>δι’</em></strong></span> <span class='ocrx_word' id='word_1_28' title='bbox 349 698 627 783; x_wconf 78' lang='grc' dir='ltr'><strong><em>ἐλεγείας</em></strong></span> <span class='ocrx_word' id='word_1_29' title='bbox 683 698 777 775; x_wconf 85' lang='grc' dir='ltr'><strong><em>είς</em></strong></span> <span class='ocrx_word' id='word_1_30' title='bbox 819 698 944 781; x_wconf 78' lang='grc' dir='ltr'><strong><em>ἔπη</em></strong></span> <span class='ocrx_word' id='word_1_31' title='bbox 993 695 1168 783; x_wconf 55' lang='lat' dir='ltr'><strong><em>flos,</em></strong></span> <span class='ocrx_word' id='word_1_32' title='bbox 1213 693 1324 761; x_wconf 81' lang='grc' dir='ltr'><strong><em>καὶ</em></strong></span> <span class='ocrx_word' id='word_1_33' title='bbox 1357 692 1539 782; x_wconf 73' lang='grc' dir='ltr'><strong><em>’πρὸς</em></strong></span> <span class='ocrx_word' id='word_1_34' title='bbox 1584 692 1866 781; x_wconf 85' lang='grc' dir='ltr'><strong><em>Κύρνον</em></strong></span> <span class='ocrx_word' id='word_1_35' title='bbox 1910 693 2033 763; x_wconf 90' lang='grc' dir='ltr'><strong><em>τὸν</em></strong></span> <span class='ocrx_word' id='word_1_36' title='bbox 2076 691 2286 762; x_wconf 83' lang='grc' dir='ltr'><strong><em>αὐτοῦ</em></strong></span> <span class='ocrx_word' id='word_1_37' title='bbox 2316 692 2485 780; x_wconf 58' lang='grc' dir='ltr'><strong><em>,ἐρώ-</em></strong></span> 
     </span>
     <span class='ocr_line' id='line_1_6' title="bbox 195 798 2537 889; baseline -0.001 -20"><span class='ocrx_word' id='word_1_38' title='bbox 195 828 400 888; x_wconf 88' lang='grc' dir='ltr'><strong><em>μενον</em></strong></span> <span class='ocrx_word' id='word_1_39' title='bbox 445 804 918 889; x_wconf 83' lang='grc' dir='ltr'><strong><em>γνωμολογίαν</em></strong></span> <span class='ocrx_word' id='word_1_40' title='bbox 965 798 1054 869; x_wconf 90' lang='grc' dir='ltr'><strong><em>δι’</em></strong></span> <span class='ocrx_word' id='word_1_41' title='bbox 1115 802 1424 886; x_wconf 81' lang='grc' dir='ltr'><strong><em>ἐλεγείων</em></strong></span> <span class='ocrx_word' id='word_1_42' title='bbox 1477 799 1591 868; x_wconf 83' lang='grc' dir='ltr'><strong><em>καὶ</em></strong></span> <span class='ocrx_word' id='word_1_43' title='bbox 1640 800 1863 889; x_wconf 77' lang='grc' dir='ltr'><strong><em>ἑτέρας</em></strong></span> <span class='ocrx_word' id='word_1_44' title='bbox 1922 798 2273 888; x_wconf 79' lang='grc' dir='ltr'><strong><em>ὑποθήκας</em></strong></span> <span class='ocrx_word' id='word_1_45' title='bbox 2320 824 2483 887; x_wconf 74' lang='grc' dir='ltr'><strong><em>παρ·</em></strong></span> <span class='ocrx_word' id='word_1_46' title='bbox 2512 828 2537 867; x_wconf 75' lang='lat'><strong>5</strong></span> 
     </span>
     <span class='ocr_line' id='line_1_7' title="bbox 196 906 1250 997; baseline 0.002 -24"><span class='ocrx_word' id='word_1_47' title='bbox 196 906 554 997; x_wconf 85' lang='grc' dir='ltr'><strong><em>αινετικάς,</em></strong></span> <span class='ocrx_word' id='word_1_48' title='bbox 597 906 681 977; x_wconf 80' lang='grc' dir='ltr'><strong><em>τὰ</em></strong></span> <span class='ocrx_word' id='word_1_49' title='bbox 726 908 947 976; x_wconf 85' lang='grc' dir='ltr'><strong><em>πάντα</em></strong></span> <span class='ocrx_word' id='word_1_50' title='bbox 993 908 1250 987; x_wconf 82' lang='grc' dir='ltr'><strong><em>ἐπικῶς.</em></strong></span> 
     </span>
    </p>

    <p class='ocr_par' dir='ltr' id='par_1_3' title="bbox 194 1011 2485 1319">
     <span class='ocr_line' id='line_1_8' title="bbox 370 1011 2485 1105; baseline -0.001 -21"><span class='ocrx_word' id='word_1_51' title='bbox 370 1014 497 1101; x_wconf 85' lang='grc' dir='ltr'><strong><em>[ὅτι</em></strong></span> <span class='ocrx_word' id='word_1_52' title='bbox 545 1014 670 1103; x_wconf 76' lang='grc' dir='ltr'><strong><em>μὲν</em></strong></span> <span class='ocrx_word' id='word_1_53' title='bbox 714 1016 1140 1104; x_wconf 80' lang='grc' dir='ltr'><strong><em>παραινέσεις</em></strong></span> <span class='ocrx_word' id='word_1_54' title='bbox 1175 1018 1422 1102; x_wconf 82' lang='grc' dir='ltr'><strong><em>ἔγραψε</em></strong></span> <span class='ocrx_word' id='word_1_55' title='bbox 1468 1014 1767 1101; x_wconf 85' lang='grc' dir='ltr'><strong><em>Θέογνις,</em></strong></span> <span class='ocrx_word' id='word_1_56' title='bbox 1814 1011 1963 1083; x_wconf 81' lang='grc' dir='ltr'><strong><em>ἀλλ’</em></strong></span> <span class='ocrx_word' id='word_1_57' title='bbox 2003 1016 2077 1083; x_wconf 83' lang='grc' dir='ltr'><strong><em>ἐν</em></strong></span> <span class='ocrx_word' id='word_1_58' title='bbox 2120 1014 2299 1105; x_wconf 74' lang='grc' dir='ltr'><strong><em>μέσῳ</em></strong></span> <span class='ocrx_word' id='word_1_59' title='bbox 2334 1015 2485 1081; x_wconf 84' lang='grc' dir='ltr'><strong><em>τού-</em></strong></span> 
     </span>
     <span class='ocr_line' id='line_1_9' title="bbox 194 1118 2484 1212; baseline -0.001 -21"><span class='ocrx_word' id='word_1_60' title='bbox 194 1148 334 1192; x_wconf 86' lang='grc' dir='ltr'><strong><em>των</em></strong></span> <span class='ocrx_word' id='word_1_61' title='bbox 367 1122 910 1212; x_wconf 82' lang='grc' dir='ltr'><strong><em>παρεσπαρμέναι</em></strong></span> <span class='ocrx_word' id='word_1_62' title='bbox 946 1125 1206 1209; x_wconf 89' lang='grc' dir='ltr'><strong><em>μιαρίαι</em></strong></span> <span class='ocrx_word' id='word_1_63' title='bbox 1241 1120 1355 1189; x_wconf 83' lang='grc' dir='ltr'><strong><em>καὶ</em></strong></span> <span class='ocrx_word' id='word_1_64' title='bbox 1389 1122 1691 1190; x_wconf 84' lang='grc' dir='ltr'><strong><em>παιδικοὶ</em></strong></span> <span class='ocrx_word' id='word_1_65' title='bbox 1728 1126 1969 1209; x_wconf 79' lang='grc' dir='ltr'><strong><em>ἔρωτες</em></strong></span> <span class='ocrx_word' id='word_1_66' title='bbox 2002 1122 2115 1190; x_wconf 82' lang='grc' dir='ltr'><strong><em>καὶ</em></strong></span> <span class='ocrx_word' id='word_1_67' title='bbox 2152 1119 2321 1190; x_wconf 72' lang='grc' dir='ltr'><strong><em>ἄλλα</em></strong></span> <span class='ocrx_word' id='word_1_68' title='bbox 2358 1118 2484 1190; x_wconf 82' lang='grc' dir='ltr'><strong><em>ὅσα</em></strong></span> 
     </span>
     <span class='ocr_line' id='line_1_10' title="bbox 203 1227 1364 1319; baseline 0 -22"><span class='ocrx_word' id='word_1_69' title='bbox 203 1227 238 1297; x_wconf 89' lang='grc' dir='ltr'>ὁ</span> <span class='ocrx_word' id='word_1_70' title='bbox 293 1230 598 1319; x_wconf 78' lang='grc' dir='ltr'><strong><em>ἐνάρετος</em></strong></span> <span class='ocrx_word' id='word_1_71' title='bbox 644 1227 1127 1317; x_wconf 78' lang='grc' dir='ltr'><strong><em>ἀποστρέφεται</em></strong></span> <span class='ocrx_word' id='word_1_72' title='bbox 1173 1232 1364 1314; x_wconf 66' lang='grc' dir='ltr'><strong><em>βίος]</em></strong></span> 
     </span>
    </p>

    <p class='ocr_par' dir='ltr' id='par_1_4' title="bbox 194 1333 2567 2174">
     <span class='ocr_line' id='line_1_11' title="bbox 371 1333 2565 1425; baseline 0 -20"><span class='ocrx_word' id='word_1_73' title='bbox 371 1338 800 1407; x_wconf 81' lang='lat' dir='ltr'>GCCXLVII.</span> <span class='ocrx_word' id='word_1_74' title='bbox 890 1337 1330 1423; x_wconf 78' lang='grc' dir='ltr'><strong><em>Θεοδέκτης</em></strong></span> <span class='ocrx_word' id='word_1_75' title='bbox 1392 1333 1905 1423; x_wconf 75' lang='grc' dir='ltr'><strong><em>Ἀριστάνδρου,</em></strong></span> <span class='ocrx_word' id='word_1_76' title='bbox 1972 1340 2352 1425; x_wconf 85' lang='grc' dir='ltr'><strong><em>Φασηλίτης</em></strong></span> <span class='ocrx_word' id='word_1_77' title='bbox 2415 1337 2484 1404; x_wconf 82' lang='grc' dir='ltr'><strong><em>ἐκ</em></strong></span> <span class='ocrx_word' id='word_1_78' title='bbox 2516 1366 2565 1405; x_wconf 90' lang='grc' dir='ltr'><strong><em>ιο</em></strong></span> 
     </span>
     <span class='ocr_line' id='line_1_12' title="bbox 199 1441 2487 1535; baseline 0 -24"><span class='ocrx_word' id='word_1_79' title='bbox 199 1449 476 1531; x_wconf 86' lang='grc' dir='ltr'><strong><em>Λυκίας,</em></strong></span> <span class='ocrx_word' id='word_1_80' title='bbox 524 1444 776 1533; x_wconf 75' lang='grc' dir='ltr'><strong><em>ῥήτωρ,</em></strong></span> <span class='ocrx_word' id='word_1_81' title='bbox 819 1443 1089 1532; x_wconf 82' lang='grc' dir='ltr'><strong><em>τραπεὶς</em></strong></span> <span class='ocrx_word' id='word_1_82' title='bbox 1134 1442 1210 1511; x_wconf 77' lang='grc' dir='ltr'><strong><em>δὲ</em></strong></span> <span class='ocrx_word' id='word_1_83' title='bbox 1254 1442 1361 1512; x_wconf 84' lang='grc' dir='ltr'><strong><em>ἐπὶ</em></strong></span> <span class='ocrx_word' id='word_1_84' title='bbox 1406 1446 1813 1535; x_wconf 74' lang='grc' dir='ltr'><strong><em>τραγῳδίας,</em></strong></span> <span class='ocrx_word' id='word_1_85' title='bbox 1857 1441 2164 1532; x_wconf 87' lang='grc' dir='ltr'><strong><em>μαθητὴς</em></strong></span> <span class='ocrx_word' id='word_1_86' title='bbox 2209 1443 2487 1513; x_wconf 85' lang='grc' dir='ltr'><strong><em>Πλάτω-</em></strong></span> 
     </span>
     <span class='ocr_line' id='line_1_13' title="bbox 195 1541 2486 1638; baseline 0 -19"><span class='ocrx_word' id='word_1_87' title='bbox 195 1578 315 1632; x_wconf 90' lang='grc' dir='ltr'><strong><em>νος</em></strong></span> <span class='ocrx_word' id='word_1_88' title='bbox 376 1552 487 1620; x_wconf 83' lang='grc' dir='ltr'><strong><em>καὶ</em></strong></span> <span class='ocrx_word' id='word_1_89' title='bbox 538 1549 959 1635; x_wconf 89' lang='grc' dir='ltr'><strong><em>Ἰσοκράτους</em></strong></span> <span class='ocrx_word' id='word_1_90' title='bbox 1011 1550 1123 1618; x_wconf 84' lang='grc' dir='ltr'><strong><em>καὶ</em></strong></span> <span class='ocrx_word' id='word_1_91' title='bbox 1173 1545 1682 1638; x_wconf 88' lang='grc' dir='ltr'><strong><em>Ἀριστοτέλους.</em></strong></span> <span class='ocrx_word' id='word_1_92' title='bbox 1784 1541 1983 1631; x_wconf 83' lang='grc' dir='ltr'><strong><em>οὗτος</em></strong></span> <span class='ocrx_word' id='word_1_93' title='bbox 2041 1552 2153 1620; x_wconf 86' lang='grc' dir='ltr'><strong><em>καὶ</em></strong></span> <span class='ocrx_word' id='word_1_94' title='bbox 2208 1546 2245 1617; x_wconf 86' lang='grc' dir='ltr'>ὁ</span> <span class='ocrx_word' id='word_1_95' title='bbox 2302 1547 2486 1635; x_wconf 85' lang='grc' dir='ltr'><strong><em>Ἐρυ-</em></strong></span> 
     </span>
     <span class='ocr_line' id='line_1_14' title="bbox 194 1654 2489 1747; baseline 0 -22"><span class='ocrx_word' id='word_1_96' title='bbox 194 1667 434 1746; x_wconf 83' lang='grc' dir='ltr'><strong><em>θραῖος</em></strong></span> <span class='ocrx_word' id='word_1_97' title='bbox 479 1656 884 1746; x_wconf 85' lang='grc' dir='ltr'><strong><em>Ναυκράτης</em></strong></span> <span class='ocrx_word' id='word_1_98' title='bbox 935 1657 1046 1726; x_wconf 80' lang='grc' dir='ltr'><strong><em>καὶ</em></strong></span> <span class='ocrx_word' id='word_1_99' title='bbox 1079 1654 1456 1745; x_wconf 86' lang='grc' dir='ltr'><strong><em>Ἰσοκράτης</em></strong></span> <span class='ocrx_word' id='word_1_100' title='bbox 1511 1654 1547 1724; x_wconf 84' lang='grc' dir='ltr'>ὁ</span> <span class='ocrx_word' id='word_1_101' title='bbox 1609 1655 1833 1747; x_wconf 77' lang='grc' dir='ltr'><strong><em>ῥήτωρ</em></strong></span> <span class='ocrx_word' id='word_1_102' title='bbox 1880 1654 1917 1725; x_wconf 84' lang='grc' dir='ltr'>ὁ</span> <span class='ocrx_word' id='word_1_103' title='bbox 1960 1654 2489 1745; x_wconf 82' lang='grc' dir='ltr'><strong><em>Ἀπολλωνιάτης</em></strong></span> 
     </span>
     <span class='ocr_line' id='line_1_15' title="bbox 195 1760 2488 1853; baseline -0.001 -20"><span class='ocrx_word' id='word_1_104' title='bbox 195 1766 308 1833; x_wconf 80' lang='grc' dir='ltr'><strong><em>καὶ</em></strong></span> <span class='ocrx_word' id='word_1_105' title='bbox 351 1764 744 1853; x_wconf 83' lang='grc' dir='ltr'><strong><em>Θεόπομπος</em></strong></span> <span class='ocrx_word' id='word_1_106' title='bbox 791 1766 894 1833; x_wconf 82' lang='grc' dir='ltr'><strong><em>ἐπὶ</em></strong></span> <span class='ocrx_word' id='word_1_107' title='bbox 939 1766 1056 1852; x_wconf 83' lang='grc' dir='ltr'><strong><em>τῆς</em></strong></span> <span class='ocrx_word' id='word_1_108' title='bbox 1115 1762 1214 1852; x_wconf 71' lang='grc' dir='ltr'><strong><em>ρξ’</em></strong></span> <span class='ocrx_word' id='word_1_109' title='bbox 1274 1762 1689 1850; x_wconf 84' lang='grc' dir='ltr'><strong><em>ὀλυμπιάδος</em></strong></span> <span class='ocrx_word' id='word_1_110' title='bbox 1740 1760 1933 1833; x_wconf 84' lang='grc' dir='ltr'><strong><em>εἷπον</em></strong></span> <span class='ocrx_word' id='word_1_111' title='bbox 1982 1764 2334 1852; x_wconf 85' lang='grc' dir='ltr'><strong><em>ἐπιτάφιον</em></strong></span> <span class='ocrx_word' id='word_1_112' title='bbox 2381 1764 2488 1832; x_wconf 79' lang='grc' dir='ltr'><strong><em>ἐπὶ</em></strong></span> 
     </span>
     <span class='ocr_line' id='line_1_16' title="bbox 197 1868 2567 1964; baseline 0 -26"><span class='ocrx_word' id='word_1_113' title='bbox 197 1872 586 1964; x_wconf 71' lang='grc' dir='ltr'><strong><em>Μαυσώλῳ,</em></strong></span> <span class='ocrx_word' id='word_1_114' title='bbox 646 1871 1056 1960; x_wconf 86' lang='grc' dir='ltr'><strong><em>Ἀρτεμισίας</em></strong></span> <span class='ocrx_word' id='word_1_115' title='bbox 1106 1875 1224 1958; x_wconf 82' lang='grc' dir='ltr'><strong><em>τῆς</em></strong></span> <span class='ocrx_word' id='word_1_116' title='bbox 1277 1871 1601 1957; x_wconf 83' lang='grc' dir='ltr'><strong><em>γυναικὸς</em></strong></span> <span class='ocrx_word' id='word_1_117' title='bbox 1654 1868 1867 1941; x_wconf 83' lang='grc' dir='ltr'><strong><em>αὐτοῦ</em></strong></span> <span class='ocrx_word' id='word_1_118' title='bbox 1920 1874 2485 1961; x_wconf 79' lang='grc' dir='ltr'><strong><em>προτρεψαμένης,</em></strong></span> <span class='ocrx_word' id='word_1_119' title='bbox 2518 1898 2567 1939; x_wconf 77' lang='grc' dir='ltr'><strong><em>ιε</em></strong></span> 
     </span>
     <span class='ocr_line' id='line_1_17' title="bbox 194 1969 2488 2072; baseline 0.001 -27"><span class='ocrx_word' id='word_1_120' title='bbox 194 1980 304 2046; x_wconf 79' lang='grc' dir='ltr'><strong><em>καὶ</em></strong></span> <span class='ocrx_word' id='word_1_121' title='bbox 350 1982 611 2067; x_wconf 82' lang='grc' dir='ltr'><strong><em>ἐνίκησε</em></strong></span> <span class='ocrx_word' id='word_1_122' title='bbox 661 1979 946 2069; x_wconf 89' lang='grc' dir='ltr'><strong><em>μάλιστα</em></strong></span> <span class='ocrx_word' id='word_1_123' title='bbox 992 1976 1438 2065; x_wconf 85' lang='grc' dir='ltr'><strong><em>εὐδοκιμήσας</em></strong></span> <span class='ocrx_word' id='word_1_124' title='bbox 1483 1980 1559 2046; x_wconf 90' lang='grc' dir='ltr'><strong><em>ἐν</em></strong></span> <span class='ocrx_word' id='word_1_125' title='bbox 1603 1969 1647 2066; x_wconf 83' lang='grc' dir='ltr'><em>ᾗ</em></span> <span class='ocrx_word' id='word_1_126' title='bbox 1695 1975 1835 2047; x_wconf 84' lang='grc' dir='ltr'><strong><em>εἷπε</em></strong></span> <span class='ocrx_word' id='word_1_127' title='bbox 1880 1984 2247 2072; x_wconf 75' lang='grc' dir='ltr'><strong><em>τραγῳδίᾳ·</em></strong></span> <span class='ocrx_word' id='word_1_128' title='bbox 2294 1978 2488 2048; x_wconf 77' lang='grc' dir='ltr'><strong><em>ἄλλοι</em></strong></span> 
     </span>
     <span class='ocr_line' id='line_1_18' title="bbox 199 2083 2489 2174; baseline 0 -20"><span class='ocrx_word' id='word_1_129' title='bbox 199 2088 280 2155; x_wconf 85' lang='grc' dir='ltr'><strong><em>δέ</em></strong></span> <span class='ocrx_word' id='word_1_130' title='bbox 309 2107 476 2174; x_wconf 86' lang='grc' dir='ltr'><strong><em>φασι</em></strong></span> <span class='ocrx_word' id='word_1_131' title='bbox 513 2086 912 2174; x_wconf 83' lang='grc' dir='ltr'><strong><em>Θεόπομπον</em></strong></span> <span class='ocrx_word' id='word_1_132' title='bbox 951 2092 1127 2174; x_wconf 80' lang='grc' dir='ltr'><strong><em>ἔχειν</em></strong></span> <span class='ocrx_word' id='word_1_133' title='bbox 1161 2083 1244 2154; x_wconf 80' lang='grc' dir='ltr'><strong><em>τὰ</em></strong></span> <span class='ocrx_word' id='word_1_134' title='bbox 1279 2098 1587 2173; x_wconf 79' lang='grc' dir='ltr'><strong><em>πρωτεῖα.</em></strong></span> <span class='ocrx_word' id='word_1_135' title='bbox 1650 2085 1953 2173; x_wconf 89' lang='grc' dir='ltr'><strong><em>δράματα</em></strong></span> <span class='ocrx_word' id='word_1_136' title='bbox 1992 2087 2067 2155; x_wconf 72' lang='grc' dir='ltr'><strong><em>δὲ</em></strong></span> <span class='ocrx_word' id='word_1_137' title='bbox 2104 2090 2365 2169; x_wconf 78' lang='grc' dir='ltr'><strong><em>ἐδίδαξε</em></strong></span> <span class='ocrx_word' id='word_1_138' title='bbox 2401 2086 2489 2155; x_wconf 86' lang='grc' dir='ltr'><strong><em>ν’.</em></strong></span> 
     </span>
    </p>
   </div>
   <div class='ocr_carea' id='block_1_3' title="bbox 195 2252 619 2263">
    <p class='ocr_par' dir='ltr' id='par_1_5' title="bbox 195 2252 619 2263">
     <span class='ocr_line' id='line_1_19' title="bbox 195 2252 619 2263; baseline 0 2629"><span class='ocrx_word' id='word_1_139' title='bbox 195 2252 619 2263; x_wconf 95' lang='lat' dir='ltr'><strong><em> </em></strong></span> 
     </span>
    </p>
   </div>
   <div class='ocr_carea' id='block_1_4' title="bbox 190 2351 2499 3949">
    <p class='ocr_par' dir='ltr' id='par_1_6' title="bbox 190 2351 2499 3869">
     <span class='ocr_line' id='line_1_20' title="bbox 335 2351 2487 2425; baseline -0.001 -15"><span class='ocrx_word' id='word_1_140' title='bbox 335 2355 651 2410; x_wconf 85' lang='lat' dir='ltr'>CCCXLVI</span> <span class='ocrx_word' id='word_1_141' title='bbox 686 2356 839 2412; x_wconf 80' lang='lat' dir='ltr'><strong>Eud.</strong></span> <span class='ocrx_word' id='word_1_142' title='bbox 868 2374 923 2425; x_wconf 89' lang='lat' dir='ltr'><strong><em>p.</em></strong></span> <span class='ocrx_word' id='word_1_143' title='bbox 954 2361 1058 2410; x_wconf 77' lang='lat'><strong><em>367</em></strong></span> <span class='ocrx_word' id='word_1_144' title='bbox 1097 2356 1154 2409; x_wconf 77' lang='lat' dir='ltr'><strong><em>et</em></strong></span> <span class='ocrx_word' id='word_1_145' title='bbox 1183 2358 1303 2408; x_wconf 80' lang='lat'><strong>375.</strong></span> <span class='ocrx_word' id='word_1_146' title='bbox 1351 2351 1432 2407; x_wconf 85' lang='lat' dir='ltr'><strong>cf.</strong></span> <span class='ocrx_word' id='word_1_147' title='bbox 1462 2370 1513 2407; x_wconf 80' lang='lat' dir='ltr'><strong><em>v.</em></strong></span> <span class='ocrx_word' id='word_1_148' title='bbox 1547 2354 1890 2424; x_wconf 83' lang='grc' dir='ltr'><strong><em>Φωκυλίδης,</em></strong></span> <span class='ocrx_word' id='word_1_149' title='bbox 1928 2354 1997 2411; x_wconf 85' lang='lat' dir='ltr'><strong>cf.</strong></span> <span class='ocrx_word' id='word_1_150' title='bbox 2037 2354 2229 2424; x_wconf 74' lang='lat' dir='ltr'><strong>Steph.</strong></span> <span class='ocrx_word' id='word_1_151' title='bbox 2268 2353 2397 2422; x_wconf 81' lang='lat' dir='ltr'><strong>Byz.</strong></span> <span class='ocrx_word' id='word_1_152' title='bbox 2436 2372 2487 2409; x_wconf 85' lang='lat' dir='ltr'><strong><em>v.</em></strong></span> 
     </span>
     <span class='ocr_line' id='line_1_21' title="bbox 193 2432 2487 2504; baseline 0 -16"><span class='ocrx_word' id='word_1_153' title='bbox 193 2432 454 2504; x_wconf 77' lang='grc' dir='ltr'><strong><em>Μέγαρα.</em></strong></span> <span class='ocrx_word' id='word_1_154' title='bbox 519 2435 604 2490; x_wconf 85' lang='lat' dir='ltr'><strong><em>Ex</em></strong></span> <span class='ocrx_word' id='word_1_155' title='bbox 639 2434 824 2491; x_wconf 84' lang='lat' dir='ltr'><strong>Procli</strong></span> <span class='ocrx_word' id='word_1_156' title='bbox 865 2434 1096 2491; x_wconf 76' lang='lat' dir='ltr'><strong>scholiis</strong></span> <span class='ocrx_word' id='word_1_157' title='bbox 1135 2432 1469 2489; x_wconf 78' lang='lat' dir='ltr'><strong>descendere</strong></span> <span class='ocrx_word' id='word_1_158' title='bbox 1518 2434 1693 2489; x_wconf 86' lang='lat' dir='ltr'><strong>schol.</strong></span> <span class='ocrx_word' id='word_1_159' title='bbox 1731 2433 1950 2492; x_wconf 79' lang='lat' dir='ltr'><strong>Platon.</strong></span> <span class='ocrx_word' id='word_1_160' title='bbox 1992 2434 2092 2504; x_wconf 92' lang='lat' dir='ltr'>(VI</span> <span class='ocrx_word' id='word_1_161' title='bbox 2130 2451 2183 2503; x_wconf 90' lang='lat' dir='ltr'><strong><em>p.</em></strong></span> <span class='ocrx_word' id='word_1_162' title='bbox 2222 2436 2349 2502; x_wconf 78' lang='lat'>375)</span> <span class='ocrx_word' id='word_1_163' title='bbox 2388 2434 2487 2489; x_wconf 87' lang='lat' dir='ltr'><strong><em>do-</em></strong></span> 
     </span>
     <span class='ocr_line' id='line_1_22' title="bbox 195 2513 2489 2586; baseline 0 -19"><span class='ocrx_word' id='word_1_164' title='bbox 195 2514 310 2569; x_wconf 75' lang='lat' dir='ltr'><strong>cuit</strong></span> <span class='ocrx_word' id='word_1_165' title='bbox 345 2514 626 2570; x_wconf 76' lang='lat' dir='ltr'><strong>Mettauer</strong></span> <span class='ocrx_word' id='word_1_166' title='bbox 661 2533 716 2585; x_wconf 90' lang='lat' dir='ltr'><strong><em>p.</em></strong></span> <span class='ocrx_word' id='word_1_167' title='bbox 747 2520 815 2571; x_wconf 80' lang='lat'><strong><em>29</em></strong></span> <span class='ocrx_word' id='word_1_168' title='bbox 854 2516 914 2569; x_wconf 75' lang='lat' dir='ltr'><strong><em>et</em></strong></span> <span class='ocrx_word' id='word_1_169' title='bbox 939 2518 1026 2569; x_wconf 82' lang='lat'><strong><em>59.</em></strong></span> <span class='ocrx_word' id='word_1_170' title='bbox 1084 2513 1170 2567; x_wconf 88' lang='lat' dir='ltr'><strong><em>De</em></strong></span> <span class='ocrx_word' id='word_1_171' title='bbox 1205 2515 1484 2571; x_wconf 87' lang='lat' dir='ltr'><strong>erroribus</strong></span> <span class='ocrx_word' id='word_1_172' title='bbox 1522 2515 1687 2571; x_wconf 88' lang='lat' dir='ltr'><strong>huius</strong></span> <span class='ocrx_word' id='word_1_173' title='bbox 1722 2515 1951 2571; x_wconf 77' lang='lat' dir='ltr'><strong>articuli</strong></span> <span class='ocrx_word' id='word_1_174' title='bbox 1986 2515 2265 2586; x_wconf 73' lang='lat' dir='ltr'><strong>sagaciter</strong></span> <span class='ocrx_word' id='word_1_175' title='bbox 2300 2514 2489 2584; x_wconf 85' lang='lat' dir='ltr'><strong>dispu-</strong></span> 
     </span>
     <span class='ocr_line' id='line_1_23' title="bbox 192 2593 2489 2665; baseline 0.001 -19"><span class='ocrx_word' id='word_1_176' title='bbox 192 2594 340 2647; x_wconf 74' lang='lat' dir='ltr'><strong>tavit</strong></span> <span class='ocrx_word' id='word_1_177' title='bbox 375 2594 700 2665; x_wconf 74' lang='lat' dir='ltr'><strong>Nietzsche,</strong></span> <span class='ocrx_word' id='word_1_178' title='bbox 747 2594 1103 2651; x_wconf 81' lang='lat' dir='ltr'><strong>Mus.‘Rhen.</strong></span> <span class='ocrx_word' id='word_1_179' title='bbox 1140 2593 1296 2648; x_wconf 89' lang='lat' dir='ltr'>XXII</span> <span class='ocrx_word' id='word_1_180' title='bbox 1329 2613 1385 2665; x_wconf 92' lang='lat' dir='ltr'><strong><em>p.</em></strong></span> <span class='ocrx_word' id='word_1_181' title='bbox 1427 2601 1530 2649; x_wconf 89' lang='grc'><strong><em>190</em></strong></span> <span class='ocrx_word' id='word_1_182' title='bbox 1560 2612 1672 2665; x_wconf 90' lang='lat' dir='ltr'><strong>seq.</strong></span> <span class='ocrx_word' id='word_1_183' title='bbox 1721 2595 1819 2665; x_wconf 89' lang='lat' dir='ltr'><strong><em>qui</em></strong></span> <span class='ocrx_word' id='word_1_184' title='bbox 1866 2613 1935 2651; x_wconf 82' lang='lat' dir='ltr'><strong><em>ex</em></strong></span> <span class='ocrx_word' id='word_1_185' title='bbox 1979 2594 2194 2650; x_wconf 87' lang='lat' dir='ltr'><strong>duobus</strong></span> <span class='ocrx_word' id='word_1_186' title='bbox 2236 2594 2489 2649; x_wconf 71' lang='lat' dir='ltr'><strong>articulis</strong></span> 
     </span>
     <span class='ocr_line' id='line_1_24' title="bbox 195 2669 2489 2745; baseline -0.001 -14"><span class='ocrx_word' id='word_1_187' title='bbox 195 2676 502 2731; x_wconf 73' lang='lat' dir='ltr'><strong>conflatum</strong></span> <span class='ocrx_word' id='word_1_188' title='bbox 540 2694 658 2731; x_wconf 88' lang='lat' dir='ltr'><strong>esse</strong></span> <span class='ocrx_word' id='word_1_189' title='bbox 694 2676 854 2731; x_wconf 78' lang='lat' dir='ltr'><strong>recte&#39;</strong></span> <span class='ocrx_word' id='word_1_190' title='bbox 883 2673 1192 2745; x_wconf 70' lang='lat' dir='ltr'><strong>perspexilz,</strong></span> <span class='ocrx_word' id='word_1_191' title='bbox 1231 2676 1410 2731; x_wconf 73' lang='lat' dir='ltr'><strong>altero</strong></span> <span class='ocrx_word' id='word_1_192' title='bbox 1451 2678 1548 2732; x_wconf 81' lang='grc' dir='ltr'><strong><em>Θε.</em></strong></span> <span class='ocrx_word' id='word_1_193' title='bbox 1589 2679 1735 2745; x_wconf 78' lang='grc' dir='ltr'><strong><em>Μεγ.</em></strong></span> <span class='ocrx_word' id='word_1_194' title='bbox 1774 2677 1887 2731; x_wconf 80' lang='grc' dir='ltr'><strong><em>τῶν</em></strong></span> <span class='ocrx_word' id='word_1_195' title='bbox 1928 2671 1990 2731; x_wconf 79' lang='grc' dir='ltr'><strong><em>ἐν</em></strong></span> <span class='ocrx_word' id='word_1_196' title='bbox 2027 2678 2152 2731; x_wconf 85' lang='grc' dir='ltr'><strong><em>Σικ.</em></strong></span> <span class='ocrx_word' id='word_1_197' title='bbox 2182 2669 2489 2745; x_wconf 75' lang='grc' dir='ltr'><strong><em>Μεγάρων,</em></strong></span> 
     </span>
     <span class='ocr_line' id='line_1_25' title="bbox 196 2749 2487 2826; baseline -0.001 -14"><span class='ocrx_word' id='word_1_198' title='bbox 196 2752 447 2826; x_wconf 74' lang='grc' dir='ltr'><strong><em>γεγονώς</em></strong></span> <span class='ocrx_word' id='word_1_199' title='bbox 485 2752 548 2811; x_wconf 82' lang='grc' dir='ltr'><strong><em>ἐν</em></strong></span> <span class='ocrx_word' id='word_1_200' title='bbox 584 2756 652 2826; x_wconf 81' lang='grc' dir='ltr'><strong><em>τῇ</em></strong></span> <span class='ocrx_word' id='word_1_201' title='bbox 691 2750 786 2809; x_wconf 83' lang='grc' dir='ltr'><strong><em>νθ’</em></strong></span> <span class='ocrx_word' id='word_1_202' title='bbox 819 2750 924 2809; x_wconf 90' lang='grc' dir='ltr'><strong><em>Ὀλ.</em></strong></span> <span class='ocrx_word' id='word_1_203' title='bbox 966 2751 1215 2824; x_wconf 77' lang='grc' dir='ltr'><strong><em>ἔγραψεν</em></strong></span> <span class='ocrx_word' id='word_1_204' title='bbox 1247 2749 1535 2825; x_wconf 84' lang='grc' dir='ltr'><strong><em>Ἐλεγείαν</em></strong></span> <span class='ocrx_word' id='word_1_205' title='bbox 1586 2755 1667 2820; x_wconf 84' lang='grc' dir='ltr'><strong><em>εἰς</em></strong></span> <span class='ocrx_word' id='word_1_206' title='bbox 1703 2752 1834 2819; x_wconf 74' lang='grc' dir='ltr'><strong><em>τοὺς</em></strong></span> <span class='ocrx_word' id='word_1_207' title='bbox 1873 2756 2164 2819; x_wconf 76' lang='grc' dir='ltr'><strong><em>σωθέντας</em></strong></span> <span class='ocrx_word' id='word_1_208' title='bbox 2200 2757 2314 2811; x_wconf 76' lang='grc' dir='ltr'><strong><em>τῶν</em></strong></span> <span class='ocrx_word' id='word_1_209' title='bbox 2349 2759 2487 2825; x_wconf 81' lang='grc' dir='ltr'><strong><em>Συρ.</em></strong></span> 
     </span>
     <span class='ocr_line' id='line_1_26' title="bbox 195 2828 2489 2911; baseline 0 -20"><span class='ocrx_word' id='word_1_210' title='bbox 195 2833 256 2892; x_wconf 79' lang='grc' dir='ltr'><strong><em>έν</em></strong></span> <span class='ocrx_word' id='word_1_211' title='bbox 294 2839 362 2909; x_wconf 84' lang='grc' dir='ltr'><strong><em>τῇ</em></strong></span> <span class='ocrx_word' id='word_1_212' title='bbox 403 2837 724 2909; x_wconf 77' lang='grc' dir='ltr'><strong><em>πολιορκίᾳ,</em></strong></span> <span class='ocrx_word' id='word_1_213' title='bbox 762 2832 989 2904; x_wconf 72' lang='grc' dir='ltr'><strong><em>γνώμας</em></strong></span> <span class='ocrx_word' id='word_1_214' title='bbox 1025 2828 1106 2888; x_wconf 87' lang='grc' dir='ltr'><strong><em>δι’</em></strong></span> <span class='ocrx_word' id='word_1_215' title='bbox 1145 2828 1394 2904; x_wconf 73' lang='grc' dir='ltr'><strong><em>ἐλεγείας</em></strong></span> <span class='ocrx_word' id='word_1_216' title='bbox 1432 2833 1513 2897; x_wconf 83' lang='grc' dir='ltr'><strong><em>εἰς</em></strong></span> <span class='ocrx_word' id='word_1_217' title='bbox 1552 2832 1661 2904; x_wconf 79' lang='grc' dir='ltr'><strong><em>ἔπη</em></strong></span> <span class='ocrx_word' id='word_1_218' title='bbox 1701 2838 1825 2911; x_wconf 61' lang='grc' dir='ltr'><strong><em>βω,</em></strong></span> <span class='ocrx_word' id='word_1_219' title='bbox 1862 2836 2041 2892; x_wconf 77' lang='lat' dir='ltr'><strong>altero</strong></span> <span class='ocrx_word' id='word_1_220' title='bbox 2081 2838 2179 2891; x_wconf 82' lang='grc' dir='ltr'><strong><em>Θε.</em></strong></span> <span class='ocrx_word' id='word_1_221' title='bbox 2214 2840 2362 2907; x_wconf 87' lang='grc' dir='ltr'><strong><em>Μεγ.</em></strong></span> <span class='ocrx_word' id='word_1_222' title='bbox 2402 2832 2489 2905; x_wconf 82' lang='grc' dir='ltr'><strong><em>(ἐκ</em></strong></span> 
     </span>
     <span class='ocr_line' id='line_1_27' title="bbox 191 2908 2490 2987; baseline -0.002 -14"><span class='ocrx_word' id='word_1_223' title='bbox 191 2919 460 2980; x_wconf 84' lang='grc' dir='ltr'><strong><em>Σικελίας</em></strong></span> <span class='ocrx_word' id='word_1_224' title='bbox 495 2917 643 2973; x_wconf 62' lang='grc' dir='ltr'><strong><em>ΐοήθ</em></strong></span> <span class='ocrx_word' id='word_1_225' title='bbox 673 2915 802 2984; x_wconf 85' lang='lat' dir='ltr'><strong>del.)</strong></span> <span class='ocrx_word' id='word_1_226' title='bbox 842 2911 1057 2984; x_wconf 78' lang='grc' dir='ltr'><strong><em>ἔγραψε</em></strong></span> <span class='ocrx_word' id='word_1_227' title='bbox 1097 2908 1237 2983; x_wconf 83' lang='grc' dir='ltr'><strong><em>πρὸς</em></strong></span> <span class='ocrx_word' id='word_1_228' title='bbox 1265 2911 1492 2983; x_wconf 77' lang='grc' dir='ltr'><strong><em>Κύρνον</em></strong></span> <span class='ocrx_word' id='word_1_229' title='bbox 1530 2911 1631 2971; x_wconf 87' lang='grc' dir='ltr'><strong><em>τὸν</em></strong></span> <span class='ocrx_word' id='word_1_230' title='bbox 1668 2912 1846 2971; x_wconf 75' lang='grc' dir='ltr'><strong><em>αὑτοῦ</em></strong></span> <span class='ocrx_word' id='word_1_231' title='bbox 1884 2912 2171 2987; x_wconf 75' lang='grc' dir='ltr'><strong><em>ἐρώμενον</em></strong></span> <span class='ocrx_word' id='word_1_232' title='bbox 2214 2921 2490 2987; x_wconf 83' lang='grc' dir='ltr'><strong><em>γνωμολο-</em></strong></span> 
     </span>
     <span class='ocr_line' id='line_1_28' title="bbox 190 2988 2490 3067; baseline -0.001 -15"><span class='ocrx_word' id='word_1_233' title='bbox 190 2999 324 3067; x_wconf 82' lang='grc' dir='ltr'><strong><em>γίαν</em></strong></span> <span class='ocrx_word' id='word_1_234' title='bbox 373 2991 454 3051; x_wconf 85' lang='grc' dir='ltr'><strong><em>δι’</em></strong></span> <span class='ocrx_word' id='word_1_235' title='bbox 498 2991 758 3064; x_wconf 77' lang='grc' dir='ltr'><strong><em>ἐλεγείων</em></strong></span> <span class='ocrx_word' id='word_1_236' title='bbox 805 2994 904 3049; x_wconf 80' lang='grc' dir='ltr'><strong><em>καὶ</em></strong></span> <span class='ocrx_word' id='word_1_237' title='bbox 951 2988 1147 3064; x_wconf 77' lang='grc' dir='ltr'><strong><em>ἐτέρας</em></strong></span> <span class='ocrx_word' id='word_1_238' title='bbox 1192 2988 1499 3063; x_wconf 70' lang='grc' dir='ltr'><strong><em>ὑποθήκας</em></strong></span> <span class='ocrx_word' id='word_1_239' title='bbox 1545 2993 1979 3066; x_wconf 85' lang='grc' dir='ltr'><strong><em>παραινετικάς,</em></strong></span> <span class='ocrx_word' id='word_1_240' title='bbox 2028 2994 2098 3050; x_wconf 79' lang='grc' dir='ltr'><strong><em>τὰ</em></strong></span> <span class='ocrx_word' id='word_1_241' title='bbox 2146 2993 2333 3051; x_wconf 87' lang='grc' dir='ltr'><strong><em>πάντα</em></strong></span> <span class='ocrx_word' id='word_1_242' title='bbox 2373 2992 2490 3053; x_wconf 73' lang='grc' dir='ltr'><strong><em>ἐπι-</em></strong></span> 
     </span>
     <span class='ocr_line' id='line_1_29' title="bbox 191 3074 2491 3145; baseline 0 -15"><span class='ocrx_word' id='word_1_243' title='bbox 191 3078 318 3140; x_wconf 77' lang='grc' dir='ltr'><strong><em>κῶς.</em></strong></span> <span class='ocrx_word' id='word_1_244' title='bbox 385 3076 469 3132; x_wconf 85' lang='lat' dir='ltr'><strong><em>De</em></strong></span> <span class='ocrx_word' id='word_1_245' title='bbox 507 3080 694 3133; x_wconf 75' lang='lat' dir='ltr'><strong>aetate</strong></span> <span class='ocrx_word' id='word_1_246' title='bbox 723 3074 1066 3145; x_wconf 83' lang='lat' dir='ltr'><strong>Theognidis</strong></span> <span class='ocrx_word' id='word_1_247' title='bbox 1105 3075 1173 3129; x_wconf 89' lang='lat' dir='ltr'><strong>cf.</strong></span> <span class='ocrx_word' id='word_1_248' title='bbox 1203 3074 1427 3143; x_wconf 83' lang='lat' dir='ltr'><strong>Rohde,</strong></span> <span class='ocrx_word' id='word_1_249' title='bbox 1465 3074 1606 3131; x_wconf 85' lang='lat' dir='ltr'><strong>Mus.</strong></span> <span class='ocrx_word' id='word_1_250' title='bbox 1637 3075 1811 3131; x_wconf 87' lang='lat' dir='ltr'><strong>Rhen.</strong></span> <span class='ocrx_word' id='word_1_251' title='bbox 1842 3076 2077 3130; x_wconf 86' lang='lat' dir='ltr'>XXXIII</span> <span class='ocrx_word' id='word_1_252' title='bbox 2105 3095 2157 3145; x_wconf 89' lang='lat' dir='ltr'><strong><em>p.</em></strong></span> <span class='ocrx_word' id='word_1_253' title='bbox 2192 3082 2292 3131; x_wconf 86' lang='lat'><strong><em>169</em></strong></span> <span class='ocrx_word' id='word_1_254' title='bbox 2321 3078 2435 3133; x_wconf 76' lang='lat' dir='ltr'><strong>not.</strong></span> <span class='ocrx_word' id='word_1_255' title='bbox 2460 3083 2491 3131; x_wconf 88' lang='grc'><strong>6</strong></span> 
     </span>
     <span class='ocr_line' id='line_1_30' title="bbox 194 3150 2487 3231; baseline -0.001 -19"><span class='ocrx_word' id='word_1_256' title='bbox 194 3163 219 3212; x_wconf 84' lang='grc'>1</span> <span class='ocrx_word' id='word_1_257' title='bbox 260 3159 333 3213; x_wconf 90' lang='lat' dir='ltr'><strong><em>de</em></strong></span> <span class='ocrx_word' id='word_1_258' title='bbox 371 3160 609 3231; x_wconf 76' lang='grc' dir='ltr'><strong><em>Σικελία</em></strong></span> <span class='ocrx_word' id='word_1_259' title='bbox 652 3176 703 3212; x_wconf 84' lang='lat' dir='ltr'><strong><em>v.</em></strong></span> <span class='ocrx_word' id='word_1_260' title='bbox 744 3156 1079 3225; x_wconf 78' lang='lat' dir='ltr'><strong><em>Harpocrat.</em></strong></span> <span class='ocrx_word' id='word_1_261' title='bbox 1119 3173 1172 3209; x_wconf 82' lang='lat' dir='ltr'><strong><em>v.</em></strong></span> <span class='ocrx_word' id='word_1_262' title='bbox 1213 3152 1450 3224; x_wconf 83' lang='grc' dir='ltr'><strong><em>Θέογνις</em></strong></span> <span class='ocrx_word' id='word_1_263' title='bbox 1595 3162 1627 3209; x_wconf 88' lang='grc'><strong>3</strong></span> <span class='ocrx_word' id='word_1_264' title='bbox 1674 3150 2080 3218; x_wconf 74' lang='grc' dir='ltr'><strong><em>ἀναλωθέντας</em></strong></span> <span class='ocrx_word' id='word_1_265' title='bbox 2124 3172 2226 3225; x_wconf 88' lang='lat' dir='ltr'><strong><em>pto</em></strong></span> <span class='ocrx_word' id='word_1_266' title='bbox 2273 3153 2487 3210; x_wconf 82' lang='grc' dir='ltr'><strong><em>σωθέν-</em></strong></span> 
     </span>
     <span class='ocr_line' id='line_1_31' title="bbox 190 3232 2492 3306; baseline 0 -16"><span class='ocrx_word' id='word_1_267' title='bbox 190 3259 292 3300; x_wconf 84' lang='grc' dir='ltr'><strong><em>τας</em></strong></span> <span class='ocrx_word' id='word_1_268' title='bbox 331 3237 476 3293; x_wconf 87' lang='lat' dir='ltr'><strong>coni.</strong></span> <span class='ocrx_word' id='word_1_269' title='bbox 505 3237 895 3293; x_wconf 66' lang='lat' dir='ltr'><strong>Schneidewin.</strong></span> <span class='ocrx_word' id='word_1_270' title='bbox 935 3234 1056 3289; x_wconf 88' lang='lat' dir='ltr'><strong>Del.</strong></span> <span class='ocrx_word' id='word_1_271' title='bbox 1089 3253 1141 3305; x_wconf 89' lang='lat' dir='ltr'><strong><em>p.</em></strong></span> <span class='ocrx_word' id='word_1_272' title='bbox 1161 3240 1232 3291; x_wconf 84' lang='grc'><strong><em>46</em></strong></span> <span class='ocrx_word' id='word_1_273' title='bbox 1261 3237 1509 3305; x_wconf 83' lang='grc' dir='ltr'><strong><em>Συρρακ.</em></strong></span> <span class='ocrx_word' id='word_1_274' title='bbox 1539 3240 1586 3288; x_wconf 78' lang='grc' dir='ltr'><strong>Δ</strong></span> <span class='ocrx_word' id='word_1_275' title='bbox 1694 3243 1729 3291; x_wconf 99' lang='grc'>4</span> <span class='ocrx_word' id='word_1_276' title='bbox 1756 3233 1837 3292; x_wconf 81' lang='grc' dir='ltr'><strong><em>δι’</em></strong></span> <span class='ocrx_word' id='word_1_277' title='bbox 1871 3232 2131 3306; x_wconf 79' lang='grc' dir='ltr'><strong><em>ἐλεγείων</em></strong></span> <span class='ocrx_word' id='word_1_278' title='bbox 2160 3236 2492 3306; x_wconf 73' lang='lat' dir='ltr'><strong><em>Bernhardy</em></strong></span> 
     </span>
     <span class='ocr_line' id='line_1_32' title="bbox 193 3312 2491 3387; baseline 0 -16"><span class='ocrx_word' id='word_1_279' title='bbox 193 3315 266 3380; x_wconf 81' lang='grc' dir='ltr'><strong><em>ὡς</em></strong></span> <span class='ocrx_word' id='word_1_280' title='bbox 307 3316 418 3387; x_wconf 80' lang='grc' dir='ltr'><strong><em>ἔπη</em></strong></span> <span class='ocrx_word' id='word_1_281' title='bbox 453 3322 552 3371; x_wconf 78' lang='grc' dir='ltr'><strong><em>ΔΕ</em></strong></span> <span class='ocrx_word' id='word_1_282' title='bbox 687 3322 718 3371; x_wconf 80' lang='grc'>5</span> <span class='ocrx_word' id='word_1_283' title='bbox 759 3315 857 3371; x_wconf 85' lang='grc' dir='ltr'><strong><em>καὶ</em></strong></span> <span class='ocrx_word' id='word_1_284' title='bbox 896 3316 1048 3371; x_wconf 75' lang='lat' dir='ltr'><strong>delei:</strong></span> <span class='ocrx_word' id='word_1_285' title='bbox 1082 3315 1417 3387; x_wconf 60' lang='lat' dir='ltr'><strong>Bernhardy</strong></span> <span class='ocrx_word' id='word_1_286' title='bbox 1545 3324 1576 3371; x_wconf 87' lang='lat'><strong>6</strong></span> <span class='ocrx_word' id='word_1_287' title='bbox 1615 3312 1823 3381; x_wconf 78' lang='grc' dir='ltr'><strong><em>ἐπικῶς</em></strong></span> <span class='ocrx_word' id='word_1_288' title='bbox 1859 3317 2122 3373; x_wconf 80' lang='lat' dir='ltr'><strong>vitiosum</strong></span> <span class='ocrx_word' id='word_1_289' title='bbox 2159 3334 2279 3372; x_wconf 86' lang='lat' dir='ltr'><strong>esse</strong></span> <span class='ocrx_word' id='word_1_290' title='bbox 2317 3319 2491 3387; x_wconf 73' lang='lat' dir='ltr'><strong>patet,</strong></span> 
     </span>
     <span class='ocr_line' id='line_1_33' title="bbox 193 3393 2495 3468; baseline -0 -16"><span class='ocrx_word' id='word_1_291' title='bbox 193 3395 460 3460; x_wconf 75' lang='grc' dir='ltr'><strong><em>ἐπιεικῶς</em></strong></span> <span class='ocrx_word' id='word_1_292' title='bbox 495 3404 538 3451; x_wconf 80' lang='grc' dir='ltr'>Ε</span> <span class='ocrx_word' id='word_1_293' title='bbox 577 3393 912 3466; x_wconf 77' lang='grc' dir='ltr'><strong><em>ἐλεγειακιὸς</em></strong></span> <span class='ocrx_word' id='word_1_294' title='bbox 949 3396 1222 3465; x_wconf 71' lang='grc' dir='ltr'><strong><em>861ιποίἀ.,</em></strong></span> <span class='ocrx_word' id='word_1_295' title='bbox 1261 3398 1358 3465; x_wconf 92' lang='lat' dir='ltr'><strong><em>qui</em></strong></span> <span class='ocrx_word' id='word_1_296' title='bbox 1393 3399 1585 3452; x_wconf 73' lang='lat' dir='ltr'><strong>tamen</strong></span> <span class='ocrx_word' id='word_1_297' title='bbox 1622 3397 1763 3453; x_wconf 81' lang='lat' dir='ltr'><strong>coni.</strong></span> <span class='ocrx_word' id='word_1_298' title='bbox 1805 3399 1924 3455; x_wconf 71' lang='lat' dir='ltr'><strong>crit.</strong></span> <span class='ocrx_word' id='word_1_299' title='bbox 1954 3418 2009 3468; x_wconf 89' lang='lat' dir='ltr'><strong><em>p.</em></strong></span> <span class='ocrx_word' id='word_1_300' title='bbox 2044 3404 2145 3454; x_wconf 77' lang='lat'><strong><em>176</em></strong></span> <span class='ocrx_word' id='word_1_301' title='bbox 2184 3396 2292 3467; x_wconf 79' lang='grc' dir='ltr'><strong><em>ἔπη</em></strong></span> <span class='ocrx_word' id='word_1_302' title='bbox 2318 3441 2328 3452; x_wconf 94' lang='grc'><strong><em>.</em></strong></span> <span class='ocrx_word' id='word_1_303' title='bbox 2354 3439 2393 3463; x_wconf 84' lang='grc'><strong><em>.,</em></strong></span> <span class='ocrx_word' id='word_1_304' title='bbox 2431 3401 2495 3452; x_wconf 76' lang='lat' dir='ltr'><strong><em>ut</em></strong></span> 
     </span>
     <span class='ocr_line' id='line_1_34' title="bbox 191 3476 2489 3551; baseline 0 -19"><span class='ocrx_word' id='word_1_305' title='bbox 191 3495 458 3535; x_wconf 87' lang='lat' dir='ltr'><strong>numerus</strong></span> <span class='ocrx_word' id='word_1_306' title='bbox 515 3477 782 3532; x_wconf 80' lang='lat' dir='ltr'><strong>exciderit</strong></span> <span class='ocrx_word' id='word_1_307' title='bbox 833 3476 1090 3546; x_wconf 79' lang='lat' dir='ltr'><strong>(fortasse</strong></span> <span class='ocrx_word' id='word_1_308' title='bbox 1140 3478 1282 3551; x_wconf 63' lang='grc' dir='ltr'><strong><em>βω),</em></strong></span> <span class='ocrx_word' id='word_1_309' title='bbox 1351 3495 1519 3546; x_wconf 89' lang='lat' dir='ltr'><strong>quem</strong></span> <span class='ocrx_word' id='word_1_310' title='bbox 1575 3478 1825 3548; x_wconf 79' lang='lat' dir='ltr'><strong>sequitur</strong></span> <span class='ocrx_word' id='word_1_311' title='bbox 1876 3478 2063 3547; x_wconf 86' lang='lat' dir='ltr'><strong>Bergk</strong></span> <span class='ocrx_word' id='word_1_312' title='bbox 2120 3478 2189 3531; x_wconf 87' lang='lat' dir='ltr'><strong><em>de</em></strong></span> <span class='ocrx_word' id='word_1_313' title='bbox 2245 3493 2489 3547; x_wconf 89' lang='lat' dir='ltr'><strong>prooem.</strong></span> 
     </span>
     <span class='ocr_line' id='line_1_35' title="bbox 193 3551 2491 3629; baseline 0 -18"><span class='ocrx_word' id='word_1_314' title='bbox 193 3558 430 3629; x_wconf 85' lang='lat' dir='ltr'><strong>Emped.</strong></span> <span class='ocrx_word' id='word_1_315' title='bbox 468 3576 523 3628; x_wconf 91' lang='lat' dir='ltr'><strong><em>p.</em></strong></span> <span class='ocrx_word' id='word_1_316' title='bbox 564 3564 624 3626; x_wconf 84' lang='lat'><strong><em>9,</em></strong></span> <span class='ocrx_word' id='word_1_317' title='bbox 660 3551 1066 3624; x_wconf 76' lang='grc' dir='ltr'><strong><em>παραινετικὰς</em></strong></span> <span class='ocrx_word' id='word_1_318' title='bbox 1105 3552 1313 3619; x_wconf 74' lang='grc' dir='ltr'><strong><em>ἐπικῶς</em></strong></span> <span class='ocrx_word' id='word_1_319' title='bbox 1348 3555 1447 3611; x_wconf 82' lang='grc' dir='ltr'><strong><em>καὶ</em></strong></span> <span class='ocrx_word' id='word_1_320' title='bbox 1481 3556 1553 3612; x_wconf 79' lang='grc' dir='ltr'><strong><em>τὰ</em></strong></span> <span class='ocrx_word' id='word_1_321' title='bbox 1586 3554 1777 3612; x_wconf 88' lang='grc' dir='ltr'><strong><em>πάντα</em></strong></span> <span class='ocrx_word' id='word_1_322' title='bbox 1814 3556 2175 3627; x_wconf 82' lang='grc' dir='ltr'><strong><em>παραινέσεις</em></strong></span> <span class='ocrx_word' id='word_1_323' title='bbox 2212 3558 2491 3626; x_wconf 75' lang='lat' dir='ltr'><strong>sequenti·</strong></span> 
     </span>
     <span class='ocr_line' id='line_1_36' title="bbox 192 3632 2499 3713; baseline 0 -20"><span class='ocrx_word' id='word_1_324' title='bbox 192 3640 298 3693; x_wconf 83' lang='lat' dir='ltr'><strong><em>bus</em></strong></span> <span class='ocrx_word' id='word_1_325' title='bbox 335 3638 530 3693; x_wconf 68' lang='lat' dir='ltr'><strong><em>iunci-‚a</em></strong></span> <span class='ocrx_word' id='word_1_326' title='bbox 563 3637 869 3693; x_wconf 81' lang='lat' dir='ltr'><strong>Franckius</strong></span> <span class='ocrx_word' id='word_1_327' title='bbox 907 3636 1102 3691; x_wconf 78' lang='lat' dir='ltr'><strong><em>Callin.</em></strong></span> <span class='ocrx_word' id='word_1_328' title='bbox 1142 3655 1198 3706; x_wconf 90' lang='lat' dir='ltr'><strong><em>p.</em></strong></span> <span class='ocrx_word' id='word_1_329' title='bbox 1237 3641 1322 3705; x_wconf 81' lang='lat'><strong><em>87,</em></strong></span> <span class='ocrx_word' id='word_1_330' title='bbox 1363 3634 1534 3713; x_wconf 54' lang='grc' dir='ltr'><strong><em>,βως’</em></strong></span> <span class='ocrx_word' id='word_1_331' title='bbox 1572 3638 1938 3705; x_wconf 72' lang='lat' dir='ltr'><strong>Schoemann,</strong></span> <span class='ocrx_word' id='word_1_332' title='bbox 1990 3632 2212 3708; x_wconf 77' lang='grc' dir='ltr'><strong><em>ἠθικῶς</em></strong></span> <span class='ocrx_word' id='word_1_333' title='bbox 2248 3640 2499 3709; x_wconf 74' lang='lat' dir='ltr'><strong><em>Dizthey,</em></strong></span> 
     </span>
     <span class='ocr_line' id='line_1_37' title="bbox 192 3711 2491 3788; baseline 0 -17"><span class='ocrx_word' id='word_1_334' title='bbox 192 3718 336 3774; x_wconf 81' lang='lat' dir='ltr'><strong>Mus,</strong></span> <span class='ocrx_word' id='word_1_335' title='bbox 377 3718 556 3775; x_wconf 87' lang='lat' dir='ltr'><strong>Rhen.</strong></span> <span class='ocrx_word' id='word_1_336' title='bbox 583 3717 766 3772; x_wconf 88' lang='lat' dir='ltr'>XVIII</span> <span class='ocrx_word' id='word_1_337' title='bbox 793 3735 848 3787; x_wconf 89' lang='lat' dir='ltr'><strong><em>p.</em></strong></span> <span class='ocrx_word' id='word_1_338' title='bbox 882 3723 984 3771; x_wconf 83' lang='lat'><strong><em>150</em></strong></span> <span class='ocrx_word' id='word_1_339' title='bbox 1094 3724 1123 3772; x_wconf 80' lang='lat'><strong>7</strong></span> <span class='ocrx_word' id='word_1_340' title='bbox 1165 3711 1254 3771; x_wconf 77' lang='grc' dir='ltr'><strong><em>ὅτι</em></strong></span> <span class='ocrx_word' id='word_1_341' title='bbox 1283 3749 1348 3757; x_wconf 89' lang='lat'><strong><em>—-</em></strong></span> <span class='ocrx_word' id='word_1_342' title='bbox 1380 3718 1500 3788; x_wconf 82' lang='grc' dir='ltr'><strong><em>βίος</em></strong></span> <span class='ocrx_word' id='word_1_343' title='bbox 1538 3734 1683 3786; x_wconf 85' lang='lat' dir='ltr'><strong>quae</strong></span> <span class='ocrx_word' id='word_1_344' title='bbox 1720 3718 1929 3773; x_wconf 78' lang='lat' dir='ltr'><strong>Suidae</strong></span> <span class='ocrx_word' id='word_1_345' title='bbox 1962 3718 2251 3784; x_wconf 74' lang='lat' dir='ltr'><strong>debentur,</strong></span> <span class='ocrx_word' id='word_1_346' title='bbox 2286 3717 2491 3772; x_wconf 75' lang='lat' dir='ltr'><strong>merito</strong></span> 
     </span>
     <span class='ocr_line' id='line_1_38' title="bbox 194 3797 2366 3869; baseline 0 -16"><span class='ocrx_word' id='word_1_347' title='bbox 194 3800 462 3869; x_wconf 82' lang='lat' dir='ltr'><strong>expunxi;</strong></span> <span class='ocrx_word' id='word_1_348' title='bbox 511 3800 580 3853; x_wconf 88' lang='lat' dir='ltr'><strong>cf.</strong></span> <span class='ocrx_word' id='word_1_349' title='bbox 620 3797 1042 3867; x_wconf 64' lang='lat' dir='ltr'><strong>Schneidewin„</strong></span> <span class='ocrx_word' id='word_1_350' title='bbox 1081 3799 1150 3853; x_wconf 88' lang='lat' dir='ltr'><strong><em>de</em></strong></span> <span class='ocrx_word' id='word_1_351' title='bbox 1190 3799 1316 3869; x_wconf 80' lang='lat' dir='ltr'><strong>syll.</strong></span> <span class='ocrx_word' id='word_1_352' title='bbox 1358 3798 1607 3869; x_wconf 80' lang='lat' dir='ltr'><strong>Theogn.</strong></span> <span class='ocrx_word' id='word_1_353' title='bbox 1644 3817 1698 3869; x_wconf 87' lang='lat' dir='ltr'><strong><em>p.</em></strong></span> <span class='ocrx_word' id='word_1_354' title='bbox 1738 3805 1808 3853; x_wconf 84' lang='lat'><strong><em>40</em></strong></span> <span class='ocrx_word' id='word_1_355' title='bbox 1846 3800 2162 3869; x_wconf 72' lang='lat' dir='ltr'><strong>(Argentor.</strong></span> <span class='ocrx_word' id='word_1_356' title='bbox 2205 3800 2366 3866; x_wconf 80' lang='grc'>1878)</span> 
     </span>
    </p>

    <p class='ocr_par' dir='ltr' id='par_1_7' title="bbox 196 3876 1497 3949">
     <span class='ocr_line' id='line_1_39' title="bbox 196 3876 1497 3949; baseline -0.002 -14"><span class='ocrx_word' id='word_1_357' title='bbox 196 3886 228 3935; x_wconf 90' lang='grc'>8</span> <span class='ocrx_word' id='word_1_358' title='bbox 269 3881 493 3949; x_wconf 84' lang='grc' dir='ltr'><strong><em>μιαρίαι</em></strong></span> <span class='ocrx_word' id='word_1_359' title='bbox 529 3882 797 3931; x_wconf 73' lang='lat' dir='ltr'>Anvmt</span> <span class='ocrx_word' id='word_1_360' title='bbox 835 3876 943 3933; x_wconf 84' lang='grc' dir='ltr'><strong><em>εἰσι</em></strong></span> <span class='ocrx_word' id='word_1_361' title='bbox 980 3878 1184 3948; x_wconf 83' lang='grc' dir='ltr'><strong><em>μωρίαι</em></strong></span> <span class='ocrx_word' id='word_1_362' title='bbox 1221 3879 1497 3934; x_wconf 72' lang='lat' dir='ltr'><strong>Kusterus</strong></span> 
     </span>
    </p>
   </div>
   <div class='ocr_carea' id='block_1_5' title="bbox 193 3965 2493 4425">
    <p class='ocr_par' dir='ltr' id='par_1_8' title="bbox 193 3965 2493 4425">
     <span class='ocr_line' id='line_1_40' title="bbox 340 3965 2489 4038; baseline -0.001 -13"><span class='ocrx_word' id='word_1_363' title='bbox 340 3966 681 4025; x_wconf 88' lang='lat' dir='ltr'>CCCXLVII</span> <span class='ocrx_word' id='word_1_364' title='bbox 731 3966 882 4021; x_wconf 78' lang='lat' dir='ltr'><strong>Eud.</strong></span> <span class='ocrx_word' id='word_1_365' title='bbox 935 3985 991 4036; x_wconf 89' lang='lat' dir='ltr'><strong>p.</strong></span> <span class='ocrx_word' id='word_1_366' title='bbox 1039 3972 1158 4020; x_wconf 79' lang='lat'><strong>371.</strong></span> <span class='ocrx_word' id='word_1_367' title='bbox 1233 3965 1316 4022; x_wconf 87' lang='lat' dir='ltr'><strong><em>Cf.</em></strong></span> <span class='ocrx_word' id='word_1_368' title='bbox 1363 3966 1556 4037; x_wconf 78' lang='lat' dir='ltr'><strong>Steph.</strong></span> <span class='ocrx_word' id='word_1_369' title='bbox 1603 3968 1733 4038; x_wconf 81' lang='lat' dir='ltr'><strong>Byz.</strong></span> <span class='ocrx_word' id='word_1_370' title='bbox 1786 3986 1838 4023; x_wconf 81' lang='lat' dir='ltr'><strong><em>v.</em></strong></span> <span class='ocrx_word' id='word_1_371' title='bbox 1888 3965 2157 4037; x_wconf 83' lang='grc' dir='ltr'><strong><em>Φάσηλις;</em></strong></span> <span class='ocrx_word' id='word_1_372' title='bbox 2213 3967 2489 4035; x_wconf 87' lang='lat' dir='ltr'><strong>Welcker‚</strong></span> 
     </span>
     <span class='ocr_line' id='line_1_41' title="bbox 195 4039 2488 4117; baseline -0.002 -13"><span class='ocrx_word' id='word_1_373' title='bbox 195 4048 421 4105; x_wconf 85' lang='lat' dir='ltr'><strong>Griech.</strong></span> <span class='ocrx_word' id='word_1_374' title='bbox 451 4048 618 4117; x_wconf 88' lang='lat' dir='ltr'><strong>Trag.</strong></span> <span class='ocrx_word' id='word_1_375' title='bbox 647 4063 701 4114; x_wconf 90' lang='lat' dir='ltr'><strong>p.</strong></span> <span class='ocrx_word' id='word_1_376' title='bbox 735 4051 890 4113; x_wconf 89' lang='grc'>1069,</span> <span class='ocrx_word' id='word_1_377' title='bbox 929 4044 1110 4112; x_wconf 82' lang='lat' dir='ltr'><strong>Daub‚</strong></span> <span class='ocrx_word' id='word_1_378' title='bbox 1149 4044 1304 4103; x_wconf 74' lang='lat' dir='ltr'><strong>Stud.</strong></span> <span class='ocrx_word' id='word_1_379' title='bbox 1334 4064 1388 4116; x_wconf 96' lang='lat' dir='ltr'><strong>p.</strong></span> <span class='ocrx_word' id='word_1_380' title='bbox 1419 4054 1487 4102; x_wconf 85' lang='lat'><strong><em>48</em></strong></span> <span class='ocrx_word' id='word_1_381' title='bbox 1626 4054 1693 4103; x_wconf 79' lang='lat'><strong><em>12</em></strong></span> <span class='ocrx_word' id='word_1_382' title='bbox 1732 4039 1897 4111; x_wconf 78' lang='grc' dir='ltr'><strong><em>οὗτος</em></strong></span> <span class='ocrx_word' id='word_1_383' title='bbox 1924 4078 1990 4087; x_wconf 89' lang='grc'>-</span> <span class='ocrx_word' id='word_1_384' title='bbox 2032 4048 2161 4103; x_wconf 71' lang='lat' dir='ltr'><strong>exit.</strong></span> <span class='ocrx_word' id='word_1_385' title='bbox 2200 4064 2308 4103; x_wconf 88' lang='lat' dir='ltr'><strong><em>om.</em></strong></span> <span class='ocrx_word' id='word_1_386' title='bbox 2336 4049 2488 4102; x_wconf 78' lang='lat' dir='ltr'><strong>Eud.</strong></span> 
     </span>
     <span class='ocr_line' id='line_1_42' title="bbox 193 4119 2490 4200; baseline -0.001 -16"><span class='ocrx_word' id='word_1_387' title='bbox 193 4146 432 4200; x_wconf 86' lang='lat' dir='ltr'><strong>pergens</strong></span> <span class='ocrx_word' id='word_1_388' title='bbox 469 4119 635 4190; x_wconf 84' lang='grc' dir='ltr'><strong><em>οὗτος</em></strong></span> <span class='ocrx_word' id='word_1_389' title='bbox 673 4124 798 4197; x_wconf 78' lang='grc' dir='ltr'><strong><em>ἔσχε</em></strong></span> <span class='ocrx_word' id='word_1_390' title='bbox 836 4126 936 4181; x_wconf 81' lang='grc' dir='ltr'><strong><em>καὶ</em></strong></span> <span class='ocrx_word' id='word_1_391' title='bbox 981 4122 1110 4179; x_wconf 70' lang='grc' dir='ltr'><strong><em>υἱὸν</em></strong></span> <span class='ocrx_word' id='word_1_392' title='bbox 1149 4127 1316 4181; x_wconf 80' lang='grc' dir='ltr'><strong><em>Θεοδ.</em></strong></span> <span class='ocrx_word' id='word_1_393' title='bbox 1356 4124 1567 4198; x_wconf 78' lang='grc' dir='ltr'><strong><em>ῥ’ήτορα</em></strong></span> <span class='ocrx_word' id='word_1_394' title='bbox 1612 4128 1712 4183; x_wconf 81' lang='grc' dir='ltr'><strong><em>καὶ</em></strong></span> <span class='ocrx_word' id='word_1_395' title='bbox 1757 4122 1937 4182; x_wconf 73' lang='grc' dir='ltr'><strong><em>αὐτὸν</em></strong></span> <span class='ocrx_word' id='word_1_396' title='bbox 1983 4128 2052 4183; x_wconf 90' lang='lat' dir='ltr'><strong><em>de</em></strong></span> <span class='ocrx_word' id='word_1_397' title='bbox 2090 4128 2270 4183; x_wconf 79' lang='lat' dir='ltr'><strong>altero</strong></span> <span class='ocrx_word' id='word_1_398' title='bbox 2308 4128 2490 4182; x_wconf 85' lang='lat' dir='ltr'><strong>Theo·</strong></span> 
     </span>
     <span class='ocr_line' id='line_1_43' title="bbox 195 4203 2493 4278; baseline -0.001 -13"><span class='ocrx_word' id='word_1_399' title='bbox 195 4212 356 4265; x_wconf 76' lang='lat' dir='ltr'><strong>docte</strong></span> <span class='ocrx_word' id='word_1_400' title='bbox 392 4225 567 4278; x_wconf 79' lang='lat' dir='ltr'><strong>agens</strong></span> <span class='ocrx_word' id='word_1_401' title='bbox 679 4213 745 4262; x_wconf 89' lang='grc'><strong><em>14</em></strong></span> <span class='ocrx_word' id='word_1_402' title='bbox 783 4204 874 4278; x_wconf 88' lang='grc' dir='ltr'><strong><em>ργ’</em></strong></span> <span class='ocrx_word' id='word_1_403' title='bbox 911 4206 1045 4261; x_wconf 86' lang='lat' dir='ltr'><strong>libri</strong></span> <span class='ocrx_word' id='word_1_404' title='bbox 1073 4203 1156 4276; x_wconf 71' lang='grc' dir='ltr'><strong><em>ρξ’</em></strong></span> <span class='ocrx_word' id='word_1_405' title='bbox 1197 4223 1336 4263; x_wconf 86' lang='lat' dir='ltr'><strong>corr.</strong></span> <span class='ocrx_word' id='word_1_406' title='bbox 1366 4208 1610 4277; x_wconf 73' lang='lat' dir='ltr'><strong>Clinton,</strong></span> <span class='ocrx_word' id='word_1_407' title='bbox 1645 4208 1775 4265; x_wconf 69' lang='lat' dir='ltr'><strong>fast.</strong></span> <span class='ocrx_word' id='word_1_408' title='bbox 1808 4226 1862 4276; x_wconf 90' lang='lat' dir='ltr'><strong>p.</strong></span> <span class='ocrx_word' id='word_1_409' title='bbox 1896 4212 1996 4261; x_wconf 83' lang='lat'><strong><em>143</em></strong></span> <span class='ocrx_word' id='word_1_410' title='bbox 2027 4205 2119 4261; x_wconf 88' lang='lat' dir='ltr'><strong>Kr.</strong></span> <span class='ocrx_word' id='word_1_411' title='bbox 2234 4214 2299 4262; x_wconf 83' lang='lat'><strong><em>17</em></strong></span> <span class='ocrx_word' id='word_1_412' title='bbox 2339 4215 2493 4278; x_wconf 75' lang='grc' dir='ltr'><strong><em>σχεῖν</em></strong></span> 
     </span>
     <span class='ocr_line' id='line_1_44' title="bbox 193 4282 2493 4361; baseline -0.001 -16"><span class='ocrx_word' id='word_1_413' title='bbox 193 4290 400 4345; x_wconf 78' lang='lat' dir='ltr'><strong>rectius</strong></span> <span class='ocrx_word' id='word_1_414' title='bbox 428 4288 764 4359; x_wconf 68' lang='lat' dir='ltr'><strong>Bernhardy</strong></span> <span class='ocrx_word' id='word_1_415' title='bbox 792 4283 1020 4354; x_wconf 74' lang='grc' dir='ltr'><strong><em>ἐδίδαξε</em></strong></span> <span class='ocrx_word' id='word_1_416' title='bbox 1051 4318 1117 4329; x_wconf 87' lang='lat'><strong><em>-·</em></strong></span> <span class='ocrx_word' id='word_1_417' title='bbox 1147 4282 1200 4359; x_wconf 89' lang='grc' dir='ltr'><strong><em>μ’</em></strong></span> <span class='ocrx_word' id='word_1_418' title='bbox 1232 4304 1339 4343; x_wconf 90' lang='lat' dir='ltr'><strong><em>om.</em></strong></span> <span class='ocrx_word' id='word_1_419' title='bbox 1370 4292 1433 4358; x_wconf 75' lang='lat' dir='ltr'><strong><em>V,</em></strong></span> <span class='ocrx_word' id='word_1_420' title='bbox 1464 4288 1641 4343; x_wconf 83' lang='lat' dir='ltr'><strong>verba</strong></span> <span class='ocrx_word' id='word_1_421' title='bbox 1666 4287 1898 4361; x_wconf 81' lang='grc' dir='ltr'><strong><em>τελευτᾷ</em></strong></span> <span class='ocrx_word' id='word_1_422' title='bbox 1926 4302 2040 4355; x_wconf 86' lang='lat' dir='ltr'><strong>seq.</strong></span> <span class='ocrx_word' id='word_1_423' title='bbox 2073 4289 2223 4344; x_wconf 74' lang='lat' dir='ltr'><strong>certe</strong></span> <span class='ocrx_word' id='word_1_424' title='bbox 2250 4288 2493 4359; x_wconf 84' lang='lat' dir='ltr'><strong>genuino</strong></span> 
     </span>
     <span class='ocr_line' id='line_1_45' title="bbox 197 4370 794 4425; baseline -0.002 -1"><span class='ocrx_word' id='word_1_425' title='bbox 197 4371 264 4425; x_wconf 89' lang='lat' dir='ltr'><strong><em>de</em></strong></span> <span class='ocrx_word' id='word_1_426' title='bbox 302 4370 432 4423; x_wconf 91' lang='lat' dir='ltr'><strong>loco</strong></span> <span class='ocrx_word' id='word_1_427' title='bbox 469 4370 626 4422; x_wconf 70' lang='lat' dir='ltr'><strong>mota</strong></span> <span class='ocrx_word' id='word_1_428' title='bbox 662 4371 794 4424; x_wconf 79' lang='lat' dir='ltr'><strong>sunt</strong></span> 
     </span>
    </p>
   </div>
  </div>
 </body>
</html>
