<?xml version="1.0" encoding="UTF-8"?>
<!DOCTYPE html PUBLIC "-//W3C//DTD XHTML 1.0 Transitional//EN"
    "http://www.w3.org/TR/xhtml1/DTD/xhtml1-transitional.dtd">
<html xmlns="http://www.w3.org/1999/xhtml" xml:lang="en" lang="en">
 <head>
  <title>
</title>
<meta http-equiv="Content-Type" content="text/html;charset=utf-8" />
  <meta name='ocr-system' content='tesseract 3.04.00' />
  <meta name='ocr-capabilities' content='ocr_page ocr_carea ocr_par ocr_line ocrx_word'/>
</head>
<body>
  <div class='ocr_page' id='page_1' title='image "./hesychiimilesii04flacgoog_0330.png"; bbox 0 0 3025 4892; ppageno 0'>
   <div class='ocr_carea' id='block_1_1' title="bbox 531 150 2003 216">
    <p class='ocr_par' dir='ltr' id='par_1_1' title="bbox 531 150 2003 216">
     <span class='ocr_line' id='line_1_1' title="bbox 531 150 2003 216; baseline -0.004 -4"><span class='ocrx_word' id='word_1_1' title='bbox 531 150 664 216; x_wconf 81' lang='lat'><strong><em>232</em></strong></span> <span class='ocrx_word' id='word_1_2' title='bbox 1462 150 1891 207; x_wconf 82' lang='lat' dir='ltr'><strong>HESYCHIUS.</strong></span> <span class='ocrx_word' id='word_1_3' title='bbox 1994 157 2003 162; x_wconf 72' lang='grc'><em>”</em></span> 
     </span>
    </p>
   </div>
   <div class='ocr_carea' id='block_1_2' title="bbox 455 309 2829 2671">
    <p class='ocr_par' dir='ltr' id='par_1_2' title="bbox 481 309 2828 931">
     <span class='ocr_line' id='line_1_2' title="bbox 527 309 2824 399; baseline -0 -21"><span class='ocrx_word' id='word_1_4' title='bbox 527 316 709 397; x_wconf 89' lang='grc' dir='ltr'><strong><em>βίου,</em></strong></span> <span class='ocrx_word' id='word_1_5' title='bbox 755 311 906 397; x_wconf 83' lang='grc' dir='ltr'><strong><em>περὶ</em></strong></span> <span class='ocrx_word' id='word_1_6' title='bbox 945 309 1386 399; x_wconf 78' lang='grc' dir='ltr'><strong><em>Ἀλεξάνδρου</em></strong></span> <span class='ocrx_word' id='word_1_7' title='bbox 1431 311 1541 378; x_wconf 88' lang='grc' dir='ltr'><strong><em>καὶ</em></strong></span> <span class='ocrx_word' id='word_1_8' title='bbox 1587 311 1737 397; x_wconf 86' lang='grc' dir='ltr'><strong><em>περὶ</em></strong></span> <span class='ocrx_word' id='word_1_9' title='bbox 1780 315 1900 379; x_wconf 84' lang='grc' dir='ltr'><strong><em>τοῦ</em></strong></span> <span class='ocrx_word' id='word_1_10' title='bbox 1948 315 2126 379; x_wconf 75' lang='grc' dir='ltr'><strong><em>ἴδιον</em></strong></span> <span class='ocrx_word' id='word_1_11' title='bbox 2168 310 2491 399; x_wconf 74' lang='grc' dir='ltr'><strong><em>λογισμὸν</em></strong></span> <span class='ocrx_word' id='word_1_12' title='bbox 2530 317 2712 399; x_wconf 82' lang='grc' dir='ltr'><strong><em>ἔχειν</em></strong></span> <span class='ocrx_word' id='word_1_13' title='bbox 2749 311 2824 379; x_wconf 82' lang='grc' dir='ltr'><strong><em>τὰ</em></strong></span> 
     </span>
     <span class='ocr_line' id='line_1_3' title="bbox 531 414 2828 505; baseline 0 -20"><span class='ocrx_word' id='word_1_14' title='bbox 531 416 771 505; x_wconf 75' lang='grc' dir='ltr'><strong><em>ἄλογα,</em></strong></span> <span class='ocrx_word' id='word_1_15' title='bbox 818 419 967 505; x_wconf 87' lang='grc' dir='ltr'><strong><em>περὶ</em></strong></span> <span class='ocrx_word' id='word_1_16' title='bbox 1012 421 1135 485; x_wconf 87' lang='grc' dir='ltr'><strong><em>τοῦ</em></strong></span> <span class='ocrx_word' id='word_1_17' title='bbox 1183 420 1308 497; x_wconf 80' lang='grc' dir='ltr'><strong><em>πᾶς</em></strong></span> <span class='ocrx_word' id='word_1_18' title='bbox 1354 414 1594 504; x_wconf 74' lang='grc' dir='ltr'><strong><em>ἄφρων</em></strong></span> <span class='ocrx_word' id='word_1_19' title='bbox 1634 417 1877 497; x_wconf 87' lang='grc' dir='ltr'><strong><em>δοῦλός</em></strong></span> <span class='ocrx_word' id='word_1_20' title='bbox 1926 420 2085 503; x_wconf 84' lang='grc' dir='ltr'><strong><em>ἐστι,</em></strong></span> <span class='ocrx_word' id='word_1_21' title='bbox 2130 418 2280 503; x_wconf 81' lang='grc' dir='ltr'><strong><em>περὶ</em></strong></span> <span class='ocrx_word' id='word_1_22' title='bbox 2326 421 2442 505; x_wconf 82' lang='grc' dir='ltr'><strong><em>τῆς</em></strong></span> <span class='ocrx_word' id='word_1_23' title='bbox 2489 422 2828 505; x_wconf 77' lang='grc' dir='ltr'><em>διαγωγῆς</em></span> 
     </span>
     <span class='ocr_line' id='line_1_4' title="bbox 529 524 2826 612; baseline -0 -22"><span class='ocrx_word' id='word_1_24' title='bbox 529 526 663 591; x_wconf 74' lang='grc' dir='ltr'><strong><em>τῶν</em></strong></span> <span class='ocrx_word' id='word_1_25' title='bbox 721 528 1158 612; x_wconf 78' lang='grc' dir='ltr'><strong><em>χριστιανῶν,</em></strong></span> <span class='ocrx_word' id='word_1_26' title='bbox 1217 524 1367 609; x_wconf 88' lang='grc' dir='ltr'><strong><em>περὶ</em></strong></span> <span class='ocrx_word' id='word_1_27' title='bbox 1422 529 1579 610; x_wconf 91' lang='grc' dir='ltr'><strong><em>βίου</em></strong></span> <span class='ocrx_word' id='word_1_28' title='bbox 1636 527 2084 611; x_wconf 77' lang='grc' dir='ltr'><strong><em>θεωρητικοῦ,</em></strong></span> <span class='ocrx_word' id='word_1_29' title='bbox 2145 525 2296 611; x_wconf 80' lang='grc' dir='ltr'><strong><em>περὶ</em></strong></span> <span class='ocrx_word' id='word_1_30' title='bbox 2354 528 2617 612; x_wconf 76' lang='grc' dir='ltr'><strong><em>ἱκετῶν,</em></strong></span> <span class='ocrx_word' id='word_1_31' title='bbox 2677 526 2826 611; x_wconf 83' lang='grc' dir='ltr'><strong><em>περὶ</em></strong></span> 
     </span>
     <span class='ocr_line' id='line_1_5' title="bbox 528 620 2823 717; baseline 0 -20"><span class='ocrx_word' id='word_1_32' title='bbox 528 635 854 717; x_wconf 75' lang='grc' dir='ltr'><strong><em>γεωργίας</em></strong></span> <span class='ocrx_word' id='word_1_33' title='bbox 899 629 1088 717; x_wconf 88' lang='grc' dir='ltr'><strong><em>λόγοι</em></strong></span> <span class='ocrx_word' id='word_1_34' title='bbox 1135 628 1228 715; x_wconf 85' lang='grc' dir='ltr'><strong><em>β’,</em></strong></span> <span class='ocrx_word' id='word_1_35' title='bbox 1283 628 1433 716; x_wconf 82' lang='grc' dir='ltr'><strong><em>περὶ</em></strong></span> <span class='ocrx_word' id='word_1_36' title='bbox 1478 630 1693 715; x_wconf 80' lang='grc' dir='ltr'><strong><em>μέθης</em></strong></span> <span class='ocrx_word' id='word_1_37' title='bbox 1738 628 1830 715; x_wconf 85' lang='grc' dir='ltr'><strong><em>β’,</em></strong></span> <span class='ocrx_word' id='word_1_38' title='bbox 1883 630 2033 715; x_wconf 88' lang='grc' dir='ltr'><strong><em>περὶ</em></strong></span> <span class='ocrx_word' id='word_1_39' title='bbox 2072 620 2200 698; x_wconf 49' lang='grc' dir='ltr'><strong><em>’τοῦ</em></strong></span> <span class='ocrx_word' id='word_1_40' title='bbox 2252 630 2594 709; x_wconf 77' lang='grc' dir='ltr'><em>Μωυσέως</em></span> <span class='ocrx_word' id='word_1_41' title='bbox 2642 635 2823 715; x_wconf 88' lang='grc' dir='ltr'><strong><em>βιόυ,</em></strong></span> 
     </span>
     <span class='ocr_line' id='line_1_6' title="bbox 481 733 2825 825; baseline -0 -20"><span class='ocrx_word' id='word_1_42' title='bbox 481 765 506 805; x_wconf 87' lang='lat'><strong>5</strong></span> <span class='ocrx_word' id='word_1_43' title='bbox 536 741 630 817; x_wconf 86' lang='grc' dir='ltr'><strong><em>είς</em></strong></span> <span class='ocrx_word' id='word_1_44' title='bbox 687 736 766 805; x_wconf 79' lang='grc' dir='ltr'><strong><em>τὰ</em></strong></span> <span class='ocrx_word' id='word_1_45' title='bbox 830 742 1179 825; x_wconf 82' lang='grc' dir='ltr'><strong><em>χερουβίμ,</em></strong></span> <span class='ocrx_word' id='word_1_46' title='bbox 1234 737 1530 803; x_wconf 80' lang='grc' dir='ltr'><strong><em>τουτέστι</em></strong></span> <span class='ocrx_word' id='word_1_47' title='bbox 1577 733 1702 821; x_wconf 82' lang='grc' dir='ltr'><strong><em>τὴν</em></strong></span> <span class='ocrx_word' id='word_1_48' title='bbox 1748 740 2082 823; x_wconf 87' lang='grc' dir='ltr'><strong><em>φλογίνην</em></strong></span> <span class='ocrx_word' id='word_1_49' title='bbox 2132 738 2504 823; x_wconf 77' lang='grc' dir='ltr'><strong><em>ῥομφαίαν,</em></strong></span> <span class='ocrx_word' id='word_1_50' title='bbox 2558 742 2659 816; x_wconf 82' lang='grc' dir='ltr'><strong><em>εἰς</em></strong></span> <span class='ocrx_word' id='word_1_51' title='bbox 2706 734 2825 822; x_wconf 81' lang='grc' dir='ltr'><strong><em>τὴν</em></strong></span> 
     </span>
     <span class='ocr_line' id='line_1_7' title="bbox 533 838 2825 931; baseline 0 -21"><span class='ocrx_word' id='word_1_52' title='bbox 533 843 981 931; x_wconf 84' lang='grc' dir='ltr'><strong><em>πεντάτευχον</em></strong></span> <span class='ocrx_word' id='word_1_53' title='bbox 1031 845 1377 921; x_wconf 80' lang='grc' dir='ltr'><em>Μωυσέως</em></span> <span class='ocrx_word' id='word_1_54' title='bbox 1431 842 1541 909; x_wconf 83' lang='grc' dir='ltr'><strong><em>καὶ</em></strong></span> <span class='ocrx_word' id='word_1_55' title='bbox 1588 845 1683 921; x_wconf 83' lang='grc' dir='ltr'><strong><em>εἰς</em></strong></span> <span class='ocrx_word' id='word_1_56' title='bbox 1730 838 1939 909; x_wconf 80' lang='grc' dir='ltr'><strong><em>αὐτὸν</em></strong></span> <span class='ocrx_word' id='word_1_57' title='bbox 1986 840 2107 909; x_wconf 88' lang='grc' dir='ltr'><strong><em>τὸν</em></strong></span> <span class='ocrx_word' id='word_1_58' title='bbox 2155 847 2464 931; x_wconf 82' lang='grc' dir='ltr'><strong><em>Μωυσῆν</em></strong></span> <span class='ocrx_word' id='word_1_59' title='bbox 2508 843 2706 929; x_wconf 83' lang='grc' dir='ltr'><strong><em>λόγοι</em></strong></span> <span class='ocrx_word' id='word_1_60' title='bbox 2752 842 2825 911; x_wconf 84' lang='grc' dir='ltr'><strong><em>ε’.</em></strong></span> 
     </span>
    </p>

    <p class='ocr_par' dir='ltr' id='par_1_3' title="bbox 539 955 2829 1155">
     <span class='ocr_line' id='line_1_8' title="bbox 714 955 2829 1047; baseline -0 -22"><span class='ocrx_word' id='word_1_61' title='bbox 714 960 1079 1028; x_wconf 83' lang='lat' dir='ltr'><strong>DOGOLII.</strong></span> <span class='ocrx_word' id='word_1_62' title='bbox 1159 964 1422 1025; x_wconf 83' lang='grc' dir='ltr'><strong><em>Φίλων</em></strong></span> <span class='ocrx_word' id='word_1_63' title='bbox 1470 956 1889 1045; x_wconf 89' lang='grc' dir='ltr'><strong><em>Καρπάθιος.</em></strong></span> <span class='ocrx_word' id='word_1_64' title='bbox 1984 962 2272 1047; x_wconf 81' lang='grc' dir='ltr'><strong><em>ἔγραψεν</em></strong></span> <span class='ocrx_word' id='word_1_65' title='bbox 2330 955 2694 1046; x_wconf 83' lang='grc' dir='ltr'><strong><em>ὑπόμνημα</em></strong></span> <span class='ocrx_word' id='word_1_66' title='bbox 2738 964 2829 1037; x_wconf 84' lang='grc' dir='ltr'><strong><em>εἰς</em></strong></span> 
     </span>
     <span class='ocr_line' id='line_1_9' title="bbox 539 1056 1400 1155; baseline -0.001 -22"><span class='ocrx_word' id='word_1_67' title='bbox 539 1063 614 1133; x_wconf 92' lang='grc' dir='ltr'><strong><em>τὸ</em></strong></span> <span class='ocrx_word' id='word_1_68' title='bbox 664 1056 841 1155; x_wconf 78' lang='grc' dir='ltr'><strong><em>ᾆσμα</em></strong></span> <span class='ocrx_word' id='word_1_69' title='bbox 886 1069 1020 1135; x_wconf 77' lang='grc' dir='ltr'><strong><em>τῶν</em></strong></span> <span class='ocrx_word' id='word_1_70' title='bbox 1069 1062 1400 1154; x_wconf 78' lang='grc' dir='ltr'><strong><em>ᾀσμάτων.</em></strong></span> 
     </span>
    </p>

    <p class='ocr_par' dir='ltr' id='par_1_4' title="bbox 715 1175 2824 1269">
     <span class='ocr_line' id='line_1_10' title="bbox 715 1175 2824 1269; baseline 0 -22"><span class='ocrx_word' id='word_1_71' title='bbox 715 1180 1108 1247; x_wconf 81' lang='lat' dir='ltr'><strong>DOCCLIII.</strong></span> <span class='ocrx_word' id='word_1_72' title='bbox 1211 1181 1664 1263; x_wconf 78' lang='grc' dir='ltr'><strong><em>Φιλωνίδης</em></strong></span> <span class='ocrx_word' id='word_1_73' title='bbox 1727 1175 2115 1265; x_wconf 79' lang='grc' dir='ltr'><strong><em>Ἀθηναῖος,</em></strong></span> <span class='ocrx_word' id='word_1_74' title='bbox 2179 1178 2467 1266; x_wconf 87' lang='grc' dir='ltr'><strong><em>κωμικὸς</em></strong></span> <span class='ocrx_word' id='word_1_75' title='bbox 2527 1178 2824 1269; x_wconf 78' lang='grc' dir='ltr'><strong><em>ἀρχαῖος,</em></strong></span> 
     </span>
    </p>

    <p class='ocr_par' dir='ltr' id='par_1_5' title="bbox 458 1278 2824 1480">
     <span class='ocr_line' id='line_1_11' title="bbox 458 1278 2824 1375; baseline -0.002 -18"><span class='ocrx_word' id='word_1_76' title='bbox 458 1320 509 1359; x_wconf 90' lang='lat'><strong><em>10</em></strong></span> <span class='ocrx_word' id='word_1_77' title='bbox 535 1286 866 1375; x_wconf 86' lang='grc' dir='ltr'><strong><em>πρότερον</em></strong></span> <span class='ocrx_word' id='word_1_78' title='bbox 907 1284 981 1353; x_wconf 76' lang='grc' dir='ltr'><strong><em>δὲ</em></strong></span> <span class='ocrx_word' id='word_1_79' title='bbox 1019 1278 1102 1371; x_wconf 86' lang='grc' dir='ltr'><strong><em>ἦν</em></strong></span> <span class='ocrx_word' id='word_1_80' title='bbox 1140 1282 1455 1371; x_wconf 83' lang='grc' dir='ltr'><strong><em>γναφεύς.</em></strong></span> <span class='ocrx_word' id='word_1_81' title='bbox 1508 1286 1644 1351; x_wconf 75' lang='grc' dir='ltr'><strong><em>τῶν</em></strong></span> <span class='ocrx_word' id='word_1_82' title='bbox 1686 1286 2042 1372; x_wconf 87' lang='grc' dir='ltr'><strong><em>δραμάτων</em></strong></span> <span class='ocrx_word' id='word_1_83' title='bbox 2078 1282 2286 1353; x_wconf 81' lang='grc' dir='ltr'><strong><em>αὐτοῦ</em></strong></span> <span class='ocrx_word' id='word_1_84' title='bbox 2323 1278 2412 1373; x_wconf 83' lang='grc' dir='ltr'><strong><em>ἦν</em></strong></span> <span class='ocrx_word' id='word_1_85' title='bbox 2448 1286 2824 1375; x_wconf 88' lang='grc' dir='ltr'><strong><em>Κόθορνοι,</em></strong></span> 
     </span>
     <span class='ocr_line' id='line_1_12' title="bbox 527 1392 1267 1480; baseline -0.001 -20"><span class='ocrx_word' id='word_1_86' title='bbox 527 1392 808 1479; x_wconf 85' lang='grc' dir='ltr'><strong><em>Ἀπήνη,</em></strong></span> <span class='ocrx_word' id='word_1_87' title='bbox 862 1395 1267 1480; x_wconf 87' lang='grc' dir='ltr'><strong><em>Φιλέταιρος.</em></strong></span> 
     </span>
    </p>

    <p class='ocr_par' dir='ltr' id='par_1_6' title="bbox 535 1505 2821 1808">
     <span class='ocr_line' id='line_1_13' title="bbox 712 1505 2821 1602; baseline -0.001 -27"><span class='ocrx_word' id='word_1_88' title='bbox 712 1507 1108 1602; x_wconf 71' lang='lat' dir='ltr'><strong>DCCOLIV.</strong></span> <span class='ocrx_word' id='word_1_89' title='bbox 1163 1507 1485 1592; x_wconf 83' lang='grc' dir='ltr'><strong><em>Φλέγων</em></strong></span> <span class='ocrx_word' id='word_1_90' title='bbox 1524 1506 1954 1595; x_wconf 90' lang='grc' dir='ltr'><strong><em>Τραλλιανός,</em></strong></span> <span class='ocrx_word' id='word_1_91' title='bbox 1987 1505 2436 1595; x_wconf 77' lang='grc' dir='ltr'><strong><em>ἀπελεύθερος</em></strong></span> <span class='ocrx_word' id='word_1_92' title='bbox 2462 1512 2583 1576; x_wconf 88' lang='grc' dir='ltr'><strong><em>τοῦ</em></strong></span> <span class='ocrx_word' id='word_1_93' title='bbox 2611 1514 2821 1592; x_wconf 86' lang='grc' dir='ltr'><strong><em>Σεβα-</em></strong></span> 
     </span>
     <span class='ocr_line' id='line_1_14' title="bbox 535 1610 2820 1703; baseline -0 -21"><span class='ocrx_word' id='word_1_94' title='bbox 535 1618 698 1682; x_wconf 87' lang='grc' dir='ltr'><strong><em>στοῦ</em></strong></span> <span class='ocrx_word' id='word_1_95' title='bbox 748 1618 1092 1701; x_wconf 90' lang='grc' dir='ltr'><strong><em>Καίσαρος</em></strong></span> <span class='ocrx_word' id='word_1_96' title='bbox 1137 1614 1237 1702; x_wconf 74' lang='lat' dir='ltr'><strong><em>(oc</em></strong></span> <span class='ocrx_word' id='word_1_97' title='bbox 1279 1612 1352 1681; x_wconf 74' lang='grc' dir='ltr'><strong><em>δὲ</em></strong></span> <span class='ocrx_word' id='word_1_98' title='bbox 1386 1610 1746 1700; x_wconf 77' lang='grc' dir='ltr'><strong><em>Ἀδριανοῦ</em></strong></span> <span class='ocrx_word' id='word_1_99' title='bbox 1794 1616 2053 1701; x_wconf 81' lang='grc' dir='ltr'><strong><em>φασιν),</em></strong></span> <span class='ocrx_word' id='word_1_100' title='bbox 2102 1614 2449 1703; x_wconf 75' lang='grc' dir='ltr'><strong><em>ἱστορικός.</em></strong></span> <span class='ocrx_word' id='word_1_101' title='bbox 2536 1620 2820 1701; x_wconf 83' lang='grc' dir='ltr'><strong><em>ἔγραψεν</em></strong></span> 
     </span>
     <span class='ocr_line' id='line_1_15' title="bbox 537 1718 2821 1808; baseline 0 -21"><span class='ocrx_word' id='word_1_102' title='bbox 537 1718 979 1807; x_wconf 76' lang='grc' dir='ltr'><strong><em>Ὀλυμπιάδας</em></strong></span> <span class='ocrx_word' id='word_1_103' title='bbox 1039 1722 1112 1787; x_wconf 86' lang='grc' dir='ltr'><strong><em>έν</em></strong></span> <span class='ocrx_word' id='word_1_104' title='bbox 1168 1725 1454 1805; x_wconf 87' lang='grc' dir='ltr'><strong><em>βιβλίοις</em></strong></span> <span class='ocrx_word' id='word_1_105' title='bbox 1509 1719 1600 1801; x_wconf 84' lang='grc' dir='ltr'><strong><em>ις’</em></strong></span> <span class='ocrx_word' id='word_1_106' title='bbox 1650 1720 1818 1808; x_wconf 83' lang='grc' dir='ltr'><strong><em>(ἔστι</em></strong></span> <span class='ocrx_word' id='word_1_107' title='bbox 1875 1719 1949 1787; x_wconf 77' lang='grc' dir='ltr'><strong><em>δὲ</em></strong></span> <span class='ocrx_word' id='word_1_108' title='bbox 2004 1722 2194 1807; x_wconf 86' lang='grc' dir='ltr'><strong><em>μέχρι</em></strong></span> <span class='ocrx_word' id='word_1_109' title='bbox 2248 1722 2364 1806; x_wconf 81' lang='grc' dir='ltr'><strong><em>τῆς</em></strong></span> <span class='ocrx_word' id='word_1_110' title='bbox 2416 1720 2572 1788; x_wconf 84' lang='grc' dir='ltr'><strong><em>σκθ’</em></strong></span> <span class='ocrx_word' id='word_1_111' title='bbox 2625 1718 2821 1806; x_wconf 87' lang='grc' dir='ltr'><strong><em>ὀλυμ-</em></strong></span> 
     </span>
    </p>

    <p class='ocr_par' dir='ltr' id='par_1_7' title="bbox 455 1824 2821 2338">
     <span class='ocr_line' id='line_1_16' title="bbox 455 1824 2820 1915; baseline -0.002 -18"><span class='ocrx_word' id='word_1_112' title='bbox 455 1860 507 1899; x_wconf 81' lang='lat'><strong><em>15</em></strong></span> <span class='ocrx_word' id='word_1_113' title='bbox 538 1825 780 1905; x_wconf 83' lang='grc' dir='ltr'><strong><em>πιάδος</em></strong></span> <span class='ocrx_word' id='word_1_114' title='bbox 823 1824 902 1895; x_wconf 79' lang='grc' dir='ltr'><strong><em>τὰ</em></strong></span> <span class='ocrx_word' id='word_1_115' title='bbox 949 1828 1334 1914; x_wconf 83' lang='grc' dir='ltr'><strong><em>πραχθέντα</em></strong></span> <span class='ocrx_word' id='word_1_116' title='bbox 1379 1829 1773 1915; x_wconf 82' lang='grc' dir='ltr'><strong><em>πανταχοῦ),</em></strong></span> <span class='ocrx_word' id='word_1_117' title='bbox 1821 1824 1900 1893; x_wconf 81' lang='grc' dir='ltr'><strong><em>τὰ</em></strong></span> <span class='ocrx_word' id='word_1_118' title='bbox 1948 1826 2023 1893; x_wconf 75' lang='grc' dir='ltr'><strong><em>δὲ</em></strong></span> <span class='ocrx_word' id='word_1_119' title='bbox 2068 1824 2237 1895; x_wconf 79' lang='grc' dir='ltr'><strong><em>αὐτὰ</em></strong></span> <span class='ocrx_word' id='word_1_120' title='bbox 2284 1829 2358 1895; x_wconf 80' lang='grc' dir='ltr'><strong><em>ἐν</em></strong></span> <span class='ocrx_word' id='word_1_121' title='bbox 2402 1833 2689 1913; x_wconf 87' lang='grc' dir='ltr'><strong><em>βιβλίοις</em></strong></span> <span class='ocrx_word' id='word_1_122' title='bbox 2735 1825 2820 1911; x_wconf 82' lang='grc' dir='ltr'><strong><em>η’,</em></strong></span> 
     </span>
     <span class='ocr_line' id='line_1_17' title="bbox 535 1932 2818 2021; baseline 0 -23"><span class='ocrx_word' id='word_1_123' title='bbox 535 1936 859 2021; x_wconf 84' lang='grc' dir='ltr'><strong><em>ἕκφρασιν</em></strong></span> <span class='ocrx_word' id='word_1_124' title='bbox 898 1938 1228 2017; x_wconf 83' lang='grc' dir='ltr'><strong><em>Σικελίας,</em></strong></span> <span class='ocrx_word' id='word_1_125' title='bbox 1275 1932 1424 2019; x_wconf 86' lang='grc' dir='ltr'><strong><em>περὶ</em></strong></span> <span class='ocrx_word' id='word_1_126' title='bbox 1463 1937 1850 2019; x_wconf 80' lang='grc' dir='ltr'><strong><em>μακροβίων</em></strong></span> <span class='ocrx_word' id='word_1_127' title='bbox 1886 1932 1999 1999; x_wconf 86' lang='grc' dir='ltr'><strong><em>καὶ</em></strong></span> <span class='ocrx_word' id='word_1_128' title='bbox 2037 1937 2463 2019; x_wconf 88' lang='grc' dir='ltr'><strong><em>θαυμασίων,</em></strong></span> <span class='ocrx_word' id='word_1_129' title='bbox 2492 1933 2655 2017; x_wconf 85' lang='grc' dir='ltr'><strong><em>περὶ</em></strong></span> <span class='ocrx_word' id='word_1_130' title='bbox 2690 1936 2818 2000; x_wconf 75' lang='grc' dir='ltr'><strong><em>τῶν</em></strong></span> 
     </span>
     <span class='ocr_line' id='line_1_18' title="bbox 533 2036 2819 2128; baseline 0 -23"><span class='ocrx_word' id='word_1_131' title='bbox 533 2036 713 2127; x_wconf 80' lang='grc' dir='ltr'><strong><em>παρὰ</em></strong></span> <span class='ocrx_word' id='word_1_132' title='bbox 751 2036 1099 2125; x_wconf 88' lang='grc' dir='ltr'><strong><em>Ῥωμαίοις</em></strong></span> <span class='ocrx_word' id='word_1_133' title='bbox 1147 2040 1396 2123; x_wconf 79' lang='grc' dir='ltr'><strong><em>ἑορτῶν</em></strong></span> <span class='ocrx_word' id='word_1_134' title='bbox 1443 2044 1672 2124; x_wconf 90' lang='grc' dir='ltr'><strong><em>βιβλία</em></strong></span> <span class='ocrx_word' id='word_1_135' title='bbox 1717 2038 1807 2124; x_wconf 85' lang='grc' dir='ltr'><strong><em>γ’,</em></strong></span> <span class='ocrx_word' id='word_1_136' title='bbox 1864 2040 2013 2127; x_wconf 80' lang='grc' dir='ltr'><strong><em>περὶ</em></strong></span> <span class='ocrx_word' id='word_1_137' title='bbox 2060 2044 2196 2108; x_wconf 77' lang='grc' dir='ltr'><strong><em>τῶν</em></strong></span> <span class='ocrx_word' id='word_1_138' title='bbox 2234 2042 2307 2108; x_wconf 83' lang='grc' dir='ltr'><strong><em>ἐν</em></strong></span> <span class='ocrx_word' id='word_1_139' title='bbox 2344 2038 2561 2128; x_wconf 66' lang='grc' dir='ltr'><strong><em>Ῥώμῃ</em></strong></span> <span class='ocrx_word' id='word_1_140' title='bbox 2600 2039 2819 2108; x_wconf 86' lang='grc' dir='ltr'><strong><em>τόπων</em></strong></span> 
     </span>
     <span class='ocr_line' id='line_1_19' title="bbox 533 2136 2821 2233; baseline -0 -20"><span class='ocrx_word' id='word_1_141' title='bbox 533 2146 643 2213; x_wconf 84' lang='grc' dir='ltr'><strong><em>καὶ</em></strong></span> <span class='ocrx_word' id='word_1_142' title='bbox 701 2136 798 2212; x_wconf 75' lang='grc' dir='ltr'><strong><em>ὧν</em></strong></span> <span class='ocrx_word' id='word_1_143' title='bbox 856 2147 1310 2231; x_wconf 82' lang='grc' dir='ltr'><strong><em>ἐπικέκληνται</em></strong></span> <span class='ocrx_word' id='word_1_144' title='bbox 1367 2142 1755 2233; x_wconf 86' lang='grc' dir='ltr'><strong><em>ὀνομάτων,</em></strong></span> <span class='ocrx_word' id='word_1_145' title='bbox 1816 2144 2134 2233; x_wconf 81' lang='grc' dir='ltr'><strong><em>ἐπιτομὴν</em></strong></span> <span class='ocrx_word' id='word_1_146' title='bbox 2182 2143 2707 2233; x_wconf 73' lang='grc' dir='ltr'><strong><em>Ὀλυμπιονικῶν</em></strong></span> <span class='ocrx_word' id='word_1_147' title='bbox 2756 2148 2821 2213; x_wconf 84' lang='grc' dir='ltr'><strong><em>ἐν</em></strong></span> 
     </span>
     <span class='ocr_line' id='line_1_20' title="bbox 534 2250 1325 2338; baseline -0.003 -19"><span class='ocrx_word' id='word_1_148' title='bbox 534 2256 821 2338; x_wconf 85' lang='grc' dir='ltr'><strong><em>βιβλίοις</em></strong></span> <span class='ocrx_word' id='word_1_149' title='bbox 865 2251 932 2337; x_wconf 82' lang='grc' dir='ltr'><strong><em>β’</em></strong></span> <span class='ocrx_word' id='word_1_150' title='bbox 981 2252 1093 2318; x_wconf 81' lang='grc' dir='ltr'><strong><em>καὶ</em></strong></span> <span class='ocrx_word' id='word_1_151' title='bbox 1139 2250 1325 2319; x_wconf 75' lang='grc' dir='ltr'><strong><em>ἄλλα.</em></strong></span> 
     </span>
    </p>

    <p class='ocr_par' dir='ltr' id='par_1_8' title="bbox 459 2366 2820 2671">
     <span class='ocr_line' id='line_1_21' title="bbox 459 2366 2815 2456; baseline 0.002 -25"><span class='ocrx_word' id='word_1_152' title='bbox 459 2392 510 2433; x_wconf 84' lang='lat'><strong><em>20</em></strong></span> <span class='ocrx_word' id='word_1_153' title='bbox 717 2367 1074 2436; x_wconf 82' lang='lat' dir='ltr'><strong>DOOOLV.</strong></span> <span class='ocrx_word' id='word_1_154' title='bbox 1137 2371 1607 2453; x_wconf 85' lang='grc' dir='ltr'><strong><em>Φοινικίδης</em></strong></span> <span class='ocrx_word' id='word_1_155' title='bbox 1652 2366 1959 2453; x_wconf 86' lang='grc' dir='ltr'><strong><em>κωμικός.</em></strong></span> <span class='ocrx_word' id='word_1_156' title='bbox 2030 2371 2167 2435; x_wconf 78' lang='grc' dir='ltr'><strong><em>τῶν</em></strong></span> <span class='ocrx_word' id='word_1_157' title='bbox 2214 2368 2568 2456; x_wconf 89' lang='grc' dir='ltr'><strong><em>δραμάτων</em></strong></span> <span class='ocrx_word' id='word_1_158' title='bbox 2611 2368 2815 2437; x_wconf 82' lang='grc' dir='ltr'><strong><em>αὐτοῦ</em></strong></span> 
     </span>
     <span class='ocr_line' id='line_1_22' title="bbox 539 2470 2820 2567; baseline -0 -25"><span class='ocrx_word' id='word_1_159' title='bbox 539 2476 675 2542; x_wconf 82' lang='grc' dir='ltr'><strong><em>ἐστι</em></strong></span> <span class='ocrx_word' id='word_1_160' title='bbox 715 2473 1105 2561; x_wconf 80' lang='grc' dir='ltr'><strong><em>Φύλαρχος,</em></strong></span> <span class='ocrx_word' id='word_1_161' title='bbox 1162 2476 1594 2560; x_wconf 87' lang='grc' dir='ltr'><strong><em>Μισουμένη,</em></strong></span> <span class='ocrx_word' id='word_1_162' title='bbox 1650 2471 1741 2553; x_wconf 74' lang='grc' dir='ltr'><strong><em>ὡς</em></strong></span> <span class='ocrx_word' id='word_1_163' title='bbox 1780 2470 2139 2560; x_wconf 83' lang='grc' dir='ltr'><strong><em>Ἀθήναιός</em></strong></span> <span class='ocrx_word' id='word_1_164' title='bbox 2194 2493 2401 2561; x_wconf 84' lang='grc' dir='ltr'><strong><em>φησιν</em></strong></span> <span class='ocrx_word' id='word_1_165' title='bbox 2458 2477 2531 2543; x_wconf 82' lang='grc' dir='ltr'><strong><em>έν</em></strong></span> <span class='ocrx_word' id='word_1_166' title='bbox 2587 2481 2682 2567; x_wconf 78' lang='grc' dir='ltr'><strong><em>τῷ</em></strong></span> <span class='ocrx_word' id='word_1_167' title='bbox 2727 2482 2820 2562; x_wconf 87' lang='grc' dir='ltr'><strong><em>βι-</em></strong></span> 
     </span>
     <span class='ocr_line' id='line_1_23' title="bbox 536 2582 1558 2671; baseline -0.001 -23"><span class='ocrx_word' id='word_1_168' title='bbox 536 2586 705 2671; x_wconf 76' lang='grc' dir='ltr'><strong><em>βλίῳ</em></strong></span> <span class='ocrx_word' id='word_1_169' title='bbox 751 2584 887 2647; x_wconf 76' lang='grc' dir='ltr'><strong><em>τῶν</em></strong></span> <span class='ocrx_word' id='word_1_170' title='bbox 935 2582 1558 2666; x_wconf 78' lang='grc' dir='ltr'><strong><em>Δειπνοσοφιστῶν.</em></strong></span> 
     </span>
    </p>
   </div>
   <div class='ocr_carea' id='block_1_3' title="bbox 541 2748 759 2753">
    <p class='ocr_par' dir='ltr' id='par_1_9' title="bbox 541 2748 759 2753">
     <span class='ocr_line' id='line_1_24' title="bbox 541 2748 759 2753; baseline 0 0"><span class='ocrx_word' id='word_1_171' title='bbox 541 2748 759 2753; x_wconf 95' lang='lat' dir='ltr'><strong><em> </em></strong></span> 
     </span>
    </p>
   </div>
   <div class='ocr_carea' id='block_1_4' title="bbox 537 2838 2816 4365">
    <p class='ocr_par' dir='ltr' id='par_1_10' title="bbox 537 2838 2815 3079">
     <span class='ocr_line' id='line_1_25' title="bbox 686 2838 2815 2918; baseline 0 -17"><span class='ocrx_word' id='word_1_172' title='bbox 686 2854 711 2901; x_wconf 93' lang='grc'>1</span> <span class='ocrx_word' id='word_1_173' title='bbox 753 2840 841 2900; x_wconf 72' lang='grc' dir='ltr'><strong><em>ὅτι</em></strong></span> <span class='ocrx_word' id='word_1_174' title='bbox 872 2876 937 2886; x_wconf 90' lang='lat'>-</span> <span class='ocrx_word' id='word_1_175' title='bbox 971 2845 1085 2917; x_wconf 78' lang='grc' dir='ltr'><strong><em>ἔχει</em></strong></span> <span class='ocrx_word' id='word_1_176' title='bbox 1114 2848 1279 2917; x_wconf 78' lang='lat' dir='ltr'><strong>Soph.</strong></span> <span class='ocrx_word' id='word_1_177' title='bbox 1389 2853 1420 2900; x_wconf 84' lang='lat'><strong>3</strong></span> <span class='ocrx_word' id='word_1_178' title='bbox 1451 2842 1741 2918; x_wconf 82' lang='grc' dir='ltr'><strong><em>ἡμετέρων</em></strong></span> <span class='ocrx_word' id='word_1_179' title='bbox 1768 2864 1869 2916; x_wconf 88' lang='lat' dir='ltr'><strong><em>pro</em></strong></span> <span class='ocrx_word' id='word_1_180' title='bbox 1898 2866 2068 2918; x_wconf 79' lang='grc' dir='ltr'><strong><em>χριστ.</em></strong></span> <span class='ocrx_word' id='word_1_181' title='bbox 2098 2847 2283 2917; x_wconf 66' lang='lat' dir='ltr'><em>Soph„</em></span> <span class='ocrx_word' id='word_1_182' title='bbox 2315 2848 2411 2915; x_wconf 86' lang='lat' dir='ltr'><strong><em>qui</em></strong></span> <span class='ocrx_word' id='word_1_183' title='bbox 2440 2848 2569 2903; x_wconf 81' lang='lat' dir='ltr'><strong>add.</strong></span> <span class='ocrx_word' id='word_1_184' title='bbox 2601 2849 2731 2918; x_wconf 84' lang='grc' dir='ltr'><strong><em>περὶ</em></strong></span> <span class='ocrx_word' id='word_1_185' title='bbox 2756 2838 2815 2902; x_wconf 80' lang='grc' dir='ltr'><strong><em>οὗ</em></strong></span> 
     </span>
     <span class='ocr_line' id='line_1_26' title="bbox 541 2923 2815 3000; baseline -0.001 -17"><span class='ocrx_word' id='word_1_186' title='bbox 541 2928 863 3000; x_wconf 82' lang='grc' dir='ltr'><strong><em>ἔμπροσθεν</em></strong></span> <span class='ocrx_word' id='word_1_187' title='bbox 895 2930 1126 2999; x_wconf 79' lang='grc' dir='ltr'><strong><em>εἴπομεν</em></strong></span> <span class='ocrx_word' id='word_1_188' title='bbox 1167 2930 1224 2983; x_wconf 73' lang='lat' dir='ltr'><strong><em>et</em></strong></span> <span class='ocrx_word' id='word_1_189' title='bbox 1259 2923 1424 2981; x_wconf 84' lang='grc' dir='ltr'><strong><em>τοῦτό</em></strong></span> <span class='ocrx_word' id='word_1_190' title='bbox 1466 2924 1583 2981; x_wconf 76' lang='grc' dir='ltr'><strong><em>ἐστι</em></strong></span> <span class='ocrx_word' id='word_1_191' title='bbox 1620 2927 1749 2997; x_wconf 83' lang='grc' dir='ltr'><strong><em>περὶ</em></strong></span> <span class='ocrx_word' id='word_1_192' title='bbox 1782 2923 2107 2983; x_wconf 75' lang='grc' dir='ltr'><strong><em>ἀποστόλων</em></strong></span> <span class='ocrx_word' id='word_1_193' title='bbox 2135 2924 2301 2997; x_wconf 78' lang='grc' dir='ltr'><strong><em>λόγος</em></strong></span> <span class='ocrx_word' id='word_1_194' title='bbox 2328 2926 2415 2989; x_wconf 79' lang='grc' dir='ltr'><strong><em>εἷς</em></strong></span> <span class='ocrx_word' id='word_1_195' title='bbox 2518 2935 2549 2982; x_wconf 89' lang='grc'><strong>3</strong></span> <span class='ocrx_word' id='word_1_196' title='bbox 2588 2930 2815 2984; x_wconf 64' lang='lat' dir='ltr'>alterum</span> 
     </span>
     <span class='ocr_line' id='line_1_27' title="bbox 537 3006 2815 3079; baseline -0.001 -16"><span class='ocrx_word' id='word_1_197' title='bbox 537 3009 666 3079; x_wconf 83' lang='grc' dir='ltr'><strong><em>περὶ</em></strong></span> <span class='ocrx_word' id='word_1_198' title='bbox 697 3026 802 3063; x_wconf 91' lang='lat' dir='ltr'><strong><em>om.</em></strong></span> <span class='ocrx_word' id='word_1_199' title='bbox 825 3008 990 3077; x_wconf 66' lang='grc' dir='ltr'><strong><em>δορὴ.</em></strong></span> <span class='ocrx_word' id='word_1_200' title='bbox 1085 3016 1116 3063; x_wconf 90' lang='grc'>6</span> <span class='ocrx_word' id='word_1_201' title='bbox 1146 3009 1230 3061; x_wconf 87' lang='lat' dir='ltr'><strong><em>De</em></strong></span> <span class='ocrx_word' id='word_1_202' title='bbox 1261 3006 1464 3062; x_wconf 81' lang='lat' dir='ltr'>Suidae</span> <span class='ocrx_word' id='word_1_203' title='bbox 1497 3006 1895 3063; x_wconf 64' lang='lat' dir='ltr'>additamenssis</span> <span class='ocrx_word' id='word_1_204' title='bbox 1924 3007 2041 3062; x_wconf 83' lang='lat' dir='ltr'>dixi</span> <span class='ocrx_word' id='word_1_205' title='bbox 2060 3008 2199 3061; x_wconf 79' lang='lat' dir='ltr'><strong>Mus,</strong></span> <span class='ocrx_word' id='word_1_206' title='bbox 2223 3008 2399 3064; x_wconf 77' lang='lat' dir='ltr'><strong>Rhea.</strong></span> <span class='ocrx_word' id='word_1_207' title='bbox 2421 3007 2629 3063; x_wconf 90' lang='lat' dir='ltr'>XXXV</span> <span class='ocrx_word' id='word_1_208' title='bbox 2648 3028 2705 3079; x_wconf 88' lang='lat' dir='ltr'><strong><em>p.</em></strong></span> <span class='ocrx_word' id='word_1_209' title='bbox 2727 3014 2815 3062; x_wconf 81' lang='grc'><strong><em>192</em></strong></span> 
     </span>
    </p>

    <p class='ocr_par' dir='ltr' id='par_1_11' title="bbox 681 3086 2593 3158">
     <span class='ocr_line' id='line_1_28' title="bbox 681 3086 2593 3158; baseline 0.002 -17"><span class='ocrx_word' id='word_1_210' title='bbox 681 3087 967 3142; x_wconf 84' lang='lat' dir='ltr'>DCCCLII</span> <span class='ocrx_word' id='word_1_211' title='bbox 1007 3105 1112 3143; x_wconf 89' lang='lat' dir='ltr'><strong><em>om.</em></strong></span> <span class='ocrx_word' id='word_1_212' title='bbox 1146 3088 1419 3142; x_wconf 81' lang='lat' dir='ltr'><strong><em>Westerm.</em></strong></span> <span class='ocrx_word' id='word_1_213' title='bbox 1491 3086 1574 3141; x_wconf 82' lang='lat' dir='ltr'><strong><em>De</em></strong></span> <span class='ocrx_word' id='word_1_214' title='bbox 1615 3087 1825 3157; x_wconf 83' lang='lat' dir='ltr'>origine</span> <span class='ocrx_word' id='word_1_215' title='bbox 1860 3088 2219 3158; x_wconf 79' lang='lat' dir='ltr'>Hesychiana</span> <span class='ocrx_word' id='word_1_216' title='bbox 2252 3088 2335 3142; x_wconf 83' lang='lat' dir='ltr'><strong><em>nil</em></strong></span> <span class='ocrx_word' id='word_1_217' title='bbox 2370 3091 2593 3144; x_wconf 72' lang='lat' dir='ltr'><strong>constaf,</strong></span> 
     </span>
    </p>

    <p class='ocr_par' dir='ltr' id='par_1_12' title="bbox 541 3158 2815 3399">
     <span class='ocr_line' id='line_1_29' title="bbox 684 3158 2815 3237; baseline -0.001 -14"><span class='ocrx_word' id='word_1_218' title='bbox 684 3168 996 3223; x_wconf 88' lang='lat' dir='ltr'>DCCCLIII</span> <span class='ocrx_word' id='word_1_219' title='bbox 1033 3168 1181 3223; x_wconf 79' lang='lat' dir='ltr'><strong><em>Eud.</em></strong></span> <span class='ocrx_word' id='word_1_220' title='bbox 1221 3186 1275 3237; x_wconf 88' lang='lat' dir='ltr'><strong><em>p.</em></strong></span> <span class='ocrx_word' id='word_1_221' title='bbox 1309 3173 1425 3222; x_wconf 82' lang='lat'><strong>725.</strong></span> <span class='ocrx_word' id='word_1_222' title='bbox 1485 3168 1718 3223; x_wconf 62' lang='lat' dir='ltr'><strong>Tracssat</strong></span> <span class='ocrx_word' id='word_1_223' title='bbox 1750 3166 2008 3223; x_wconf 81' lang='lat' dir='ltr'>Meineke</span> <span class='ocrx_word' id='word_1_224' title='bbox 2048 3170 2072 3222; x_wconf 93' lang='grc' dir='ltr'>Ι</span> <span class='ocrx_word' id='word_1_225' title='bbox 2107 3186 2162 3237; x_wconf 89' lang='lat' dir='ltr'><strong><em>p.</em></strong></span> <span class='ocrx_word' id='word_1_226' title='bbox 2196 3173 2296 3221; x_wconf 85' lang='lat'><strong><em>102</em></strong></span> <span class='ocrx_word' id='word_1_227' title='bbox 2327 3186 2438 3235; x_wconf 83' lang='lat' dir='ltr'><strong>seq.</strong></span> <span class='ocrx_word' id='word_1_228' title='bbox 2552 3175 2617 3222; x_wconf 89' lang='lat'><strong><em>10</em></strong></span> <span class='ocrx_word' id='word_1_229' title='bbox 2656 3163 2722 3231; x_wconf 82' lang='grc' dir='ltr'><strong><em>ὃς</em></strong></span> <span class='ocrx_word' id='word_1_230' title='bbox 2754 3158 2815 3236; x_wconf 77' lang='grc' dir='ltr'><strong><em>ἦν</em></strong></span> 
     </span>
     <span class='ocr_line' id='line_1_30' title="bbox 541 3243 2810 3318; baseline -0 -16"><span class='ocrx_word' id='word_1_231' title='bbox 541 3250 692 3304; x_wconf 80' lang='lat' dir='ltr'><strong><em>Eud.</em></strong></span> <span class='ocrx_word' id='word_1_232' title='bbox 804 3245 867 3301; x_wconf 76' lang='grc' dir='ltr'><strong><em>δὲ</em></strong></span> <span class='ocrx_word' id='word_1_233' title='bbox 907 3248 1031 3301; x_wconf 84' lang='lat' dir='ltr'><strong>add.</strong></span> <span class='ocrx_word' id='word_1_234' title='bbox 1063 3253 1109 3300; x_wconf 99' lang='lat' dir='ltr'>A</span> <span class='ocrx_word' id='word_1_235' title='bbox 1217 3243 1470 3317; x_wconf 74' lang='grc' dir='ltr'><strong><em>γναφεύς</em></strong></span> <span class='ocrx_word' id='word_1_236' title='bbox 1497 3253 1544 3300; x_wconf 98' lang='lat' dir='ltr'>A</span> <span class='ocrx_word' id='word_1_237' title='bbox 1570 3250 1716 3317; x_wconf 69' lang='lat' dir='ltr'><strong>moly.</strong></span> <span class='ocrx_word' id='word_1_238' title='bbox 1744 3248 1935 3303; x_wconf 56' lang='lat' dir='ltr'><strong><em>Eud*</em></strong></span> <span class='ocrx_word' id='word_1_239' title='bbox 1974 3248 2065 3318; x_wconf 85' lang='lat' dir='ltr'><strong><em>(de</em></strong></span> <span class='ocrx_word' id='word_1_240' title='bbox 2104 3264 2213 3316; x_wconf 86' lang='lat' dir='ltr'><strong><em>quo</em></strong></span> <span class='ocrx_word' id='word_1_241' title='bbox 2241 3248 2498 3316; x_wconf 84' lang='lat' dir='ltr'><strong>equidem</strong></span> <span class='ocrx_word' id='word_1_242' title='bbox 2536 3249 2700 3303; x_wconf 83' lang='lat' dir='ltr'>valde</span> <span class='ocrx_word' id='word_1_243' title='bbox 2727 3249 2810 3302; x_wconf 90' lang='lat' dir='ltr'><strong><em>du·</em></strong></span> 
     </span>
     <span class='ocr_line' id='line_1_31' title="bbox 542 3324 1849 3399; baseline -0.002 -15"><span class='ocrx_word' id='word_1_244' title='bbox 542 3330 681 3397; x_wconf 76' lang='lat' dir='ltr'>bito)</span> <span class='ocrx_word' id='word_1_245' title='bbox 719 3324 972 3399; x_wconf 76' lang='grc' dir='ltr'><strong><em>γραφεύς</em></strong></span> <span class='ocrx_word' id='word_1_246' title='bbox 998 3333 1041 3380; x_wconf 83' lang='lat' dir='ltr'>V</span> <span class='ocrx_word' id='word_1_247' title='bbox 1071 3328 1222 3383; x_wconf 77' lang='lat' dir='ltr'><strong><em>Eud.</em></strong></span> <span class='ocrx_word' id='word_1_248' title='bbox 1263 3346 1391 3382; x_wconf 84' lang='lat' dir='ltr'><strong><em>mox</em></strong></span> <span class='ocrx_word' id='word_1_249' title='bbox 1427 3324 1767 3398; x_wconf 76' lang='grc' dir='ltr'><strong><em>γραμμάτων</em></strong></span> <span class='ocrx_word' id='word_1_250' title='bbox 1803 3333 1849 3380; x_wconf 81' lang='lat' dir='ltr'><strong>V</strong></span> 
     </span>
    </p>

    <p class='ocr_par' dir='ltr' id='par_1_13' title="bbox 543 3406 2816 4123">
     <span class='ocr_line' id='line_1_32' title="bbox 684 3406 2777 3479; baseline -0 -16"><span class='ocrx_word' id='word_1_251' title='bbox 684 3406 992 3463; x_wconf 82' lang='lat' dir='ltr'>DCCCLIV</span> <span class='ocrx_word' id='word_1_252' title='bbox 1030 3409 1180 3463; x_wconf 77' lang='lat' dir='ltr'><strong><em>Eud.</em></strong></span> <span class='ocrx_word' id='word_1_253' title='bbox 1219 3428 1274 3479; x_wconf 89' lang='lat' dir='ltr'><strong><em>p.</em></strong></span> <span class='ocrx_word' id='word_1_254' title='bbox 1307 3414 1424 3464; x_wconf 84' lang='lat'><strong>714.</strong></span> <span class='ocrx_word' id='word_1_255' title='bbox 1500 3408 1581 3464; x_wconf 86' lang='lat' dir='ltr'><strong><em>Cf.</em></strong></span> <span class='ocrx_word' id='word_1_256' title='bbox 1620 3409 1824 3463; x_wconf 78' lang='lat' dir='ltr'>Mfiller</span> <span class='ocrx_word' id='word_1_257' title='bbox 1858 3408 1937 3462; x_wconf 82' lang='grc' dir='ltr'><strong><em>ΙΙΙ</em></strong></span> <span class='ocrx_word' id='word_1_258' title='bbox 1974 3427 2030 3477; x_wconf 87' lang='lat' dir='ltr'><strong><em>p.</em></strong></span> <span class='ocrx_word' id='word_1_259' title='bbox 2060 3414 2179 3478; x_wconf 78' lang='lat'><strong>602,</strong></span> <span class='ocrx_word' id='word_1_260' title='bbox 2218 3408 2398 3479; x_wconf 62' lang='lat' dir='ltr'><strong>Dzmb,</strong></span> <span class='ocrx_word' id='word_1_261' title='bbox 2436 3409 2593 3463; x_wconf 75' lang='lat' dir='ltr'><strong>stud.</strong></span> <span class='ocrx_word' id='word_1_262' title='bbox 2630 3427 2686 3479; x_wconf 86' lang='lat' dir='ltr'><strong><em>p.</em></strong></span> <span class='ocrx_word' id='word_1_263' title='bbox 2716 3414 2777 3463; x_wconf 81' lang='lat'><strong><em>26</em></strong></span> 
     </span>
     <span class='ocr_line' id='line_1_33' title="bbox 547 3483 2815 3559; baseline -0.002 -15"><span class='ocrx_word' id='word_1_264' title='bbox 547 3496 611 3545; x_wconf 82' lang='lat'><strong><em>12</em></strong></span> <span class='ocrx_word' id='word_1_265' title='bbox 659 3483 816 3543; x_wconf 79' lang='grc' dir='ltr'><strong><em>ἄπελ.</em></strong></span> <span class='ocrx_word' id='word_1_266' title='bbox 865 3504 978 3559; x_wconf 82' lang='lat' dir='ltr'><strong>seq.</strong></span> <span class='ocrx_word' id='word_1_267' title='bbox 1025 3488 1234 3559; x_wconf 82' lang='lat' dir='ltr'>insigni</span> <span class='ocrx_word' id='word_1_268' title='bbox 1279 3488 1482 3543; x_wconf 80' lang='lat' dir='ltr'>Suidae</span> <span class='ocrx_word' id='word_1_269' title='bbox 1540 3506 1721 3543; x_wconf 85' lang='lat' dir='ltr'><strong>errore</strong></span> <span class='ocrx_word' id='word_1_270' title='bbox 1776 3493 1961 3544; x_wconf 74' lang='lat' dir='ltr'><strong>ortum</strong></span> <span class='ocrx_word' id='word_1_271' title='bbox 2007 3506 2124 3545; x_wconf 78' lang='lat' dir='ltr'>esse</span> <span class='ocrx_word' id='word_1_272' title='bbox 2172 3489 2315 3545; x_wconf 74' lang='lat' dir='ltr'>vidit</span> <span class='ocrx_word' id='word_1_273' title='bbox 2356 3490 2577 3545; x_wconf 77' lang='lat' dir='ltr'><strong><em>Vossius</em></strong></span> <span class='ocrx_word' id='word_1_274' title='bbox 2727 3487 2815 3542; x_wconf 78' lang='grc' dir='ltr'><strong><em>τοῦ</em></strong></span> 
     </span>
     <span class='ocr_line' id='line_1_34' title="bbox 547 3565 2810 3641; baseline -0.002 -15"><span class='ocrx_word' id='word_1_275' title='bbox 547 3565 982 3626; x_wconf 77' lang='grc' dir='ltr'><strong><em>Οὐεσπασιανοῦ</em></strong></span> <span class='ocrx_word' id='word_1_276' title='bbox 1019 3574 1085 3625; x_wconf 87' lang='grc' dir='ltr'><strong><em>Κ.</em></strong></span> <span class='ocrx_word' id='word_1_277' title='bbox 1126 3570 1266 3625; x_wconf 84' lang='lat' dir='ltr'>coni.</span> <span class='ocrx_word' id='word_1_278' title='bbox 1305 3570 1474 3624; x_wconf 77' lang='lat' dir='ltr'><strong><em>Daub</em></strong></span> <span class='ocrx_word' id='word_1_279' title='bbox 1590 3575 1651 3623; x_wconf 88' lang='lat'><strong><em>13</em></strong></span> <span class='ocrx_word' id='word_1_280' title='bbox 1692 3565 1751 3623; x_wconf 80' lang='grc' dir='ltr'><strong><em>οἱ</em></strong></span> <span class='ocrx_word' id='word_1_281' title='bbox 1785 3567 1847 3623; x_wconf 71' lang='grc' dir='ltr'><strong><em>δὲ</em></strong></span> <span class='ocrx_word' id='word_1_282' title='bbox 1884 3566 2016 3641; x_wconf 80' lang='grc' dir='ltr'><strong><em>Ἀδρ.</em></strong></span> <span class='ocrx_word' id='word_1_283' title='bbox 2055 3588 2187 3639; x_wconf 83' lang='grc' dir='ltr'><strong><em>φασ.</em></strong></span> <span class='ocrx_word' id='word_1_284' title='bbox 2228 3587 2335 3625; x_wconf 90' lang='lat' dir='ltr'><strong><em>om.</em></strong></span> <span class='ocrx_word' id='word_1_285' title='bbox 2375 3570 2524 3625; x_wconf 79' lang='lat' dir='ltr'><strong><em>Eud.</em></strong></span> <span class='ocrx_word' id='word_1_286' title='bbox 2583 3570 2664 3625; x_wconf 85' lang='lat' dir='ltr'><strong><em>Cf.</em></strong></span> <span class='ocrx_word' id='word_1_287' title='bbox 2704 3568 2810 3625; x_wconf 81' lang='lat' dir='ltr'><strong>cod.</strong></span> 
     </span>
     <span class='ocr_line' id='line_1_35' title="bbox 543 3646 2814 3720; baseline -0.001 -17"><span class='ocrx_word' id='word_1_288' title='bbox 543 3650 658 3704; x_wconf 85' lang='lat' dir='ltr'><strong>Pal.</strong></span> <span class='ocrx_word' id='word_1_289' title='bbox 700 3651 849 3719; x_wconf 82' lang='lat' dir='ltr'><strong>apud</strong></span> <span class='ocrx_word' id='word_1_290' title='bbox 881 3650 1086 3705; x_wconf 80' lang='lat' dir='ltr'><strong>Keller.</strong></span> <span class='ocrx_word' id='word_1_291' title='bbox 1114 3649 1241 3707; x_wconf 87' lang='lat' dir='ltr'><strong>Rer.</strong></span> <span class='ocrx_word' id='word_1_292' title='bbox 1268 3652 1383 3704; x_wconf 75' lang='lat' dir='ltr'><strong>nat.</strong></span> <span class='ocrx_word' id='word_1_293' title='bbox 1415 3650 1603 3718; x_wconf 73' lang='lat' dir='ltr'><strong><em>script.</em></strong></span> <span class='ocrx_word' id='word_1_294' title='bbox 1633 3668 1685 3719; x_wconf 90' lang='lat' dir='ltr'><strong><em>p.</em></strong></span> <span class='ocrx_word' id='word_1_295' title='bbox 1718 3657 1811 3705; x_wconf 86' lang='lat'><strong><em>94:</em></strong></span> <span class='ocrx_word' id='word_1_296' title='bbox 1853 3650 2161 3720; x_wconf 77' lang='grc' dir='ltr'><strong><em>Φλέγοντος</em></strong></span> <span class='ocrx_word' id='word_1_297' title='bbox 2197 3647 2591 3719; x_wconf 72' lang='grc' dir='ltr'><strong><em>ἀπελευθέρου</em></strong></span> <span class='ocrx_word' id='word_1_298' title='bbox 2625 3646 2814 3719; x_wconf 82' lang='grc' dir='ltr'><strong><em>Ἀδρια-</em></strong></span> 
     </span>
     <span class='ocr_line' id='line_1_36' title="bbox 545 3724 2813 3799; baseline -0.002 -14"><span class='ocrx_word' id='word_1_299' title='bbox 545 3733 650 3787; x_wconf 88' lang='grc' dir='ltr'><strong><em>νοῦ</em></strong></span> <span class='ocrx_word' id='word_1_300' title='bbox 676 3733 961 3799; x_wconf 87' lang='grc' dir='ltr'><strong><em>Καίσαρος</em></strong></span> <span class='ocrx_word' id='word_1_301' title='bbox 997 3730 1126 3799; x_wconf 86' lang='grc' dir='ltr'><strong><em>περὶ</em></strong></span> <span class='ocrx_word' id='word_1_302' title='bbox 1162 3731 1273 3784; x_wconf 82' lang='grc' dir='ltr'><strong><em>τῶν</em></strong></span> <span class='ocrx_word' id='word_1_303' title='bbox 1310 3724 1599 3799; x_wconf 79' lang='grc' dir='ltr'><strong><em>ὀλυμπίων</em></strong></span> <span class='ocrx_word' id='word_1_304' title='bbox 1711 3736 1775 3783; x_wconf 87' lang='grc'><strong><em>16</em></strong></span> <span class='ocrx_word' id='word_1_305' title='bbox 1816 3728 2087 3799; x_wconf 79' lang='grc' dir='ltr'><strong><em>ἕκφρασις</em></strong></span> <span class='ocrx_word' id='word_1_306' title='bbox 2113 3737 2159 3784; x_wconf 81' lang='lat' dir='ltr'><strong>V</strong></span> <span class='ocrx_word' id='word_1_307' title='bbox 2266 3730 2397 3799; x_wconf 80' lang='grc' dir='ltr'><strong><em>περὶ</em></strong></span> <span class='ocrx_word' id='word_1_308' title='bbox 2432 3733 2611 3798; x_wconf 79' lang='grc' dir='ltr'><strong><em>θαυμ.</em></strong></span> <span class='ocrx_word' id='word_1_309' title='bbox 2641 3728 2813 3792; x_wconf 80' lang='lat' dir='ltr'><strong><em>Daub,</em></strong></span> 
     </span>
     <span class='ocr_line' id='line_1_37' title="bbox 545 3809 2815 3879; baseline -0.002 -14"><span class='ocrx_word' id='word_1_310' title='bbox 545 3812 645 3867; x_wconf 80' lang='lat' dir='ltr'><strong><em>sed</em></strong></span> <span class='ocrx_word' id='word_1_311' title='bbox 674 3810 740 3864; x_wconf 83' lang='lat' dir='ltr'><strong><em>cf.</em></strong></span> <span class='ocrx_word' id='word_1_312' title='bbox 769 3809 960 3864; x_wconf 80' lang='lat' dir='ltr'>Keller</span> <span class='ocrx_word' id='word_1_313' title='bbox 987 3827 1041 3879; x_wconf 89' lang='lat' dir='ltr'><strong><em>p.</em></strong></span> <span class='ocrx_word' id='word_1_314' title='bbox 1073 3814 1139 3864; x_wconf 81' lang='lat'><strong><em>57</em></strong></span> <span class='ocrx_word' id='word_1_315' title='bbox 1253 3816 1319 3864; x_wconf 90' lang='lat'><strong><em>18</em></strong></span> <span class='ocrx_word' id='word_1_316' title='bbox 1348 3810 1491 3863; x_wconf 82' lang='lat' dir='ltr'>hanc</span> <span class='ocrx_word' id='word_1_317' title='bbox 1521 3809 1804 3879; x_wconf 77' lang='lat' dir='ltr'>epitomen</span> <span class='ocrx_word' id='word_1_318' title='bbox 1831 3828 1944 3866; x_wconf 88' lang='lat' dir='ltr'><strong><em>non</em></strong></span> <span class='ocrx_word' id='word_1_319' title='bbox 1971 3812 2247 3867; x_wconf 80' lang='lat' dir='ltr'>diversam</span> <span class='ocrx_word' id='word_1_320' title='bbox 2274 3828 2394 3867; x_wconf 80' lang='lat' dir='ltr'><strong>esse</strong></span> <span class='ocrx_word' id='word_1_321' title='bbox 2428 3828 2463 3865; x_wconf 81' lang='lat' dir='ltr'><strong>a</strong></span> <span class='ocrx_word' id='word_1_322' title='bbox 2491 3810 2636 3866; x_wconf 88' lang='lat' dir='ltr'>libro</span> <span class='ocrx_word' id='word_1_323' title='bbox 2667 3824 2815 3879; x_wconf 83' lang='lat' dir='ltr'>supra.</span> 
     </span>
     <span class='ocr_line' id='line_1_38' title="bbox 545 3882 2812 3961; baseline 0 -18"><span class='ocrx_word' id='word_1_324' title='bbox 545 3892 854 3945; x_wconf 71' lang='lat' dir='ltr'>memoraizo</span> <span class='ocrx_word' id='word_1_325' title='bbox 894 3886 960 3942; x_wconf 81' lang='grc' dir='ltr'><strong><em>τὰ</em></strong></span> <span class='ocrx_word' id='word_1_326' title='bbox 1003 3884 1058 3942; x_wconf 82' lang='grc' dir='ltr'><strong><em>δ’</em></strong></span> <span class='ocrx_word' id='word_1_327' title='bbox 1101 3886 1247 3944; x_wconf 78' lang='grc' dir='ltr'><strong><em>αὐτὰ</em></strong></span> <span class='ocrx_word' id='word_1_328' title='bbox 1289 3886 1351 3944; x_wconf 81' lang='grc' dir='ltr'><strong><em>ἐν</em></strong></span> <span class='ocrx_word' id='word_1_329' title='bbox 1391 3891 1622 3961; x_wconf 86' lang='grc' dir='ltr'><strong><em>βιβλίοις</em></strong></span> <span class='ocrx_word' id='word_1_330' title='bbox 1658 3888 1717 3959; x_wconf 83' lang='grc' dir='ltr'><strong><em>η’</em></strong></span> <span class='ocrx_word' id='word_1_331' title='bbox 1758 3890 1901 3945; x_wconf 74' lang='lat' dir='ltr'>vidit</span> <span class='ocrx_word' id='word_1_332' title='bbox 1940 3892 2166 3958; x_wconf 56' lang='lat' dir='ltr'><em>Mallem</em></span> <span class='ocrx_word' id='word_1_333' title='bbox 2204 3892 2395 3960; x_wconf 67' lang='lat' dir='ltr'>itaque</span> <span class='ocrx_word' id='word_1_334' title='bbox 2432 3892 2532 3945; x_wconf 74' lang='lat' dir='ltr'><strong><em>aut</em></strong></span> <span class='ocrx_word' id='word_1_335' title='bbox 2568 3907 2733 3959; x_wconf 83' lang='lat' dir='ltr'><strong>supra.</strong></span> <span class='ocrx_word' id='word_1_336' title='bbox 2767 3882 2812 3960; x_wconf 86' lang='grc' dir='ltr'><strong><em>β’</em></strong></span> 
     </span>
     <span class='ocr_line' id='line_1_39' title="bbox 545 3966 2816 4043; baseline -0.002 -16"><span class='ocrx_word' id='word_1_337' title='bbox 545 3990 646 4043; x_wconf 89' lang='lat' dir='ltr'><strong><em>pro</em></strong></span> <span class='ocrx_word' id='word_1_338' title='bbox 685 3968 743 4039; x_wconf 87' lang='grc' dir='ltr'><strong><em>η’</em></strong></span> <span class='ocrx_word' id='word_1_339' title='bbox 785 3970 1202 4041; x_wconf 79' lang='lat' dir='ltr'>corrigendum,</span> <span class='ocrx_word' id='word_1_340' title='bbox 1248 3972 1347 4024; x_wconf 74' lang='lat' dir='ltr'><strong><em>aut</em></strong></span> <span class='ocrx_word' id='word_1_341' title='bbox 1373 3970 1465 4025; x_wconf 83' lang='lat' dir='ltr'><strong><em>hic</em></strong></span> <span class='ocrx_word' id='word_1_342' title='bbox 1503 3967 1561 4038; x_wconf 86' lang='grc' dir='ltr'><strong><em>η’</em></strong></span> <span class='ocrx_word' id='word_1_343' title='bbox 1602 3989 1701 4041; x_wconf 84' lang='lat' dir='ltr'><strong><em>pro</em></strong></span> <span class='ocrx_word' id='word_1_344' title='bbox 1740 3966 1817 4042; x_wconf 84' lang='grc' dir='ltr'><strong><em>β’,</em></strong></span> <span class='ocrx_word' id='word_1_345' title='bbox 1856 3972 1925 4026; x_wconf 85' lang='lat' dir='ltr'><strong><em>de</em></strong></span> <span class='ocrx_word' id='word_1_346' title='bbox 1964 3988 2075 4041; x_wconf 90' lang='lat' dir='ltr'><strong><em>quo</em></strong></span> <span class='ocrx_word' id='word_1_347' title='bbox 2114 3973 2181 4028; x_wconf 86' lang='lat' dir='ltr'><strong><em>cf.</em></strong></span> <span class='ocrx_word' id='word_1_348' title='bbox 2222 3971 2444 4039; x_wconf 84' lang='lat' dir='ltr'>Rohde‚</span> <span class='ocrx_word' id='word_1_349' title='bbox 2482 3970 2575 4026; x_wconf 85' lang='lat' dir='ltr'><strong><em>Gr.</em></strong></span> <span class='ocrx_word' id='word_1_350' title='bbox 2615 3970 2816 4024; x_wconf 84' lang='lat' dir='ltr'><strong>Roman</strong></span> 
     </span>
     <span class='ocr_line' id='line_1_40' title="bbox 545 4050 2816 4123; baseline -0.003 -13"><span class='ocrx_word' id='word_1_351' title='bbox 545 4072 598 4123; x_wconf 89' lang='lat' dir='ltr'><strong><em>p.</em></strong></span> <span class='ocrx_word' id='word_1_352' title='bbox 621 4058 724 4106; x_wconf 83' lang='lat'><strong><em>402</em></strong></span> <span class='ocrx_word' id='word_1_353' title='bbox 746 4054 879 4120; x_wconf 65' lang='lat' dir='ltr'><strong><em>not„</em></strong></span> <span class='ocrx_word' id='word_1_354' title='bbox 907 4052 1093 4121; x_wconf 79' lang='lat' dir='ltr'>priore</span> <span class='ocrx_word' id='word_1_355' title='bbox 1122 4052 1246 4105; x_wconf 83' lang='lat' dir='ltr'>loco</span> <span class='ocrx_word' id='word_1_356' title='bbox 1275 4052 1514 4107; x_wconf 72' lang='lat' dir='ltr'>alteram</span> <span class='ocrx_word' id='word_1_357' title='bbox 1547 4054 1726 4123; x_wconf 80' lang='lat' dir='ltr'>operis</span> <span class='ocrx_word' id='word_1_358' title='bbox 1748 4053 2079 4109; x_wconf 81' lang='lat' dir='ltr'>divisionem</span> <span class='ocrx_word' id='word_1_359' title='bbox 2096 4056 2282 4109; x_wconf 76' lang='lat' dir='ltr'>notari</span> <span class='ocrx_word' id='word_1_360' title='bbox 2300 4056 2493 4109; x_wconf 70' lang='lat' dir='ltr'><strong>censet</strong></span> <span class='ocrx_word' id='word_1_361' title='bbox 2512 4050 2816 4108; x_wconf 77' lang='lat' dir='ltr'><strong><em>Gutschmid</em></strong></span> 
     </span>
    </p>

    <p class='ocr_par' dir='ltr' id='par_1_14' title="bbox 547 4132 2816 4365">
     <span class='ocr_line' id='line_1_41' title="bbox 687 4132 2816 4204; baseline 0.003 -19"><span class='ocrx_word' id='word_1_362' title='bbox 687 4132 972 4187; x_wconf 86' lang='lat' dir='ltr'>DCCCLV</span> <span class='ocrx_word' id='word_1_363' title='bbox 1009 4132 1162 4187; x_wconf 75' lang='lat' dir='ltr'><strong><em>Eud.</em></strong></span> <span class='ocrx_word' id='word_1_364' title='bbox 1199 4150 1254 4201; x_wconf 85' lang='lat' dir='ltr'><strong><em>p.</em></strong></span> <span class='ocrx_word' id='word_1_365' title='bbox 1295 4138 1413 4187; x_wconf 79' lang='lat'><strong>726.</strong></span> <span class='ocrx_word' id='word_1_366' title='bbox 1491 4135 1721 4188; x_wconf 64' lang='lat' dir='ltr'>Tracssat</span> <span class='ocrx_word' id='word_1_367' title='bbox 1754 4134 2010 4189; x_wconf 85' lang='lat' dir='ltr'>Meineke</span> <span class='ocrx_word' id='word_1_368' title='bbox 2047 4136 2074 4187; x_wconf 90' lang='grc' dir='ltr'>Ι</span> <span class='ocrx_word' id='word_1_369' title='bbox 2109 4153 2165 4204; x_wconf 90' lang='lat' dir='ltr'><strong><em>p.</em></strong></span> <span class='ocrx_word' id='word_1_370' title='bbox 2192 4138 2296 4189; x_wconf 82' lang='lat'><strong><em>481</em></strong></span> <span class='ocrx_word' id='word_1_371' title='bbox 2452 4138 2519 4187; x_wconf 83' lang='lat'><strong><em>21</em></strong></span> <span class='ocrx_word' id='word_1_372' title='bbox 2560 4135 2816 4203; x_wconf 79' lang='grc' dir='ltr'><strong><em>Φίλαρχος</em></strong></span> 
     </span>
     <span class='ocr_line' id='line_1_42' title="bbox 547 4209 2813 4285; baseline 0 -19"><span class='ocrx_word' id='word_1_373' title='bbox 547 4213 700 4267; x_wconf 77' lang='lat' dir='ltr'><strong><em>Eud.</em></strong></span> <span class='ocrx_word' id='word_1_374' title='bbox 809 4210 1145 4282; x_wconf 76' lang='grc' dir='ltr'><strong><em>Μισουμένῃ</em></strong></span> <span class='ocrx_word' id='word_1_375' title='bbox 1182 4217 1228 4264; x_wconf 88' lang='lat' dir='ltr'>A</span> <span class='ocrx_word' id='word_1_376' title='bbox 1275 4213 1674 4284; x_wconf 83' lang='grc' dir='ltr'><strong><em>Μισουμένους</em></strong></span> <span class='ocrx_word' id='word_1_377' title='bbox 1710 4221 1804 4268; x_wconf 81' lang='lat' dir='ltr'><strong><em>BE</em></strong></span> <span class='ocrx_word' id='word_1_378' title='bbox 1851 4212 2189 4285; x_wconf 78' lang='grc' dir='ltr'><strong><em>μισούμενος</em></strong></span> <span class='ocrx_word' id='word_1_379' title='bbox 2236 4211 2311 4277; x_wconf 80' lang='grc' dir='ltr'><strong><em>ὡς</em></strong></span> <span class='ocrx_word' id='word_1_380' title='bbox 2347 4209 2644 4282; x_wconf 75' lang='grc' dir='ltr'><strong><em>Ἀθηναῖος</em></strong></span> <span class='ocrx_word' id='word_1_381' title='bbox 2678 4212 2813 4267; x_wconf 76' lang='lat' dir='ltr'><strong><em>Eud.</em></strong></span> 
     </span>
     <span class='ocr_line' id='line_1_43' title="bbox 550 4287 2447 4365; baseline 0.002 -23"><span class='ocrx_word' id='word_1_382' title='bbox 550 4309 661 4358; x_wconf 85' lang='grc' dir='ltr'><strong><em>μισ.</em></strong></span> <span class='ocrx_word' id='word_1_383' title='bbox 701 4287 772 4352; x_wconf 81' lang='grc' dir='ltr'><strong><em>ὥς</em></strong></span> <span class='ocrx_word' id='word_1_384' title='bbox 805 4288 1098 4358; x_wconf 81' lang='grc' dir='ltr'><strong><em>Ἀθήναιος</em></strong></span> <span class='ocrx_word' id='word_1_385' title='bbox 1135 4290 1327 4345; x_wconf 59' lang='lat' dir='ltr'><strong><em>Eud*</em></strong></span> <span class='ocrx_word' id='word_1_386' title='bbox 1393 4294 1473 4350; x_wconf 82' lang='lat' dir='ltr'><strong><em>Cf.</em></strong></span> <span class='ocrx_word' id='word_1_387' title='bbox 1511 4297 1713 4351; x_wconf 65' lang='lat' dir='ltr'><strong><em>Abhen.</em></strong></span> <span class='ocrx_word' id='word_1_388' title='bbox 1752 4296 1803 4351; x_wconf 88' lang='lat' dir='ltr'>X</span> <span class='ocrx_word' id='word_1_389' title='bbox 1839 4315 1894 4365; x_wconf 84' lang='lat' dir='ltr'><strong><em>p.</em></strong></span> <span class='ocrx_word' id='word_1_390' title='bbox 1924 4302 2054 4364; x_wconf 81' lang='lat'>415,</span> <span class='ocrx_word' id='word_1_391' title='bbox 2093 4294 2221 4348; x_wconf 89' lang='lat' dir='ltr'><strong><em>XIV</em></strong></span> <span class='ocrx_word' id='word_1_392' title='bbox 2257 4312 2313 4363; x_wconf 84' lang='lat' dir='ltr'><strong><em>p.</em></strong></span> <span class='ocrx_word' id='word_1_393' title='bbox 2346 4298 2447 4347; x_wconf 78' lang='lat'><strong><em>652</em></strong></span> 
     </span>
    </p>
   </div>
   <div class='ocr_carea' id='block_1_5' title="bbox 2961 2850 2975 4820">
    <p class='ocr_par' dir='ltr' id='par_1_15' title="bbox 2961 2850 2975 4820">
     <span class='ocr_line' id='line_1_44' title="bbox 2961 2850 2975 4820; baseline 0 0"><span class='ocrx_word' id='word_1_394' title='bbox 2961 2850 2975 4820; x_wconf 95' lang='lat' dir='ltr'><strong><em> </em></strong></span> 
     </span>
    </p>
   </div>
  </div>
 </body>
</html>
