3025 4892
1083 208 1511 267 HESYcHrUS.
2294 216 2305 225 ’
2355 210 2439 277 79

309 371 732 441 'CCXCVIIL
819 369 1166 461 Εὔφρων
1223 372 1529 460 κωμικός.
1618 375 1755 441 τῶν
1815 369 2175 459 δραμάτων
2230 370 2441 443 αὐτοῦ

162 482 332 548 ἐστιν
381 488 677 567 Αίσχρα,
744 482 1054 565 Μοῦσαι,
1117 482 1545 567 Συνέφηβοι,
1600 486 1889 568 Θεωροί,
1945 478 2035 561 ὥς
2082 477 2441 569 Ἀθήναιος

160 586 390 674 γράφει
435 589 512 655 ἐν
555 599 700 666 τοῖς
746 592 1372 675 Δειπνοσοφιστατς.

327 694 662 763 0οΧ01Χ.
729 690 884 779 ”Em
905 717 1064 761 ιππ
1088 719 1180 773 ος
1238 691 1628 783 Ἀθηναῖος,
1699 690 1991 780 κωμικὸς
2059 696 2175 783 τῆς
2236 696 2441 783 μέσης

157 804 513 893 κωμῳδίας.
2459 822 2488 865 ⁶

324 908 502 976 CCC.
554 905 896 998 ’Έφορος
940 914 1266 994 Κυματος,
1313 904 1463 989 υίὸς
1501 912 1930 995 Δημοφίλου,
1977 910 2049 977 οἰ
2083 906 2159 977 δὲ
2191 905 2439 980 Ἀντιό-

157 1041 293 1101 χου,
341 1012 764 1103 Ἰσοκράτους
818 1012 1148 1101 ἀκουστὴς
1199 1017 1324 1083 τοῦ
1379 1013 1692 1103 ῥήτορος,
1748 1016 2107 1100 ίστορικόςν
2160 1021 2307 1103 ἔσχε
2364 1016 2438 1085 δὲ

157 1122 302 1191 υίὸν
347 1120 756 1210 Δημόφιλον
800 1118 922 1190 τὸν
969 1119 1328 1208 ἱστορικόν.
1401 1113 1491 1209 ἦν
1538 1106 1639 1189 δὲ’
1659 1122 1765 1191 ἐπὶ
1808 1125 1927 1209 τῆς
1972 1121 2085 1209 qy'.
2118 1118 2439 1210 ὀλυμπιά-

159 1232 286 1315 δος,
325 1226 415 1309 ὦς
445 1228 560 1297 καὶ
598 1228 725 1316 πρὸ
763 1232 880 1315 τῆς
913 1234 1252 1296 Φιλίππου
1289 1232 1631 1315 βασιλείας
1668 1226 1843 1297 εἶναι
1870 1232 1993 1297 τοῦ
2022 1228 2439 1309 Μακεδόνος.

157 1339 392 1421 ἔγραψε
449 1333 620 1421 <τὰ>
675 1328 807 1403 ἀπὸ
871 1338 988 1424 τῆς
1037 1331 1240 1402 Ἰλίου
1297 1333 1694 1421 πορθήσεως
1752 1336 1864 1403 καὶ
1917 1340 2054 1406 τῶν
2118 1340 2437 1421 Τρωικῶν
2468 1359 2519 1401 ιο

155 1443 332 1529 μέχρι
379 1446 516 1511 τῶν
557 1438 769 1510 αὑτοῦ
813 1440 1080 1529 χρόνων
1129 1446 1364 1528 βιβλία
1401 1439 1484 1527 λ,
1538 1442 1690 1529 περὶ
1736 1439 2016 1541 ἀγαθῶν
2056 1445 2168 1511 καὶ
2214 1470 2439 1513 κακων

155 1554 372 1635 βιβλία
409 1548 546 1633 κδ’,
589 1548 992 1636 παραδόξων
1034 1574 1172 1617 των
1219 1548 1586 1637 ἑκασταχοῦ
1622 1552 1861 1636 βιβλία
1899 1548 2006 1637 ιε’,
2044 1546 2439 1638 εὑρημάτων

160 1681 248 1721 ων
295 1657 572 1737 ἕκαστος
617 1646 769 1742 εὗρε
813 1660 1041 1742 βιβλία
1085 1654 1180 1742 β’,
1225 1654 1338 1723 καὶ
1385 1652 1553 1743 <τὰ>
1597 1654 1815 1725 λοιπα.

319 1763 533 1832 0001.
579 1760 921 1849 ’Ἑφορος
957 1768 1264 1850 Κυμαῖος
1299 1760 1655 1849 ἱστορικός,
1704 1760 1741 1830 ὅ
1780 1748 2120 1853 νεώτερος.
2192 1770 2437 1851 ἔγραψε

149 1867 262 1948 τὰς
293 1874 360 1936 Γ
349 1873 610 1956 αληνοῦ
647 1872 943 1956 ἱστορίας
980 1870 1053 1937 ἐν
1089 1873 1348 1956 βιβλίος
1383 1867 1507 1955 κζ’,
1544 1867 1559 1959 Ι
1599 1871 2058 1958 Κορινθιακά,
2104 1872 2253 1959 περὶ
2291 1876 2426 1940 τῶν
2460 1892 2511 1934 15

147 1972 519 2045 Ἀλευαδων
563 1975 678 2045 καὶ
723 1973 912 2045 αλλα.
955 1974 970 2066 Ι

319 2082 570 2153 00οΠ.
653 2082 1053 2170 Ζηνόβιος
1107 2082 1463 2171 σοφιστής,
1526 2085 1887 2166 παιδεύσας
1935 2086 2007 2154 ἐν
2056 2082 2271 2175 Ῥω’μῃ
2334 2085 2439 2153 ἐπὶ

149 2176 500 2269 Ἀδριανοῦ
537 2188 898 2268 Καίσαρος.
951 2186 1242 2269 ἔγραψεν
1281 2177 1600 2269 ἐπιτομὴν
1635 2208 1773 2251 των
1806 2176 2189 2271 παροιμιων
2227 2182 2438 2251 Διδύ-

284 2358 604 2415 CCXCVIII
641 2360 793 2415 Eud.
824 2378 878 2429 p.
900 2364 1020 2414 292.
1060 2359 1143 2414 De
1175 2358 1291 2415 vita
1319 2359 1389 2416 cf.
1409 2358 1665 2415 Meineke
1686 2359 1712 2412 I
1738 2379 1793 2430 p.
1815 2366 1938 2430 477,
1971 2359 2153 2430 Daub,
2183 2361 2253 2416 de
2282 2361 2437 2418 Suid.

151 2457 198 2509 Ρ.
227 2445 331 2495 484
453 2447 480 2495 1
521 2436 756 2510 Εὔφρος
781 2445 878 2492 ΔΒ
906 2442 1040 2495 vett.
1072 2438 1198 2496 edd.
1228 2441 1473 2510 (praeter
1499 2444 1641 2509 Ala.)
1676 2435 2007 2509 ΕὔφοροςἿ
2106 2460 2245 2511 κωμ.
2280 2436 2440 2511 Ἀθη-

150 2527 302 2585 ναῖος
325 2521 484 2578 Eud.
522 2521 672 2577 infra
707 2517 860 2576 ἔστιν
897 2537 1005 2576 om.
1035 2521 1186 2577 Eud.
1297 2527 1330 2575 2
1368 2523 1578 2591 Αἶσχρα
1606 2536 1743 2577 corr.
1776 2521 2027 2577 Meineke
2062 2518 2269 2591 Αἰσχροὶ
2306 2521 2439 2578 libri

156 2599 374 2671 Θεωρός
428 2602 580 2659 Eud.
639 2592 770 2671 (aed'
810 2601 870 2657 in
924 2617 1050 2657 meo
1106 2605 1381 2673 apparatu
1433 2619 1551 2658 non
1602 2601 1838 2672 inveni),
1894 2602 2045 2671 quod
2100 2602 2440 2675 improbavit

157 2682 402 2738 Meineloe
437 2677 513 2746 ὥς
551 2714 617 2723 -
656 2681 785 2737 exit.
825 2700 932 2737 om.
971 2682 1123 2738 Eud.
1182 2682 1443 2737 Ceterum
1479 2681 1549 2737 cf.
1588 2680 1792 2737 Athen.
1830 2681 1963 2736 VIII
1996 2700 2053 2753 Ρ.
2084 2689 2188 2738 307
2228 2686 2285 2739 et
2313 2690 2435 2752 343,

153 2762 224 2817 lx
256 2780 310 2834 p.
353 2770 457 2820 37⁷
499 2765 558 2819 et
593 2768 698 2818 399

283 2843 552 2899 CCXCIX
590 2841 674 2897 De
700 2841 964 2914 Ephippo
1001 2840 1166 2897 docte
1205 2840 1519 2912 disputavit
1545 2842 1804 2900 Meineke
1840 2845 1867 2898 I
1893 2862 1949 2913 Ρ.
1980 2850 2083 2900 351
2114 2862 2228 2915 seq.
2277 2846 2437 2901 Cete-

153 2940 268 2979 rum
306 2924 380 2981 cf.
419 2924 492 2979 ad
528 2942 580 2980 v.
620 2918 918 2995 Εὕσχημος

282 3004 416 3061 000
454 3005 607 3059 Eud.
644 3022 699 3074 Ρ.
741 3007 861 3058 286.
928 3002 1008 3058 Cf.
1049 3002 1240 3074 Steph.
1280 3003 1410 3075 Byz.
1449 3024 1500 3061 v.
1531 3000 1715 3075 Κύμη.
1780 3002 2049 3059 Tractant
2076 3006 2249 3076 Marx,
2290 3006 2431 3077 Eph.

149 3080 208 3137 fr.
243 3103 298 3154 p.
329 3092 366 3139 3
395 3102 507 3154 seq.
547 3085 751 3139 Mt‘iller
776 3084 805 3137 I
830 3101 885 3154 p.
914 3081 1062 3137 LVII
1091 3099 1203 3153 aeq.
1329 3090 1362 3139 6
1391 3078 1636 3153 Ἔφορος
1672 3100 1813 3137 corr.
1852 3082 2125 3140 Kasterm
2152 3081 2436 3155 Ἔφιππος

148 3163 280 3219 miro
318 3182 504 3221 errore
542 3164 674 3234 (nisi
705 3164 853 3219 forte
890 3164 1001 3218 duo
1038 3164 1295 3218 auctores
1335 3162 1551 3219 confusi
1589 3165 1769 3233 sunt),
1806 3162 1940 3217 libri
1978 3162 2138 3219 Suid.
2178 3166 2238 3218 et
2263 3166 2435 3236 Eud„

147 3260 344 3299 nomen
375 3262 442 3301 ex
471 3246 662 3317 glossa
689 3243 1041 3300 antecedenti
1077 3242 1342 3299 iteratum
1375 3242 1600 3339 putavit
1629 3242 1786 3299 Vos&
1816 3242 1945 3297 hist.
1979 3242 2069 3299 Gr.
2092 3264 2144 3315 p.
2176 3242 2245 3301 68
2258 3248 2433 3307 West.

149 3328 178 3376 9
206 3321 276 3388 ὥς
304 3322 414 3395 γὰρ
442 3330 505 3393 V,
542 3324 640 3395 qui
674 3340 806 3377 mox
833 3341 942 3379 om.
973 3319 1121 3379 εἶναι
1233 3331 1300 3380 10
1327 3320 1396 3379 τὰ
1425 3318 1543 3377 ακό
1572 3343 1616 3378 τ.
1651 3317 1736 3379 Ἷλ.
1767 3323 1911 3377 coni.
1939 3324 2141 3393 Daub,
2179 3326 2277 3394 qui
2306 3345 2435 3382 mox

47 3414 52 3421 ·
150 3404 282 3459 coni.
311 3398 352 3474 ἢ
388 3404 502 3458 τῶν
544 3408 639 3474 Τρ.
669 3405 729 3458 et
763 3403 912 3458 infra
937 3398 1006 3459 τὰ
1037 3400 1205 3459 λοιπά
1317 3409 1382 3458 11
1422 3400 1601 3459 αὐτοῦ
1629 3407 1674 3455 Δ
1782 3404 1913 3474 περὶ
1940 3424 2029 3472 ay.
2061 3436 2128 3445 —
2159 3408 2345 3478 βιβλία
2365 3403 2433 3463 ιε’

147 3485 202 3537 in
244 3484 654 3539 dubitationem
699 3486 928 3541 vocavit
974 3486 1154 3540 Marx
1206 3505 1262 3559 p.
1310 3491 1379 3540 32
1434 3484 1527 3555 (cf.
1576 3483 1777 3538 Mtiller
1873 3484 2079 3554 ,Lx-1,
2133 3488 2429 3544 Westerm.

149 3554 338 3611 Parad.
368 3574 424 3627 p.
453 3554 530 3623 X,
560 3555 738 3625 XXX,
773 3556 924 3625 LII),
960 3571 1127 3625 quem
1163 3557 1459 3627 impugnat
1485 3557 1684 3624 Daub,
1722 3554 1818 3623 qui
1870 3572 2033 3610 ocum
2062 3560 2434 3613 ext-remorum

150 3635 377 3690 duorum
405 3634 677 3691 librorum
704 3634 914 3690 mutari
939 3638 1079 3705 vult,
1109 3637 1180 3692 de
1211 3638 1486 3709 excerptis
1516 3635 1649 3691 talis
1678 3635 1899 3705 generis
1928 3652 1995 3689 ex
2022 3636 2232 3705 Ephori
2259 3638 2435 3693 histo-

148 3714 238 3767 riis
267 3715 486 3786 cogitat
517 3717 723 3784 Marx,
761 3716 910 3785 quod
945 3716 1150 3787 probat
1176 3718 1498 3773 Gutschmid
1654 3722 1719 3769 12
1758 3710 2091 3785 εὑρημάτων
2130 3734 2242 3771 una
2277 3718 2429 3775 Eud.

150 3791 470 3867 εὖρεμᾶτων
507 3799 775 3849 ΔΒΕἿΠ
813 3801 930 3852 Ald.
1058 3804 1122 3852 13
1160 3796 1260 3853 καὶ
1295 3794 1435 3853 ἄλλα
1473 3798 1617 3867 vulq.
1693 3794 1860 3851 λοιπά
1899 3800 2102 3849 Anvn
2141 3814 2251 3855 om.
2279 3797 2430 3853 Eud.

285 3875 444 3932 CCCI
479 3877 630 3932 Eud.
660 3895 714 3949 p.
745 3883 867 3933 286.
908 3876 988 3932 Cf.
1017 3876 1222 3933 Mflller
1249 3879 1329 3931 III
1351 3896 1404 3949 p.
1434 3883 1555 3935 664.
1603 3877 1795 3932 Vitam
1833 3878 2283 3933 commenticiam
2311 3894 2432 3933 esse

148 3958 344 4025 putant
369 3957 529 4012 Marx
553 3974 607 4027 p.
633 3964 690 4025 ⁷3
727 3956 1001 4027 Meineke‚
1029 3958 1134 4014 An.
1153 3978 1208 4030 Ρ.
1229 3965 1324 4027 27;
1361 3957 1544 4026 Daub,
1572 3959 1642 4012 de
1671 3957 1824 4014 Suid.
1853 3974 1910 4028 Ρ.
1931 3964 2034 4014 472
2132 3964 2196 4013 15
2228 3961 2433 4028 Γαλιη-

149 4039 246 4091 τοῦ
275 4043 329 4090 11
365 4055 504 4095 corr.
533 4040 834 4106 Kasterus,
872 4037 1026 4107 quod
1061 4038 1250 4094 nescio
1288 4056 1362 4093 an
1397 4037 1645 4094 deterius
1682 4039 1773 4105 sit,
1818 4034 2077 4107 Γαλήνου
2107 4038 2280 4105 Eud„
2320 4041 2431 4091 Γα-

151 4119 312 4185 ληνοῦ
359 4118 490 4173 libri
526 4118 712 4186 Suid„
761 4117 1010 4187 praefert
1045 4116 1390 4213 θμιεοήηιίᾱ,
1438 4118 1537 4189 qui
1580 4119 1650 4173 de
1698 4118 1889 4174 fabula
1934 4118 2146 4174 erotica
2190 4118 2530 4189 cogita.1·,;r

150 4295 258 4333 non
273 4279 396 4340 div.
432 4297 467 4335 a
492 4280 621 4348 περὶ
644 4276 926 4350 Ἰσθμίων)
1040 4286 1105 4335 16
1134 4279 1231 4334 καὶ
1259 4276 1398 4378 ἄλλα
1428 4283 1630 4333 ABVE
1649 4279 1801 4335 Eud.
1838 4278 1936 4334 καὶ
1962 4275 2102 4333 ἄλλα
2131 4298 2259 4334 τινα
2284 4280 2429 4351 ναῖς.

288 4358 468 4417 CCCII
504 4360 658 4418 Eud.
693 4378 749 4433 Ρ.
789 4366 892 4415 321
1005 4367 1033 4416 1
1073 4361 1262 4433 βιβλία
1297 4358 1355 4430 γ’
1392 4363 1440 4414 V
1516 4356 1813 4429 ἑλληνικῶς
1848 4361 1993 4431 vulo.
2026 4356 2432 4431 ἙλληνικωνἺ
