3025 4892
1029 197 1599 254 PROLEGOMENA.
2216 153 2227 162 ·
2338 202 2465 256 XLI

165 359 532 444 neglexisse
585 362 728 428 luce
785 363 1022 429 clarius
1081 364 1202 447 sit3
1253 385 1318 428 v.
1359 364 1827 447 Σιμωνίδης
1882 366 2177 446 Λεωπρ.
2234 365 2376 430 add.
2422 359 2465 450 ἡ

165 460 272 529 ἐπ’
306 459 690 554 Ἀρτεμισίῳ
720 472 1088 553 ναυμαχία,
1127 470 1297 554 quod
1335 491 1561 535 verum
1592 490 1730 534 esse
1760 469 1979 535 docuit
2005 469 2243 556 Bergk,
2280 470 2465 537 Poet.

165 571 322 656 Lyr.
363 595 426 656 p.
469 573 732 662 1145¹);
781 597 838 640 v.
881 578 1148 640 Φίλων
1185 578 1368 659 Βυβ.
1417 576 1559 642 add.
1606 571 2065 661 ἐπιγράμματα
2112 579 2341 661 βιβλία
2379 574 2467 663 δ’,

169 700 337 764 quae
395 681 761 766 suspicione
822 704 1052 748 vacare
1109 683 1272 748 vidit
1314 681 1575 767 Mfiller,
1629 682 1704 747 fr.
1750 681 1900 748 hist.
1945 681 2045 749 III
2099 705 2158 767 p.
2196 684 2353 769 5603
2409 707 2467 757 v,

173 788 524 870 Φιλητᾶς
579 789 718 853 sola
770 788 914 854 add.
967 784 1046 855 τὰ
1100 786 1479 874 καλούμενα
1528 784 1864 872 Ναξιακᾶ,
1922 811 2085 874 quae
2150 789 2231 854 ad
2286 789 2466 856 Phil-

165 897 342 958 team
395 893 778 960 historicum
839 897 1132 979 spectare
1194 900 1347 980 post
1403 895 1799 960 Meinekium
1863 893 2024 960 vidit
2082 894 2320 962 Mflller
2369 896 2466 962 IV

165 1025 228 1085 p.
267 1003 428 1086 478,
482 1001 648 1066 unde
696 1003 894 1067 etiam
941 1001 1235 1068 Philteae
1291 1002 1492 1069 vitam
1540 1023 1710 1067 nunc
1766 1000 2167 1086 deperditam
2221 1002 2291 1066 in
2336 1001 2466 1068 He-

168 1107 382 1192 sychii
429 1107 906 1194 Onomatologo
956 1109 1348 1195 descriptam
1405 1109 1607 1176 fuisse
1656 1107 1884 1174 merito
1944 1108 2169 1196 colligi
2220 1113 2467 1195 potest3

166 1239 224 1280 v.
277 1211 840 1300 Χριστόδωρος
884 1216 1026 1282 add.
1074 1213 1534 1302 ἐπιγραμματα
1578 1212 1667 1299 γ’,
1713 1211 2061 1292 ἐπιστολὰς
2105 1218 2332 1299 βιβλία
2373 1213 2465 1301 δ’,

168 1323 244 1388 de
296 1323 530 1408 quibus
575 1346 710 1390 non
755 1345 916 1388 sana
963 1327 1145 1388 extat
1192 1323 1551 1409 disputatio
1598 1322 1854 1388 Pulchii
1899 1345 1963 1406 p.
1999 1323 2105 1407 90,
2150 1345 2295 1388 cum
2342 1345 2465 1390 nec

169 1431 245 1494 de
296 1430 795 1516 epigrammatis
843 1428 1035 1516 (quae
1084 1431 1166 1495 ad
1213 1435 1463 1496 statuas
1511 1426 1838 1518 spectant)
1886 1451 2004 1495 nec
2052 1429 2127 1494 de
2171 1430 2464 1515 epistolis

164 1536 509 1601 dubitandi
553 1537 732 1602 locus
780 1537 884 1604 sit.
976 1536 1333 1603 Minutiora
1379 1538 1653 1622 denique
1700 1535 2145 1602 additamenta
2190 1535 2463 1602 adnecto

162 1643 392 1709 haece:
451 1643 509 1709 ir.
558 1638 1010 1729 ’Λρχιγένης
1064 1644 1219 1710 add.
1249 1645 1372 1710 τοῦ
1433 1645 1696 1728 ἰατροῦ,
1756 1667 1815 1709 v.
1857 1637 2466 1728 Ἀνδροκλείδης

165 1751 309 1817 add.
349 1749 426 1816 ἐν
458 1745 949 1838 Ἀλεξανδρείᾳ,
997 1753 1171 1836 quod
1211 1752 1288 1817 de
1336 1774 1452 1818 suo
1495 1773 1639 1816 eam
1687 1750 2005 1816 addidisse
2050 1771 2181 1816 non
2227 1751 2465 1835 probat

163 1857 372 1923 Pulch
418 1882 481 1942 p.
511 1858 614 1942 82,
660 1880 718 1922 v.
755 1855 1155 1935 Συνέσιος
1201 1859 1342 1924 add.
1387 1855 1556 1942 πρὸς
1596 1854 1967 1942 Ἀρκάδων.

344 1963 522 2040 Quae
562 1963 780 2028 omnia
817 1963 873 2029 si
908 1985 986 2030 ex
1023 1986 1140 2030 suo
1179 1964 1425 2030 addidit
1461 1964 1773 2048 Eudocia‚
1822 1985 1977 2030 sane
2016 1963 2457 2030 doctissimam

165 2071 504 2137 mulierem
559 2071 758 2136 fuisse
812 2074 1023 2154 patet,
1088 2093 1283 2156 quam
1329 2092 1499 2136 nunc
1557 2069 1845 2136 ‘olidam’
1901 2070 2121 2136 dicunt
2176 2069 2462 2158 critici.²)

167 2176 290 2243 Sed
341 2179 561 2243 nescio
610 2200 694 2243 an
741 2177 1186 2242 testimonium
1226 2178 1811 2243 luculentissimum
1852 2180 2028 2242 extet
2074 2199 2130 2243 v.
2163 2173 2464 2261 ’Λρρια-

169 2282 337 2363 νός,
386 2285 500 2349 ubi
537 2285 606 2348 in
643 2285 738 2350 ed.
777 2283 848 2349 M
895 2288 962 2349 et
997 2283 1144 2349 Ald.
1182 2287 1334 2370 post
1379 2283 1690 2372 ῥαψῳδία
1736 2284 1970 2349 lacuna
2016 2307 2055 2348 a
2100 2284 2462 2370 typothetis

169 2391 436 2477 signata
471 2395 571 2456 est
610 2389 967 2476 (debebant
997 2391 1212 2475 potius
1250 2395 1404 2477 post
1429 2388 1603 2477 κδ’),
1640 2413 1785 2456 cum
1813 2389 1979 2456 Eud.
2007 2391 2318 2476 praebeat
2354 2389 2465 2457 καὶ

165 2494 334 2582 ἦλλα
371 2497 608 2582 πολλά,
648 2521 812 2584 quae
843 2499 1040 2564 verba
1069 2502 1220 2562 ante
1249 2493 1677 2575 εἰς”Ατταλον
1708 2497 2065 2582 supplenda
2092 2519 2233 2563 esse
2260 2499 2463 2564 mani-

164 2606 408 2670 festum
454 2610 570 2672 est.
652 2604 790 2671 Nec
837 2605 1050 2670 minus
1098 2608 1347 2670 certum
1395 2609 1671 2690 apparet
1706 2628 1763 2672 V.
1795 2599 2213 2682 Ἀσποέσιος
2252 2611 2463 2691 Δημ.,

168 2714 280 2778 ubi
309 2712 611 2798 κριτικοῦ
639 2709 750 2776 καὶ
778 2713 1252 2796 μαθηματικοῦ
1279 2734 1431 2796 pars
1462 2711 1778 2777 librorum
1806 2716 2118 2797 praestat,
2145 2714 2463 2799 κριτικοῦ,

165 2821 638 2904 μαθηματικοῦ
675 2819 876 2886 ΒΕΜ
905 2819 1048 2884 Ald.
1077 2819 1260 2904 Eud„
1299 2841 1398 2902 κρ.
1435 2817 1547 2884 καὶ
1585 2814 1913 2903 μαθητής,
1953 2818 2123 2903 quod
2160 2820 2457 2905 equidem

166 2911 433 3058 lego‚‘A
473 2926 668 3013 (unde
703 2923 816 2992 καὶ
854 2927 1009 2992 olim
1045 2926 1244 2991 fuisse
1284 2922 1543 3011 elucet),
1572 2926 1682 2990 sed
1722 2947 1885 3010 quae
1914 2925 2087 2990 infra
2125 2926 2270 2991 add.
2298 2927 2463 2992 Eud.

167 3032 313 3111 υίὸς
357 3031 470 3098 καὶ
513 3029 824 3118 μαθητής
869 3036 936 3097 et
971 3054 1124 3098 vera
1161 3053 1302 3097 esse
1339 3032 1658 3116 probatur
1694 3032 2071 3098 Philostrat.
2100 3031 2461 3118 Vit.11‚33

169 3147 233 3206 et
277 3164 398 3226 pro
443 3139 554 3205 καὶ
602 3139 1072 3224 μαθηματικοῦ
1114 3139 1519 3204 restituenda
1566 3161 1706 3204 esse
1754 3138 2061 3225 suspicor.

345 3247 440 3312 At
483 3248 540 3312 si
587 3245 865 3312 fortasse
911 3245 1074 3310 haec
1119 3245 1340 3311 omnia
1393 3245 1464 3309 in
1508 3245 1972 3330 integrioribus
2020 3245 2179 3311 olim
2227 3199 2463 3312 Suidae

169 3353 352 3418 libris
403 3354 820 3437 exstiterunt,
869 3353 1040 3438 quod
1083 3352 1508 3436 Bernhardyo
1548 3353 1780 3438 (praef.
1818 3351 1992 3419 Suid.
2029 3377 2091 3439 p.
2129 3352 2464 3442 XXXIII),

170 3459 490 3526 Meinekio
546 3459 654 3546 (fr.
710 3482 872 3526 com.
917 3459 952 3524 I
998 3483 1058 3544 p.
1105 3459 1192 3524 35
1237 3458 1350 3546 al.)
1362 3511 1379 3544 ,
1434 3457 1689 3526 Daubio
1746 3460 1816 3524 in
1870 3459 2328 3526 dissertatione
2385 3462 2463 3527 de

172 3565 483 3652 Violari0‚
505 3589 850 3652 parumper
882 3566 984 3630 vel
1005 3565 1533 3650 Wilamowitzio,
1562 3567 1865 3633 videlicet
1894 3589 2063 3632 anno
2085 3569 2462 3654 praeteritO,

174 3672 380 3738 visum
429 3678 556 3757 est,
601 3696 950 3758 quamnam
995 3696 1115 3738 nos
1163 3677 1523 3739 statuemus
1570 3674 1862 3740 codicum
1900 3673 2181 3740 indolem
2230 3697 2305 3740 ac
2351 3698 2461 3740 na-

171 3780 427 3844 turam?
482 3779 734 3864 Nempe
771 3802 917 3844 cum
955 3779 1212 3864 saepius
1248 3781 1577 3866 conspiret
1609 3779 1917 3867 Eudocia,
1965 3785 2037 3846 ut
2075 3803 2272 3867 supra
2311 3781 2462 3866 dixi,

317 4020 369 4096 1')
409 4027 598 4082 Habet
632 4028 805 4083 etiam
843 4029 1012 4084 schol.
1051 4030 1144 4083 Ar.
1181 4028 1236 4082 sV
1239 4045 1352 4098 esp.
1395 4033 1559 4096 1402,
1607 4026 1759 4094 quod
1796 4043 1864 4081 ex
1900 4027 2072 4082 Suida
2107 4027 2305 4086 intulit
2337 4028 2463 4083 Mu—

177 4122 346 4164 surus.
387 4107 498 4162 Sed
525 4125 653 4162 cum
681 4107 938 4164 omnibus
969 4109 1174 4164 Suidae
1201 4107 1361 4162 libris
1399 4107 1773 4174 desideretur,
1806 4123 1987 4162 nonne
2014 4105 2203 4176 potius
2232 4124 2298 4162 ex
2328 4107 2463 4164 Vio-

179 4183 316 4241 lario
351 4187 411 4241 id
448 4187 799 4258 immigrasse
835 4189 1195 4258 putabimus?

317 4269 369 4333 2)
419 4267 499 4321 cf.
539 4267 942 4335 Wilamowitz‚
981 4271 1131 4339 apud
1169 4269 1367 4324 MaasS.
1407 4267 1594 4338 Biogr.
1635 4286 1687 4337 p.
1722 4271 1851 4334 1483
1898 4267 1957 4320 in
2000 4267 2457 4335 ‘stupidissimis’

182 4358 300 4398 eam
336 4346 510 4402 habet
543 4348 731 4403 Maass
768 4367 822 4418 p.
857 4355 973 4404 115.
