3025 4892
505 148 639 212 200
1438 141 1867 199 flEschUS.

499 306 913 439 'Afinvoct'o'cffi
979 309 1221 384 οἵτινες
1284 303 1521 386 ἄξονες
1581 299 2083 397 ὠνομάσθησαν
2146 299 2257 367 διὰ
2317 300 2391 368 τὸ
2454 302 2805 385 γραφῆναι

506 411 749 493 αὐτοὺς
795 416 868 481 ἐν
917 416 1210 493 ξυλίνοις
1257 409 1491 492 ἅξοσιν
1531 408 1877 497 Ἀθ-ήνησι,
1923 413 2177 495 ποίημα
2224 405 2317 475 δι’
2371 409 2699 493 ἐλεγείων,
2756 400 2799 471 ὃ

506 519 810 606 Σαλαμὶς
855 518 1309 606 ἐπιγράφεται,
1355 514 1709 603 ὑποθήκας
1758 514 1847 583 δι’
1900 518 2208 623 ἐλεγείων
2246 514 2358 581 καὶ
2403 512 2589 581 ἄλλα.
2658 518 2803 581 ἔστι

509 626 583 694 δὲ
628 625 739 693 καὶ
787 616 982 704 οὗτος
1037 618 1132 703 εἷς
1183 626 1321 691 τῶν
1369 622 1422 704 ζ’
1474 620 1987 710 ὀνομαζομένων
2043 641 2280 749 σοφων
2339 620 2478 704 [καὶ
2533 619 2805 706 φέρεται

457 758 483 797 5
511 729 720 799 αὐτοῦ
759 726 1165 817 ἀπόφθεγμα
1202 728 1386 815 τόδε,
1425 726 1757 816 μηδὲν”
1717 730 1919 814 αγαν’
1925 778 1946 813 ,
1990 724 2029 813 ἢ
2077 726 2151 796 τὸ
2192 729 2447 813 γνωθι
2483 726 2741 794 σαυτόν.
2744 729 2800 810 ’]

683 837 1058 905 DCOXLII.
1117 839 1540 923 Σοφοκλῆς
1568 842 1942 923 Σοφίλλου,
1980 838 2400 920 Κολωνῆθεν
2426 832 2801 920 Ἀθηναῖος,

507 942 848 1030 τραγικός,
905 942 1163 1029 τεχθεὶς
1213 940 1378 1010 κατὰ
1430 940 1552 1028 τὴν
1601 941 1706 1028 ογ’
1758 938 2169 1029 ὀλυμπιάδα,
2226 939 2315 1019 ὡς
2359 938 2805 1027 πρεσβύτερος

510 1046 684 1116 εἶναι
750 1051 1154 1137 Σωκράτους
1223 1054 1332 1135 ἐτη
1401 1048 1500 1130 ιζ’.
1612 1039 1811 1127 οὗτος
1875 1051 2135 1135 πρῶτος
2197 1049 2415 1137 τρισὶν
2482 1046 2802 1135 ἐχρήσατο

511 1151 899 1243 ὑποκριταῖς
952 1156 1062 1224 καὶ
1121 1160 1213 1247 τῷ
1261 1156 1650 1246 καλουμένῳ
1698 1159 2179 1243 τριταγωνιστῇ
2227 1154 2337 1222 καὶ
2383 1157 2641 1238 πρῶτος
2680 1152 2805 1221 τὸν

436 1288 485 1327 ιο
513 1260 719 1349 χορὸν
768 1264 838 1329 ἐκ
901 1260 985 1329 ιε’
1033 1262 1342 1349 εἰσήγαγε
1390 1262 1597 1347 νέων,
1644 1261 1973 1349 πρότερον
2030 1259 2122 1345 ιβ’
2172 1260 2541 1329 εἰσιόντων.
2605 1280 2807 1347 προσ-

512 1368 856 1457 ηγορεύθη
898 1367 971 1436 δὲ
1009 1371 1272 1456 μέλιττα
1311 1369 1424 1437 διὰ
1461 1367 1538 1436 τὸ
1577 1368 1807 1454 γλυκύ.
1862 1368 1973 1436 καὶ
2012 1366 2213 1447 αὐτὸς
2239 1360 2397 1455 ἦρξε
2432 1372 2557 1436 τοῦ
2590 1372 2809 1454 δρᾶμα

512 1474 678 1563 πρὸς
725 1478 945 1563 δρᾶμα
992 1471 1462 1562 ἀγωνίζεσθαι,
1509 1472 1677 1542 ἀλλὰ
1718 1472 1805 1561 μὴ
1845 1480 2297 1560 τετραλογίαν.
2370 1475 2481 1542 καὶ
2520 1479 2811 1561 ἔγραψεν

515 1584 810 1667 ἐλεγείαν
864 1609 935 1650 τε
988 1584 1098 1649 καὶ
1153 1584 1438 1661 παιᾶνας
1493 1583 1599 1648 καὶ
1660 1580 1865 1666 λόγον
1924 1580 2445 1667 [καταλογάδην]
2494 1580 2645 1667 περὶ
2684 1583 2811 1648 τοῦ

514 1692 754 1777 χοροῦ,
792 1688 958 1777 πρὸς
985 1690 1238 1757 Θέσπιν
1267 1689 1376 1756 καὶ
1408 1693 1731 1775 Χοιρίλον
1762 1685 2265 1773 ἀγωνιζόμενος.
2321 1692 2562 1767 παῖδας
2591 1685 2663 1754 δὲ
2690 1683 2810 1766 οὓς

439 1818 488 1858 15
518 1800 729 1881 ἔσχεν,
771 1786 982 1863 οὗτοι·
1024 1794 1290 1882 Ἰοφῶν,
1331 1796 1753 1881 Λεωσθένης,
1795 1792 2134 1882 Ἀρίστων,
2183 1796 2557 1879 Στέφανος,
2594 1800 2812 1859 Μενε-

514 1905 793 1987 κλείδης.
828 1906 1096 1992 τελευτᾷ
1127 1901 1201 1969 δὲ
1230 1902 1388 1989 μετὰ
1409 1898 1797 1989 ,Εὐριπίδην
1828 1902 1993 1968 ἐτῶν
2017 1927 2071 1980 q.
2111 1901 2371 1982 ἐδίδαξε
2400 1899 2475 1967 δὲ
2506 1899 2809 1986 δράματα

517 2007 692 2097 ρκγ’,
740 2006 829 2088 ὡς
876 2012 956 2076 δέ
995 2035 1202 2094 τινες,
1248 2009 1358 2076 καὶ
1406 2011 1627 2098 πολλῷ
1675 2012 1910 2092 πλείω,
1957 2013 2147 2087 νίκας
2195 2006 2269 2074 δὲ
2316 2012 2511 2093 ἔλαβε
2558 2005 2687 2073 κδ’.

695 2116 1095 2183 DOOXLIII.
1152 2117 1571 2199 Σοφοκλῆς
1602 2111 2020 2201 Ἀρίστωνος,
2068 2111 2317 2192 υἱωνὸς
2362 2111 2437 2179 δὲ
2485 2117 2607 2180 τοῦ
2653 2136 2814 2199 προ-

515 2221 715 2309 τέρου
757 2222 1190 2308 Σοφοκλέους
1247 2220 1785 2308 [πρεσβυτέρου],
1845 2216 2202 2306 Ἀθηναῖος
2258 2218 2583 2306 τραγικός.
2684 2222 2814 2287 ε’δί-

439 2350 492 2389 20
520 2328 674 2408 δαξε
737 2326 810 2394 δὲ
874 2325 1175 2415 δράματα
1240 2324 1336 2413 μ’,
1398 2328 1468 2394 οἱ
1525 2327 1604 2393 δέ
1660 2344 1869 2412 φασιν
1931 2324 2051 2409 ια’,
2111 2330 2301 2405 νίκας
2361 2325 2435 2393 δὲ
2504 2320 2681 2393 εἷλεν
2744 2325 2817 2407 ζ’.

523 2438 769 2521 ἔγραψε
817 2435 927 2501 καὶ
983 2437 1286 2519 ἐλεγείας.
1657 2430 1662 2434 ’

701 2541 1101 2613 DCOXLIV.
1178 2542 1607 2625 Σοφοκλῆς
1674 2536 2032 2624 Ἀθηναῖος
2105 2536 2415 2626 τραγικὸς
2473 2540 2585 2607 καὶ
2640 2547 2822 2630 λυρι-

520 2644 665 2730 κός,
728 2642 1065 2731 ἀπόγονος
1116 2650 1239 2715 τοῦ
1295 2648 1602 2713 παλαιοῦ.
1693 2646 1928 2730 γέγονε
1985 2643 2058 2712 δὲ
2114 2644 2278 2731 μετὰ
2332 2644 2455 2733 τὴν
2512 2646 2819 2715 Πλειάδα

669 2850 702 2897 2
741 2841 805 2898 δὲ
845 2840 926 2898 δι’
968 2839 1012 2898 ἐ.
1052 2848 1168 2895 ΔΙᾱ.
1298 2847 1330 2895 3
1361 2836 1440 2895 δι’
1483 2834 1742 2909 ἐλεγείων
1778 2844 1826 2892 V
1872 2840 2113 2894 correxit.
2148 2839 2321 2895 etiam
2355 2843 2653 2911 Καείεναε,
2701 2838 2819 2909 ὑπ,

527 2919 778 2992 ἐλεγείας
813 2920 960 2978 Eud.
1011 2918 1091 2978 δι’
1124 2919 1372 2991 ἐλεγείας
1412 2921 1563 2975 Plat.
1602 2916 1697 2975 ὑπ.
1739 2918 1802 2973 δὲ
1844 2915 2095 2989 ἐλεγείας
2130 2923 2274 2991 vuly.
2384 2929 2418 2976 4
2456 2924 2553 2977 καὶ
2592 2941 2704 2991 seq.
2745 2924 2816 2977 ab

527 3002 812 3073 Hesychio
851 3002 1037 3059 aliena

667 3080 966 3137 DOCXLII.
996 3084 1147 3139 Eud.
1188 3103 1242 3154 p.
1275 3086 1396 3151 645,
1434 3097 1578 3149 quae
1617 3098 1725 3135 om.
1764 3080 2047 3149 Σοφίλου,
2086 3083 2460 3151 Κολωνῆθεν,
2500 3088 2558 3139 et
2594 3086 2821 3153 τεχθεὶς

531 3192 598 3202 -
637 3159 712 3223 ὡς
749 3163 807 3215 ef,
844 3160 1020 3229 εἷναι;
1059 3162 1206 3218 infra
1243 3155 1408 3224 οὗτος
1445 3192 1511 3201 —-
1542 3162 1919 3229 τετραλογίαν.
1988 3159 2068 3214 Cf.
2097 3161 2511 3231 Mendelssohn,
2540 3165 2664 3217 Αοτ.
2695 3164 2818 3217 Soc.

527 3242 678 3310 Lips.
710 3242 761 3294 II
797 3260 852 3311 p.
889 3246 990 3294 180
1021 3259 1134 3310 seq.
1298 3250 1329 3297 6
1367 3242 1637 3309 Σωφίλου
1675 3244 1721 3292 A
1887 3247 1951 3295 10
1990 3238 2119 3303 νέος
2160 3237 2240 3295 ὥν
2278 3260 2417 3297 corr.
2449 3244 2820 3302 Volkmannus

526 3318 838 3395 προσώπων
868 3322 1132 3387 Dindorf.
1169 3324 1538 3390 συγκείμενον
1578 3320 1795 3387 Usener,
1834 3314 2059 3388 ἀνδρῶν
2089 3322 2181 3375 vel
2206 3318 2341 3374 νέον
2376 3323 2623 3391 praefert
2650 3324 2819 3379 Daub

526 3417 825 3469 προσηγορ.
857 3430 924 3439 -
953 3397 1128 3469 γλυκύ
1167 3400 1496 3471 compilavit
1523 3400 1995 3470 Pseudo-Hesych.
2036 3416 2081 3453 c.
2115 3407 2179 3454 61
2318 3407 2378 3455 11
2422 3403 2640 3471 πρῶτος
2676 3404 2817 3459 coni.

524 3481 709 3549 Beryk
821 3487 884 3535 12
916 3485 1278 3550 τετραλογίαν
1307 3498 1444 3535 corr.
1466 3482 1751 3534 Mewrsius
1780 3483 2277 3548 στρατολογεῖσθαι
2296 3485 2413 3549 AV,
2452 3483 2603 3551 quod
2631 3484 2820 3537 tuetur

527 3561 599 3615 F.
623 3560 808 3616 Schffll
841 3562 1010 3631 (unde
1039 3565 1500 3631 τετραλογεῐσθαι
1528 3561 1618 3614 vel
1649 3558 1744 3615 διὰ
1775 3562 2137 3630 τετραλογίαν
2167 3562 2377 3628 Naeke,
2408 3560 2647 3631 Chtoeril.
2678 3582 2733 3632 p.
2764 3567 2819 3631 9)

529 3644 925 3711 στρατολογίαν
963 3642 1065 3695 rel.
1205 3648 1267 3696 13
1309 3636 1558 3709 ἐλεγείας
1594 3640 1736 3695 coni.
1765 3642 1965 3710 Beryk,
2003 3642 2159 3695 Poet.
2190 3642 2315 3710 Lyr.
2354 3659 2407 3710 p.
2441 3647 2563 3711 572,
2603 3640 2819 3713 ἐλεγεῖα

531 3721 785 3791 Zwrbory
811 3721 870 3775 in
898 3721 1106 3775 Herma
1134 3721 1185 3773 X
1222 3739 1273 3789 p.
1293 3726 1409 3773 -204
1501 3716 1670 3788 λόγον
1700 3721 1805 3775 del.
1836 3720 2006 3775 Daub
2106 3716 2501 3789 καταλογάδην
2532 3739 2641 3776 om.
2670 3727 2716 3775 A

532 3806 598 3854 14
635 3796 1052 3871 ἀγωνιζόμενον
1081 3805 1126 3852 V
1239 3806 1303 3855 15
1338 3796 1541 3868 Ἰοφῶν
1572 3818 1679 3855 om.
1707 3804 1753 3852 A
1871 3807 1934 3855 16
1976 3797 2035 3871 Q'
2068 3817 2136 3854 ex
2163 3800 2294 3855 Par.
2326 3801 2603 3857 Kasterus
2634 3798 2693 3860 ς’
2723 3804 2817 3857 rel.

529 3877 642 3947 ριγ’
671 3879 913 3947 Boeckh,
950 3898 1031 3949 gr.
1062 3881 1206 3949 trag.
1246 3878 1418 3949 princ.
1458 3898 1511 3948 p.
1548 3886 1647 3935 110

499 4002 502 4005 .
673 3958 993 4014 DCCXLIII
1030 3959 1181 4013 Eud.
1210 3958 1248 4013 l.
1279 3976 1324 4013 c.
1375 3957 1758 4025 cf4We10ker,
1788 3959 1880 4012 Gr.
1912 3960 2077 4029 Trag.
2106 3978 2161 4029 p.
2184 3966 2305 4027 978,
2335 3959 2551 4028 Nauck,
2579 3960 2646 4015 fr.
2674 3962 2817 4031 trag.

528 4057 582 4108 p.
615 4044 718 4093 606
873 4045 936 4093 19
967 4039 1066 4094 τοῦ
1097 4037 1373 4108 προτέρου
1413 4042 1558 4107 Σοφ.
1598 4058 1644 4091 τ.
1683 4057 1738 4093 π.
1780 4055 1971 4093 omnes
2020 4041 2102 4109 (et
2136 4039 2312 4107 Eud.)
2360 4060 2405 4114 τ.
2445 4059 2602 4109 προτ.
2641 4059 2747 4098 om.
2774 4048 2819 4095 V

529 4117 734 4172 iniuria.
771 4118 983 4174 delevit
1018 4118 1376 4189 Bernhardy,
1422 4118 1520 4187 qui
1566 4121 1624 4174 et
1664 4119 1904 4173 alterum
1950 4119 2051 4175 τοῦ
2102 4122 2249 4188 (eum
2284 4124 2407 4189 Av)
2454 4122 2669 4189 omisit5
2718 4139 2819 4193 ego
2876 4182 2881 4188 ,

531 4200 743 4267 πρεσβ.-
763 4196 948 4251 delevi

675 4275 987 4330 DCCXLIV
1007 4279 1156 4334 Eud.
1179 4281 1214 4333 1.
1239 4297 1285 4335 0.
1305 4280 1364 4334 in
1387 4279 1637 4350 margine
1657 4278 1833 4333 habet
1845 4283 1906 4332 A.
1928 4278 2019 4335 Cf.
2032 4278 2313 4350 Welcker,
2332 4280 2424 4335 Gr.
2440 4280 2602 4349 Trag.
2617 4298 2669 4350 p.
2685 4286 2817 4336 1275
