3025 4892
555 240 685 304 220
1475 240 1902 295 HESYCHIUS.

549 402 672 467 τοῦ
720 397 1196 488 Ἀλεξανδρέως
1249 401 1667 488 φιλοσόφου,
1722 400 1833 469 καὶ
1890 398 2056 488 αὐτὴ
2104 401 2478 489 φιλόσοφος
2520 404 2624 471 καὶ
2666 412 2804 473 πολ-

551 514 693 584 λοῖς
735 505 1100 593 γνώριμος,
1146 505 1318 594 γυνὴ
1361 505 1710 597 Ἰσιδοόρου
1755 511 1877 575 τοῦ
1923 508 2337 595 φιλοσόφου,
2385 507 2671 596 ἤκμασεν
2713 511 2802 577 ἐπὶ

548 616 665 698 τῆς
724 610 1061 698 βασιλείας
1119 613 1487 698 Ἀρκαδίου.
1590 618 1880 701 ἔγραψεν
1952 612 2314 701 ὑπόμνημα
2380 620 2474 695 εἰς
2536 615 2807 702 Διόφαν-

547 744 698 803 τον,
750 716 871 786 τὸν
917 715 1407 807 άστρονομικὸν
1453 718 1739 804 κανόνα,
1802 724 1898 800 εἰς
1940 718 2022 789 τὰ
2080 720 2333 789 κωνικὰ
2386 720 2805 790 Ἀπολλωνίου

495 848 520 886 5
547 821 924 912 ὑπόμνημα.
1007 824 1202 913 [αὕτη
1242 826 1618 913 διεσπάσθη
1656 826 1835 915 παρὰ
1880 830 2016 895 τῶν
2058 826 2567 915 Ἀλεξανδρέων,
2610 829 2711 895 καὶ
2740 827 2807 894 τὸ

550 951 738 1018 σωμα
812 929 1013 1019 αὐτῆς
1085 934 1519 1021 ἐνυβρισθὲν
1563 933 1721 1002 καθ’
1802 933 1967 1063 ὅλην
2040 933 2163 1021 τὴν
2227 935 2427 1003 πόλιν
2496 933 2806 1020 διεσπάρη.

548 1040 746 1105 τοῦτο
787 1038 860 1106 δὲ
897 1040 1196 1108 πέπονθε
1239 1040 1350 1108 δια
1390 1040 1663 1128 φθόνον
1700 1042 1809 1109 καὶ
1846 1039 1969 1127 τὴν
1994 1038 2549 1129 ὑπερβάλλουσαν
2582 1046 2806 1127 σοφίαν

547 1146 657 1213 καὶ
720 1146 1003 1233 μάλιστα
1069 1152 1164 1227 εἰς
1225 1145 1306 1215 τὰ
1361 1148 1511 1235 περὶ
1565 1146 2051 1234 ἀστρονομίαν,
2102 1140 2207 1227 ὡς
2259 1150 2383 1234 μέν
2436 1174 2637 1235 τινες,
2695 1144 2807 1215 ὑπὸ

547 1258 924 1341 Κυρίλλου,
983 1252 1070 1335 ὡς
1127 1257 1206 1323 δέ
1255 1280 1460 1340 τινες,
1518 1252 1631 1322 διὰ
1694 1254 1767 1322 τὸ
1826 1260 2125 1341 ἔμφυτον
2171 1281 2305 1323 των
2346 1252 2808 1343 Ἀλεξανδρέων

469 1380 518 1420 10
547 1359 806 1447 θράσος
858 1362 967 1428 καὶ
1030 1365 1409 1441 στασιῶδες.
1500 1368 1774 1441 πολλοῖς
1834 1360 1963 1449 γὰρ
2020 1362 2129 1429 καὶ
2193 1365 2330 1429 τῶν
2394 1360 2537 1428 κατ’
2593 1359 2809 1440 αὐτοὺς

548 1465 927 1535 ἐπισκόπων
990 1472 1188 1537 τοῦτο
1257 1470 1607 1555 ἐποίησαν·
1671 1466 1791 1536 τὸν
1852 1467 2191 1555 Γεωργιον
2257 1466 2486 1535 σκόπει
2551 1468 2658 1536 καὶ
2708 1466 2812 1535 τὸν

549 1576 970 1661 Προτέριον.]

724 1682 1030 1750 DGOOV.
1074 1679 1520 1769 ‘Yuspdxtog
1551 1679 2019 1770 Ἀλεξανδρεὺς
2053 1680 2524 1768 γραμματικός,
2564 1682 2665 1749 ἐπὶ
2696 1684 2811 1748 τῶν

548 1785 814 1873 χρόνων
869 1792 1276 1876 Μαρκιανοῦ
1326 1792 1447 1856 τοῦ
1502 1791 1843 1874 βασιλέως.
1888 1822 1893 1827 ·
1945 1792 2191 1875 ἔγραψε
2242 1791 2486 1876 τέχνην
2541 1814 2810 1876 γραμμα-

472 1911 522 1952 1⁵
550 1892 772 1979 τικήν,
818 1896 969 1982 περὶ
1019 1892 1402 1981 ὀνομάτων,
1448 1896 1599 1980 περὶ
1647 1895 1939 1982 ῥήματος
1982 1896 2095 1963 καὶ
2141 1891 2623 1983 όρθογραφίας.

725 2001 1128 2069 DGOGXVI.
1206 1999 1621 2090 Ὑπερίδης
1675 1999 1822 2081 υίὸς
1878 2005 2311 2069 Γλαυκίππου
2372 2006 2496 2069 τοῦ
2556 2000 2814 2090 ῥήτορος

549 2108 646 2195 (oc
693 2106 768 2174 δὲ
823 2108 1324 2197 Πυθοκλέους),
1375 2106 1734 2195 Ἀθηναῖος
1790 2107 2041 2196 ῥήτωρ,
2095 2110 2231 2176 τῶν
2284 2108 2568 2196 πρώτων
2624 2134 2813 2194 κεκρι-

546 2213 768 2299 μένων
835 2216 992 2283 δέκα
1057 2210 1180 2301 εἷς,
1245 2213 1675 2301 μαθητεύσας
1736 2212 1872 2300 ἅμα
1934 2214 2305 2306 Λυκούργῳ
2362 2214 2675 2282 Πλάτωνι
2734 2240 2813 2300 τῳ

545 2308 901 2412 φιλοσόφῳ1
955 2322 1066 2389 καὶ
1108 2320 1464 2409 Ἰσοκράτει
1520 2324 1611 2412 τῷ
1668 2320 1916 2408 ῥήτορι.
2006 2321 2116 2388 καὶ
2172 2319 2381 2407 ἀπέβη
2437 2319 2563 2407 μὲν
2615 2319 2815 2401 δεξιὸς

465 2446 518 2485 20
545 2428 794 2516 ῥήτωρ,
858 2433 1200 2514 γυναικῶν
1268 2428 1343 2497 δὲ
1395 2426 1671 2515 ἡττήθη.
1772 2426 2074 2516 ἀνῃρέθη
2138 2428 2212 2495 δὲ
2269 2428 2380 2495 καὶ
2436 2425 2635 2507 αὐτὸς
2686 2424 2807 2494 ὑπὸ

539 2530 973 2620 Ἀντιπάτρου
1023 2538 1142 2602 τοῦ
1179 2536 1525 2621 βασιλέως,
1566 2532 2004 2619 ἐξαγαγόντος
2031 2531 2241 2600 αὐτὸν
2268 2537 2391 2601 τοῦ
2423 2536 2497 2601 ἐν
2515 2532 2815 2621 Ἑρμιόνῃ

543 2643 715 2707 ναοῦ
775 2644 892 2793 τής
953 2643 1307 2729 Δήμητρος
1365 2637 1453 2708 δι’
1509 2638 1777 2729 Ἀρχίου
1830 2643 1952 2707 τοῦ
2009 2641 2482 2726 ἐπικληθέντος
2534 2644 2815 2727 Φυγαδο-

543 2860 794 2930 Erythrii
830 2862 947 2915 filia
982 2864 1055 2931 (v.
1095 2859 1433 2937 Πανόλβιος)
1469 2861 1615 2917 vidit
1649 2860 1950 2917 Fabricius
2130 2868 2157 2915 1
2198 2862 2389 2930 itaque
2426 2863 2493 2933 τῇ
2536 2859 2810 2931 φιλοσόφῳ

544 2943 735 2999 literas
760 2941 940 2998 mittit
968 2943 1230 3013 Synesius
1267 2962 1354 3014 ep.
1389 2949 1570 3011 15,16
1602 2943 1671 2999 al.
1808 2949 1839 2996 3
1881 2934 2211 3010 Διόφαντον
2238 2946 2334 2993 ΑΒ
2372 2938 2703 3011 Διοφάντην
2729 2941 2812 2994 rel.

546 3019 876 3093 Διοφάντου
911 3019 1327 3095 Ἀστρονομικὸν
1363 3022 1599 3079 κανόνα.
1667 3020 1748 3085 εἰς
1774 3018 1843 3076 τὰ
1872 3016 2162 3076 κανωνικὰ
2196 3015 2301 3075 'Am
2334 3022 2632 3089 Καείωᾋαε
2668 3023 2817 3077 antea

546 3104 718 3159 etiam
755 3105 1206 3174 distinguebatur
1249 3100 1347 3159 ὑπ..
1396 3102 1477 3166 εἰς
1523 3108 1691 3199 Διοφ.
1740 3100 1841 3156 τὸν
1877 3096 2300 3171 ἀστρονομικόν.
2376 3098 2597 3156 κανόνα
2646 3100 2724 3163 εἰς
2756 3098 2815 3153 τὰ

544 3181 775 3240 κωνικά.
827 3179 932 3241 ’An
972 3180 1172 3253 ὑπομ.;
1213 3183 1293 3246 εἰς
1321 3186 1450 3239 ante
1478 3179 1582 3238 τὸν
1618 3200 1775 3252 αστρ.
1804 3181 2003 3237 inserit
2029 3182 2387 3251 Bernhardy,
2424 3178 2524 3235 τὸν
2559 3200 2625 3236 ex
2655 3184 2814 3236 anteo.

545 3264 766 3332 syllaba.
802 3265 986 3318 ortum
1023 3264 1130 3318 del.
1171 3264 1492 3319 Gutschmid
1600 3270 1635 3317 4
1672 3258 1946 3319 κανονικοὶ
1976 3267 2022 3314 Δ
2132 3266 2163 3314 5
2200 3256 2345 3331 αὕτη
2384 3278 2499 3331 seq.
2547 3263 2620 3316 ab
2657 3261 2814 3327 Hesy-

547 3342 671 3397 chio
717 3342 904 3397 aliena
941 3346 1094 3410 sunt3
1143 3361 1211 3397 ex
1249 3344 1494 3398 Socratis
1532 3344 1678 3401 Hisss.
1716 3344 1849 3398 eccl.
1879 3342 2006 3409 VII,
2049 3349 2113 3397 15
2150 3340 2372 3396 fluxisse
2410 3345 2641 3397 monent
2686 3341 2815 3395 Wol-

542 3425 674 3492 fius,
719 3422 914 3492 Progr.
955 3424 1231 3479 Ozernow.
1269 3442 1322 3493 p.
1361 3429 1429 3478 40
1467 3425 1678 3491 (1879),
1725 3423 1923 3490 Data»,
1960 3422 2031 3475 de
2070 3421 2221 3475 Suid.
2261 3441 2313 3491 p.
2344 3427 2465 3477 476.
2542 3422 2621 3477 cf.
2662 3421 2815 3475 etiam

544 3502 723 3571 Diels,
761 3503 1002 3572 Doxogr.
1041 3523 1093 3573 p.
1129 3510 1192 3558 12
1235 3506 1310 3573 (p.
1341 3508 1446 3558 254
1482 3506 1597 3559 noia.
1628 3510 1660 3558 2
1700 3505 1760 3557 eb
1795 3504 1921 3570 575)
2059 3509 2091 3557 6
2129 3497 2275 3555 καθ’
2318 3494 2449 3570 ὅλης
2486 3502 2586 3569 τῆς
2622 3499 2816 3559 πόλεως

543 3583 777 3654 Hesych.
925 3590 957 3638 8
995 3583 1126 3653 περὶ
1162 3580 1538 3653 ἀστρονομίας
1572 3584 1806 3653 Hesych.
1964 3588 2029 3635 10
2066 3586 2289 3643 πολλοῖς
2327 3613 2393 3621 -
2432 3581 2562 3637 exit.
2602 3583 2673 3637 ab
2707 3581 2814 3649 ipso

545 3663 716 3717 Suida
753 3664 948 3719 addita
983 3681 1106 3719 esse
1143 3664 1260 3719 dixi
1296 3664 1433 3720 Mus.
1465 3665 1642 3720 Rhen.
1681 3664 1888 3719 XXXV
1924 3681 1979 3732 p.
2011 3668 2145 3727 2233
2186 3660 2453 3730 expunxit
2488 3662 2754 3716 Westerm.

683 3743 929 3799 DCCXV
964 3744 1236 3799 Eiusdem
1260 3743 1519 3799 meminit,
1554 3743 1752 3799 Suidas
1786 3763 1838 3800 v.
1876 3742 2039 3798 Λέων
2076 3746 2198 3814 βασ.
2238 3740 2465 3808 (Maloh.
2504 3741 2571 3795 fr.
2602 3747 2635 3795 2
2672 3758 2705 3793 a
2738 3757 2812 3807 ap.

544 3822 750 3878 Mfiller
785 3824 862 3877 IV
899 3842 951 3893 p.
987 3827 1111 3893 114)
1259 3830 1323 3878 15
1363 3819 1764 3893 ὄρθογραφίαν
1802 3824 2049 3894 praeferi:
2082 3822 2417 3892 Bernhardy

685 3902 1000 3959 DCCCXVI
1039 3902 1120 3958 cf.
1157 3902 1348 3972 Daub,
1391 3903 1549 3958 stud.
1588 3923 1643 3973 p.
1673 3909 1741 3959 35
1770 3920 1885 3971 seq.
2034 3908 2099 3957 16
2146 3902 2394 3956 erratum
2431 3900 2500 3955 de
2536 3903 2699 3969 patre
2733 3915 2814 3953 no-

542 3984 688 4039 tavit·
723 3984 915 4052 Blass,
954 3984 1068 4039 Atta.
1109 3984 1229 4038 Ber.
1268 3983 1349 4038 III
1360 4026 1372 4053 ‚
1412 3990 1444 4037 2
1481 3986 1595 4038 not.
1628 3991 1659 4038 3
1782 3988 1845 4037 18
1893 3983 2065 4037 verba
2102 3981 2296 4037 sanavi
2333 3999 2400 4035 ex
2435 3978 2600 4050 Diog.
2630 3982 2731 4046 111,
2758 3984 2815 4032 46

543 4066 601 4118 et
635 4064 797 4118 Phot.
835 4062 970 4117 bibl.
1009 4082 1064 4132 p.
1097 4068 1229 4132 495,
1275 4063 1465 4133 itaque
1501 4064 1655 4133 prius
1692 4064 1815 4129 καὶ,
1864 4063 2013 4132 quod
2052 4062 2183 4116 ante
2222 4056 2483 4115 Πλάτωνι
2521 4060 2816 4130 legebatur,

541 4142 860 4213 transposui
896 4145 1028 4213 post
1061 4139 1354 4216 φιλοσόφῳ
1491 4151 1555 4198 19
1590 4140 1888 4213 Ἰσοκράτει
1926 4162 1984 4197 τε
2022 4159 2152 4211 pars
2180 4141 2305 4195 libr.
2335 4140 2457 4195 edd.
2488 4145 2620 4195 ante
2656 4142 2832 4198 Berw.

541 4224 839 4294 hardyum
889 4223 986 4277 sed
1022 4242 1079 4277 τε
1121 4242 1230 4280 om.
1260 4229 1361 4277 AV
1396 4219 1692 4293 Ἰσοκράτει
1729 4242 1837 4279 om.
1867 4228 1913 4275 A
2056 4228 2124 4276 20
2160 4242 2211 4277 κ.
2251 4216 2375 4275 αὐτ.
2414 4239 2487 4276 so.
2527 4224 2593 4275 ut
2630 4220 2817 4276 Demo·

544 4303 769 4356 sthenes
891 4308 957 4355 21
999 4302 1078 4358 cf.
1119 4303 1318 4357 Suidas
1357 4319 1409 4357 v.
1442 4298 1597 4357 ’Ave'
1629 4298 1951 4375 Ἑρμίωνος.
2012 4302 2092 4358 cf.
2125 4301 2428 4370 Clinton'p.
2462 4306 2563 4355 175
2593 4300 2689 4357 Kr.

543 4388 610 4438 22
654 4379 1040 4452 Φυγαδοθήρα
1067 4387 1284 4435 ΔἿΕΗ
1321 4382 1740 4455 φυγαδοθήρας
1775 4385 1873 4442 rel.
1950 4383 2031 4439 Of.
2070 4382 2269 4437 Suidas
2307 4401 2357 4437 v.
2396 4376 2702 4451 ὑπερόριον
