3025 4892
1165 228 1595 287 HESYCHIUS.
2390 232 2521 297 215

241 390 518 474 ἐξύφανε
583 390 802 477 ψόγον
873 388 964 458 δι’
1025 392 1348 478 ἐμμελοῦς
1407 414 1593 471 τινος
1646 389 2026 477 ποιήματος.
2128 395 2373 477 ἔγραψε
2444 394 2521 463 δὲ

249 499 620 586 [κωμῳδίαν
665 505 761 577 είς
803 523 873 565 τε
922 495 1044 565 τὸν
1090 494 1298 567 αὐτὸν
1335 497 1781 584 Θεμιστοκλέα
1824 497 1935 566 καὶ
1983 501 2077 577 είς
2122 503 2521 587 Σιμωνίδην

237 600 363 670 τὸν
404 602 786 689 μελοποιόν]
835 604 945 671 καὶ
990 601 1181 673 ἄλλα.

407 710 872 779 DOOXOVIII.
954 710 1350 798 Τιμόλαος
1387 716 1753 799 Λαρισαῖος
1798 713 1869 779 ἐκ
1905 714 2355 799 Μακεδονίας,
2403 712 2517 801 ρή-

237 842 387 902 τωρ,
431 813 893 903 Ἀναξιμένους
936 820 1058 886 τοῦ
1103 820 1569 904 Λαμψακηνοῦ
1612 817 1939 905 μαθητής,
1988 814 2062 898 ὃς
2106 818 2218 885 καὶ
2262 840 2514 907 ποιητι-
2544 840 2570 881 ο

241 927 364 1003 κῶς
405 928 576 1010 ἔχων
620 925 1028 1009 παρενέβαλε
1072 926 1150 1012 τῇ
1205 920 1436 991 Ἰλιάδι
1482 928 1712 1009 στίχον
1756 921 1921 1011 πρὸς
1966 928 2195 1012 στίχον
2245 925 2355 993 καὶ
2410 927 2516 994 ἐπ·

241 1030 472 1115 ἔγραψε
516 1027 592 1098 τὸ
650 1027 994 1117 σύνταγμα
1047 1028 1328 1116 Τρωικά.
1421 1029 1657 1116 εμῆνιν
1704 1028 1885 1098 ἄειδε
1938 1028 2068 1099 θεά
2110 1030 2513 1118 Πηληιάδεω

233 1131 540 1222 Ἀχιλῆος,
588 1133 676 1224 ἣν
721 1141 914 1205 ἔθετο
951 1136 1228 1223 Χρύσου
1263 1137 1713 1224 κεχολωμένος
1749 1140 1969 1206 εἵνεκα
2006 1136 2273 1225 κούρης,
2320 1136 2514 1207 οὐλο-

238 1242 459 1329 μένην,
505 1238 549 1329 ἢ
595 1248 764 1330 μυρί
789 1241 1074 1330 Ἀχαιοῖς
1117 1240 1302 1331 ἄλγε’
1346 1248 1548 1331 ἔθηκε
1585 1244 2055 1332 μαρναμένοις,
2094 1241 2203 1331 ὅτε
2246 1246 2511 1333 Τρωσὶν

235 1346 382 1435 ἄτερ
445 1351 800 1436 πολέμιζον
859 1346 1160 1429 ἄνακτος.
1257 1347 1508 1431 πολλὰς
1568 1346 1635 1418 δ’
1699 1354 2027 1437 ἰφθίμους
2080 1349 2295 1440 ψυχὰς
2331 1351 2511 1421 ’Ἁιδι
2541 1374 2593 1414 1⁰

229 1460 554 1543 προΐαψεν
610 1454 928 1541 ’Έκτορος
1015 1458 1088 1525 ἐν
1160 1454 1502 1545 παλάμῃσι
1578 1457 1986 1543 δαϊζομένων
2060 1454 2193 1527 ὑπὸ
2267 1462 2513 1549 δουρί’.

229 1568 472 1650 ἔγραψε
516 1563 628 1630 καὶ
673 1561 843 1631 ἄλλα
887 1564 1057 1632 τινά.

396 1671 800 1739 DGOXGIX.
884 1674 1142 1757 Τίμων
1192 1669 1532 1758 Φλιάσιος,
1581 1671 1692 1738 καὶ
1738 1668 1941 1752 αὐτὸς
1985 1673 2357 1759 φιλόσοφος
2397 1677 2514 1761 τῆς

222 1777 603 1865 Πύρρωνος
639 1774 920 1866 ἀγωγῆς,
958 1774 995 1845 5
1033 1775 1296 1865 γράψας
1329 1776 1488 1858 τοὺς
1522 1778 1978 1864 καλουμένους
2015 1784 2327 1866 Σίλλους,
2364 1778 2513 1867 ἤτοι

221 1883 482 1969 ψόγους
527 1886 665 1951 τῶν
713 1882 1130 1971 φιλοσόφων,
1169 1889 1396 1970 βιβλία
1439 1883 1527 1970 γ’.
2541 1908 2594 1949 15

311 1998 330 2017 ⁸
397 1990 644 2059 DCCC.
712 1996 1010 2078 [Τίμων
1064 1986 1100 2056 5
1148 1988 1662 2079 μισάνθρωπος,
1708 1990 1819 2061 καὶ
1864 1990 2070 2073 αὐτὸς
2116 1991 2512 2082 φιλόσοφος,

215 2094 806 2186 ἀποστρεφόμενος
851 2100 1072 2165 πᾶσαν
1118 2099 1424 2184 αἵρεσιν.]

397 2204 678 2273 DCCCL
760 2201 1204 2272 Τουσκιανό
1217 2231 1250 2283 ς
1278 2256 1292 2269 .
1323 2255 1337 2269 .
1369 2256 1382 2269 .
1412 2201 1632 2290 ῥήτωρ
1682 2201 2067 2301 δεινότατοςί
2089 2256 2104 2272 .
2135 2257 2149 2273 .
2179 2259 2192 2272 .

399 2311 706 2379 DGOCII.
775 2308 1277 2397 Τράγκυλλος
1316 2306 1352 2378 5
1389 2308 1809 2395 Σουητόνιος
1844 2314 2269 2399 χρηματίσας,
2303 2339 2511 2401 γραμ-

217 2415 493 2504 ματικὸς
538 2414 877 2505 Ῥωμαῖος.
976 2420 1221 2503 ἔγραψε
1283 2416 1434 2504 περὶ
1489 2420 1626 2485 τῶν
1680 2413 1840 2503 παρ’
1884 2414 2157 2505 ‘'EM-not
2218 2423 2509 2488 παιδιῶν
2539 2442 2592 2482 20

214 2529 486 2611 βιβλίον
542 2523 634 2609 α’,
688 2524 841 2612 περὶ
894 2525 1032 2592 τῶν
1083 2521 1262 2610 παρὰ
1300 2520 1648 2611 Ῥωμαίοις
1700 2527 2013 2612 θεωριῶν
2068 2525 2177 2593 καὶ
2223 2522 2511 2612 ἀγώνων

211 2714 412 2781 lector,
450 2715 516 2765 ut
549 2710 778 2767 titulum
817 2710 1087 2779 efficeret,
1133 2710 1441 2779 κωμῳδίαν
1479 2741 1547 2754 --
1584 2706 1885 2779 μελοποιόν
1931 2710 2256 2783 adscripsit,
2308 2712 2508 2783 quibus

211 2792 296 2846 nil
331 2791 466 2845 novi
503 2790 722 2847 dicitur.
798 2790 1058 2845 Ceterum
1105 2788 1456 2860 epitaphium
1494 2787 1904 2846 Timocreontis
1942 2793 2013 2847 ab
2060 2792 2184 2863 ipso
2224 2792 2506 2850 Simonide

212 2870 590 2942 compositum
628 2872 811 2927 adhuc
849 2873 1040 2927 extare
1077 2870 1229 2941 apud
1265 2870 1468 2927 Athen.
1507 2870 1559 2923 X
1595 2889 1649 2941 p.
1681 2877 1785 2926 412
1825 2873 2014 2941 (Anth.
2054 2873 2175 2929 Pal.
2214 2874 2343 2944 VII,
2382 2880 2506 2945 348)

213 2955 555 3011 monuerunt
591 2952 832 3007 editores

359 3031 732 3087 DCCXCVIII
769 3032 850 3087 Cf.
888 3052 940 3087 v.
975 3028 1174 3094 Ἰδαῖος
1209 3031 1266 3085 et
1293 3030 1523 3101 Πίγρης.
1552 3030 1805 3087 Eustath.
1835 3032 2085 3087 Prooem.
2116 3032 2337 3103 Od588.3
2376 3034 2505 3089 Cra·

209 3133 350 3183 mer,
388 3114 596 3169 Anecd.
635 3113 759 3168 Par.
798 3113 825 3164 Ι
860 3130 912 3181 p.
945 3118 1048 3166 392
1229 3115 1262 3165 5
1301 3126 1415 3181 seq.
1463 3112 1843 3168 narrationem
1890 3112 2222 3185 compilavit
2260 3116 2506 3173 Pseudo-

217 3195 445 3265 Hesych.
484 3211 530 3248 c.
563 3199 630 3247 65
776 3199 807 3246 ’1
851 3186 1076 3261 Τρωικά
1112 3191 1366 3246 Eustath.
1378 3232 1396 3259 ,
1437 3193 1587 3261 quod
1622 3192 1891 3263 praetulit
1926 3195 2202 3251 Kasterus
2250 3194 2504 3267 Τρωικόν

209 3276 358 3345 vuly.
401 3270 652 3343 Τρωικός
686 3273 897 3328 Beloker

358 3352 675 3409 DCOXCIX
711 3370 762 3407 v.
794 3349 1052 3422 Πύρρων.
1089 3351 1168 3408 cf.
1200 3351 1389 3421 Steph.
1420 3354 1547 3422 Byz.
1577 3372 1629 3408 v,
1661 3356 1889 3421 Φλιοῦςς
1928 3354 2092 3425 Diog.
2122 3356 2226 3426 IX,
2261 3362 2359 3412 109
2390 3374 2503 3427 seq.

211 3434 446 3489 Tractat
472 3433 870 3501 Wachsmuth,
906 3432 975 3487 de
1007 3432 1147 3489 Tim.
1176 3431 1426 3487 Phliasio
1464 3450 1518 3502 p.
1550 3437 1582 3486 5
1603 3448 1715 3500 seq.
1829 3439 1896 3487 14
1936 3433 2098 3502 Diog.
2127 3434 2222 3503 IX,
2256 3442 2350 3491 111
2391 3438 2503 3492 τῶν

212 3514 278 3570 δὲ
318 3516 514 3571 σίλλων
550 3514 677 3581 τρία
718 3509 868 3568 ἐστίν
905 3528 1019 3581 seq.
2529 3576 2533 3581 ,
2582 3518 2588 3527 “

354 3592 537 3649 DCCC
577 3609 684 3649 om.
716 3594 989 3649 Westerm.
1054 3591 1293 3647 Addidit
1329 3592 1527 3648 Suidas
1565 3608 1634 3647 ex
1660 3590 1822 3661 Diog.
1852 3590 1956 3660 IX,
1988 3598 2109 3661 112,
2146 3594 2293 3649 unde
2330 3597 2504 3652 verba

211 3673 272 3729 οἱ
311 3674 377 3729 δὲ
425 3668 736 3743 φεύγοντες
781 3676 878 3743 (sc.
916 3669 1021 3742 τὴν
1069 3674 1433 3742 φιλοσοφίαν)
1482 3667 1752 3741 καθάπερ
1798 3670 1898 3725 καὶ
1943 3668 1973 3727 5
2018 3673 2210 3742 Τίμων
2257 3676 2355 3742 (sc.
2404 3675 2502 3729 καὶ

213 3754 401 3825 ἕτερος
442 3758 504 3812 Τ.
543 3749 572 3809 5
613 3751 1034 3823 μισάνθρωπος)
1073 3753 1152 3807 sic
1189 3753 1433 3808 mutavit
1469 3747 1967 3823 ἀποστρεφόμενος
2002 3753 2192 3807 πᾶσαν
2232 3754 2449 3823 αἵρεσιν

354 3833 566 3890 DCCCI
603 3851 710 3889 om.
744 3834 1015 3889 Westerm.
1075 3831 1307 3902 Legitur
1343 3832 1405 3887 in
1441 3850 1616 3902 marg.
1647 3837 1706 3887 V.
1773 3833 1889 3888 Aut
1923 3833 2164 3887 frustum
2202 3833 2353 3888 vitae
2388 3834 2498 3889 He·

215 3914 512 3985 sychianae
541 3915 643 3980 est,
681 3915 797 3982 aut,
828 3912 975 3982 quod
1003 3928 1107 3981 ego
1136 3913 1401 3982 suspicor,
1429 3929 1498 3968 ex
1527 3911 1679 3967 Suid.
1709 3930 1760 3966 v.
1787 3906 2035 3977 Ἀκάκιος
2062 3914 2313 3968 extrema
2338 3916 2499 3984 parte

218 4013 250 4049 a
285 3994 494 4049 lectore
529 3985 816 4049 insertum.
882 3992 962 4049 Cf.
993 3990 1207 4062 Eunap.
1236 3993 1262 4045 I
1288 4013 1343 4064 p.
1375 4000 1460 4063 72,
1497 3994 1551 4047 Π
1587 4011 1643 4063 p.
1673 3997 1777 4047 300
1805 3991 1980 4048 Boias,

353 4072 591 4129 DCOCII
630 4072 708 4129 cf.
741 4072 893 4129 Suid.
921 4090 974 4128 v.
1004 4070 1346 4141 Σενητόνιος
1382 4105 1448 4114 -
1476 4068 1777 4143 Ῥωμαῖος,
1814 4091 1980 4142 quem
2018 4073 2285 4145 expunxit
2320 4074 2496 4131 Bern-

211 4155 401 4225 hardy.
468 4152 699 4208 Tractat
733 4150 1158 4219 Reifferscheid,
1199 4152 1423 4210 Sueton.
1471 4154 1569 4209 rel.
1608 4172 1662 4223 p.
1693 4153 1875 4207 XVIII
1920 4156 1977 4209 et
2011 4173 2064 4224 p.
2096 4160 2200 4209 476
2231 4172 2370 4224 seq.;
2423 4157 2496 4211 cf.

212 4250 350 4305 quae
389 4232 504 4287 dixi
529 4232 670 4288 Mus.
701 4232 876 4288 Rhen.
907 4232 1142 4287 XXXVI
1167 4251 1221 4302 p.
1254 4241 1357 4289 319
1477 4239 1543 4287 19
1583 4228 1927 4301 Σευητόνιος
1953 4235 2099 4304 vuly.
2137 4232 2498 4303 Σουητώνιος

211 4331 338 4385 pars
377 4313 501 4367 edd.
647 4318 715 4365 20
755 4312 823 4367 de
861 4313 1133 4380 παιδιῶν,
1175 4314 1326 4383 quod
1362 4313 1620 4367 laudavit
1644 4313 1978 4368 Eustathius
2007 4313 2108 4368 Od.
2146 4333 2199 4384 p.
2235 4321 2390 4382 139⁷,
2426 4316 2495 4371 cf.

210 4392 490 4460 Meineke,
536 4390 698 4445 Anal.
737 4411 791 4461 p.
833 4396 934 4447 132
1097 4397 1164 4445 21
1211 4393 1340 4459 περὶ
1387 4394 1498 4448 τῶν
1542 4388 1681 4463 παρ’
1724 4388 1865 4449 Ἑλλ.
1912 4395 2067 4450 παιδ.
2117 4394 2209 4450 καὶ
2258 4391 2496 4465 ἀγώνων
