3025 4892
417 184 442 204 ⁹
509 215 594 278 52
1430 211 1859 272 HESYGHIUS.

506 377 624 454 δος
669 381 821 461 βίον
869 377 942 444 ἐν
988 379 1272 462 βιβλίοις
1318 377 1401 462 γ’.
1477 367 1674 456 οὗτος
1719 380 1965 463 ἔγραψε
2010 375 2135 461 τὴν
2181 378 2522 442 πολιτείαν
2569 381 2815 460 Σπαρ-

504 485 769 552 τιατῶν.
845 483 980 565 [καὶ
1019 482 1228 570 νόμος
1265 484 1460 570 ἐτέθη
1501 484 1575 550 έν
1624 487 2081 569 Λακεδαίμονι
2117 479 2278 550 καθ’
2332 484 2609 548 ἕκαστον
2660 483 2822 558 ἔτος

504 583 1089 674 ἀναγινώσκεσθαι
1138 588 1257 658 τὸν
1293 589 1502 676 λόγον
1552 593 1646 669 είς
1690 588 1764 658 τὸ
1812 593 1947 658 τῶν
1996 588 2264 677 ἐφόρων
2310 586 2599 676 ἀρχεῖον,
2645 585 2822 664 τοὺς

507 691 582 760 δὲ
617 692 739 781 τὴν
778 692 1101 783 ἡβητικὴν
1139 701 1410 784 ἔχοντας
1445 693 1716 783 ἡλικίαν
1752 693 2153 783 ἀκροᾶσθαι.
2225 695 2337 762 καὶ
2373 698 2568 763 τοῦτο
2608 693 2821 782 ἐκρά-

451 821 477 862 6
504 821 661 888 τησε
706 802 897 890 μέχρι
943 806 1240 886 πολλοῦ.]

579 935 586 944 ·
684 907 806 978 CC.
882 908 1419 994 Δικαιογένης
1476 905 1722 996 [ὄνομα
1776 908 2049 996 κύριον,
2108 905 2208 994 ὃς]
2268 912 2639 999 τραγῳδίας
2698 909 2821 975 καὶ

504 1012 973 1099 διθυράμβους
1021 1019 1328 1101 ἔγραψεν.

681 1121 836 1189 CCI.
895 1126 1190 1202 Δίκτυς
1233 1120 1583 1210 ἱστορικός.
1632 1125 1929 1210 ἔγραψεν
1970 1123 2337 1208 ἐφημερίδα
2384 1123 2550 1209 (ἔστι
2599 1122 2678 1188 δε
2733 1120 2821 1190 τὰ

504 1223 658 1312 μεθ’
702 1225 996 1316 Ὅμηρον
1042 1228 1508 1314 καταλογάδην
1558 1229 1631 1296 ἐν
1669 1233 1956 1314 βιβλίοις
1992 1228 2125 1318 θ’),
2174 1226 2450 1315 Ἰλιακά,
2496 1233 2826 1315 Τρωικοῦ

426 1363 476 1402 ιο
506 1332 894 1422 διακόσμου.
979 1326 1186 1430 οὗτος.
1233 1340 1480 1423 ἔγραψε
1535 1334 1616 1402 τὰ
1672 1335 1821 1420 περὶ
1878 1338 1993 1422 τῆς
2040 1333 2340 1424 ἁρπαγῆς
2375 1333 2645 1422 Ἑλένης
2694 1336 2824 1403 καὶ

502 1439 652 1528 περὶ
699 1440 1060 1512 Μενελάου
1096 1445 1206 1512 καὶ
1252 1443 1468 1530 πάσης
1505 1440 1794 1529 Ἰλιακῆς
1837 1441 2241 1523 ὑποθέσεως.

684 1546 816 1635 [ὅτι
852 1551 955 1618 ἐπὶ
985 1554 1336 1619 Κλαυδίου
1363 1554 1480 1637 τῆς
1508 1552 1777 1636 Κρήτης
1806 1546 1935 1618 ὑπὸ
1965 1555 2245 1636 σεισμοῦ
2273 1555 2819 1638 κατενεχθείσης,

503 1657 611 1724 καὶ
665 1660 933 1726 πολλῶν
993 1657 1229 1744 τάφων
1277 1654 1793 1744 άνεωχθέντων,
1852 1655 2098 1746 εὑρέθη
2147 1659 2220 1725 ἐν
2271 1659 2372 1726 ἑνὶ
2419 1657 2683 1726 τούτων
2706 1656 2815 1726 -τό

503 1761 850 1852 σύνταγμα
900 1767 1016 1851 τῆς
1056 1767 1349 1851 ἱστορίας
1388 1769 1701 1848 Δίκτυος,
1751 1762 1874 1832 τὸν
1921 1762 2223 1852 Τρωικὸν
2267 1765 2575 1853 περιέχον
2613 1765 2820 1833 πόλε-

426 1895 476 1936 15
507 1895 660 1956 μον,
709 1866 870 1959 ὅπερ
918 1868 1144 1957 λαβὼν
1192 1872 1535 1950 Κλαύδιος
1581 1871 1854 1951 ἐξέδωκε
1900 1870 2329 1959 γράφεσθαι.]

654 2126 686 2174 2
725 2121 863 2176 haec
902 2119 1126 2176 aliunde
1163 2119 1386 2175 fluxisse
1424 2119 1656 2188 exposui
1692 2119 1833 2174 Mus.
1872 2120 2049 2175 Rhen.
2086 2120 2296 2176 XXXV
2331 2140 2384 2191 p.
2424 2127 2527 2176 209

652 2199 736 2255 CC
777 2201 927 2256 Eud.
965 2219 1019 2270 p.
1060 2206 1179 2256 228.
1247 2199 1326 2254 Of.
1359 2200 1687 2268 Harpocrat.
1716 2217 1755 2255 s.
1786 2219 1857 2269 v.,
1896 2218 2061 2269 quem
2100 2201 2413 2271 Hesychius
2450 2201 2568 2256 sive
2606 2200 2822 2256 Suidas

505 2280 835 2350 compilavit
1015 2287 1046 2334 6
1085 2274 1148 2343 ὃς
1184 2279 1383 2335 melius
1424 2297 1531 2336 om.
1572 2278 1722 2333 Eud.
1763 2282 2079 2350 τραγῳδίας
2115 2275 2280 2342 οὗτος
2320 2277 2555 2350 ποιητής
2591 2282 2819 2352 Harpo-

506 2363 642 2417 crat.
685 2362 957 2416 Westerm.

647 2439 758 2497 CCI
796 2442 946 2497 Eud.
986 2461 1038 2512 p.
1071 2447 1166 2496 221
1202 2441 1260 2494 in
1289 2439 1482 2494 multis
1511 2439 1855 2510 discrepans,
1900 2458 2139 2511 quacum
2170 2441 2453 2510 conspirat
2480 2440 2600 2496 cod.
2630 2440 2816 2499 Paris.

503 2527 642 2576 2600
681 2523 830 2591 apud
861 2524 1059 2579 Miller.
1119 2521 1338 2590 Periple
1375 2538 1428 2589 p.
1468 2525 1590 2575 311.
1659 2518 1739 2574 Cf.
1782 2521 1985 2576 Zonar.
2024 2540 2078 2590 p.
2112 2528 2229 2578 507.
2286 2518 2602 2574 Librarium
2640 2522 2816 2577 huius

503 2602 709 2658 codicis
748 2621 815 2658 ex
853 2603 1100 2658 Violario
1139 2620 1240 2657 sua
1276 2601 1526 2656 hausisse
1574 2600 1688 2654 dixi
1725 2601 1943 2655 Unters.
1982 2619 2035 2670 p.
2077 2606 2161 2655 91.
2237 2599 2586 2655 Contrarium
2628 2604 2814 2669 putat

501 2713 570 2723 —
609 2683 670 2735 at
705 2681 932 2737 minime
979 2683 1243 2754 probavit
1289 2714 1354 2721 —
1396 2682 1577 2736 Pulch
1618 2698 1674 2749 p.
1714 2685 1783 2734 54
1812 2696 1926 2749 seq.
1999 2680 2257 2735 Ceterum
2308 2680 2457 2749 quod
2500 2681 2655 2749 apud
2700 2681 2813 2751 Cy-

501 2763 631 2816 riac.
661 2763 990 2818 Anconitan.
1018 2763 1360 2833 Epigramm.
1382 2763 1587 2831 repert.
1618 2776 1717 2829 per
1744 2759 1991 2828 Illyriam
2019 2778 2073 2830 p.
2096 2759 2356 2814 XXXXII
2378 2759 2611 2828 (Romae
2637 2764 2809 2830 1645)

501 2841 710 2912 legitur
741 2844 980 2905 Δίκτυος
1014 2838 1048 2912 ἢ
1080 2841 1300 2898 Ὀδίτου
1331 2844 1644 2912 significare
1674 2839 1817 2893 illud
1856 2834 2070 2903 ὄπαδὸς
2104 2836 2267 2910 Ἰδομ.
2298 2839 2585 2895 Eudooiae
2614 2843 2813 2911 suspi-

503 2925 660 2977 catus
691 2924 775 2978 est
795 2923 977 2994 Daub.
1025 2925 1077 2978 N
1081 2941 1143 2980 ec
1173 2925 1352 2994 magis
1381 2921 1748 2994 probabiliter
1780 2921 1958 2974 Pulch
1987 2940 2039 2989 p.
2072 2927 2139 2975 58
2170 2916 2233 2975 Ὁ
2269 2921 2424 2988 δίτης
2453 2919 2590 2973 olim
2627 2939 2735 2990 pro
2771 2917 2804 2975 ὃ

505 3005 712 3066 Δίκτυς
741 3005 1011 3074 scriptum
1039 3003 1210 3060 fuisse
1238 3005 1465 3074 putavit
1491 3003 1618 3058 coll.
1650 3000 1769 3056 cod.
1792 2999 2058 3055 Bernensi
2086 3001 2234 3070 apud
2262 2999 2408 3054 Dict.
2441 2999 2526 3054 ed.
2552 3000 2810 3060 Meister.

506 3101 553 3152 p.
585 3082 634 3136 V
743 3087 776 3136 8
814 3078 1030 3145 ὀπαδός
1064 3079 1387 3154 Ἰδομενέως
1416 3083 1541 3137 add.
1564 3081 1714 3134 Eud.
1748 3076 2097 3149 ἐφημερίδας
2126 3099 2193 3134 ex
2222 3080 2406 3135 Schol.
2440 3081 2498 3134 in
2524 3080 2805 3153 Hermog.

502 3169 536 3216 4
563 3183 615 3234 p.
647 3168 714 3217 43
754 3163 894 3217 rhet.
933 3181 1014 3232 gr.
1056 3162 1197 3217 coni.
1237 3164 1519 3218 Meursius
1557 3159 1639 3216 ἔτι
1676 3157 1740 3214 δὲ
1778 3166 1902 3214 vat.
1941 3166 2210 3231 Posi-son„
2250 3163 2398 3232 quod
2438 3162 2810 3216 commendat

501 3244 792 3298 KusteruS.
835 3242 1120 3297 -Codicum
1161 3243 1327 3297 lectio
1368 3260 1532 3296 sensu
1569 3258 1693 3295 cum
1726 3243 1939 3309 careat,
1977 3241 2135 3296 varia
2161 3241 2410 3297 remedia
2445 3242 2816 3296 tentaverunt

504 3322 708 3377 critici:
760 3319 1075 3392 έφημερίδα
1115 3320 1252 3391 (ἔστι
1283 3321 1346 3378 δὲ
1378 3319 1445 3377 τὰ
1480 3316 1619 3393 μεθ’
1648 3318 1897 3390 ’Όμηρον
1925 3320 2321 3392 καταλογάδην
2359 3317 2421 3376 έν
2451 3321 2685 3392 βιβλίοις
2715 3319 2809 3390 θ’,

498 3397 726 3469 Ἰλιακά)
770 3402 1025 3470 Τρωικοῦ
1064 3397 1377 3472 διακόσμου
1415 3403 1744 3458 Perizonius
1782 3396 2125 3470 έφημερίδα,
2176 3400 2257 3456 ἔτι
2304 3400 2369 3456 δὲ
2412 3433 2481 3442 --
2518 3397 2729 3455 Ἰλιακὰ
2772 3395 2807 3470 ἢ

502 3480 630 3550 περὶ
657 3484 855 3548 Τρωικ.
880 3484 1028 3537 διακ.
1046 3483 1335 3551 Kusterus,
1372 3479 1689 3553 έφημερίδα
1724 3482 1980 3550 Τρωικοῦ
2000 3478 2340 3553 διακόσμου·
2373 3480 2487 3536 ἔστι
2507 3479 2570 3535 δὲ
2588 3476 2805 3536 Ἰλιακά

502 3557 570 3616 τὰ
601 3557 739 3632 μεθ’
766 3556 1010 3632 ’Όμηρον
1040 3563 1138 3616 καὶ
1166 3559 1235 3617 τὰ
1266 3563 1393 3632 περὶ
1421 3564 1518 3632 τῆς
1549 3560 2167 3634 ἆρπαγῆς-Βσνηὴανάῃ
2275 3570 2308 3617 9
2336 3557 2478 3617 καθ’
2506 3555 2628 3631 Ὅμ.
2660 3562 2804 3616 Gut-

501 3644 709 3698 schmid
777 3638 983 3697 Ἰλιακὰ
1020 3661 1121 3713 pro
1158 3638 1392 3698 Ἰταλικὰ
1430 3661 1569 3698 corr.
1610 3644 1723 3699 Leo
1757 3645 2004 3699 Allatius
2080 3648 2175 3711 Τρ.
2216 3638 2529 3713 διακόσμου
2555 3639 2624 3696 θ’
2662 3641 2807 3697 Gut-

500 3725 706 3779 schmid
841 3729 910 3777 10
936 3724 1079 3777 hanc
1107 3722 1445 3778 narrationis
1475 3722 1711 3778 formam
1742 3723 2082 3793 Hesychium
2112 3741 2225 3778 non
2263 3724 2460 3778 decere
2497 3722 2613 3776 dixi
2646 3722 2721 3776 ad
2754 3741 2804 3779 v.

502 3799 834 3872 Ἀνακρέων,
877 3804 1222 3874 Δικαίαρχος
1251 3805 1321 3858 al.
1438 3810 1500 3857 12
1539 3807 1747 3867 Δίκτυς
1782 3805 1992 3859 lemma
2019 3804 2256 3858 iteratur
2282 3804 2341 3858 in
2370 3804 2527 3858 codd.
2567 3797 2656 3857 ὅτι
2683 3819 2803 3872 seq.

501 3885 580 3938 sic
627 3885 698 3939 ab
740 3883 1016 3951 Hesychio
1064 3884 1264 3953 exponi
1308 3900 1420 3938 non
1467 3884 1752 3954 poterant,
1799 3883 2033 3937 meliora
2079 3887 2331 3953 praestat
2366 3884 2547 3938 Eud..
2534 3906 2547 3918 ·
2594 3880 2805 3938 τούτου

505 3961 718 4032 ἱστορία
751 3959 967 4032 εὑρέθη
999 3960 1091 4017 ἐπὶ
1122 3965 1428 4033 Κλαυδιᾞου
1457 3959 1517 4016 οἷ
1541 3958 1598 4016 δ’
1632 3958 1724 4017 ἐπὶ
1758 3964 2041 4031 Νέρωνος,
2078 3963 2349 4036 βασιλέως
2368 3960 2673 4035 Ρωμαιᾝων
2700 3965 2807 4034 τῆς

503 4041 728 4139 Κρήτης
765 4039 876 4098 υπὸ
921 4044 1150 4115 σεισμοῦ
1189 4045 1629 4114 κατενεχθείσης
1666 4046 1765 4099 καὶ
1801 4044 2018 4099 πολλῶν
2054 4045 2338 4115 μνημείων
2373 4039 2807 4114 άνεωχθέντων,

503 4144 583 4177 ων
625 4121 687 4178 ἐν
729 4120 816 4178 ἕνὶ
856 4144 1054 4193 ευρητο
1084 4123 1473 4196 γεγραμμένον
1511 4126 1725 4196 βιβλίον
1765 4122 2052 4195 γράμμασι
2081 4125 2359 4177 Φοινίκων
2388 4121 2487 4176 καὶ
2513 4125 2805 4192 μεθερμη-

503 4201 688 4273 νεύθη
731 4200 792 4258 έν
829 4205 897 4274 τῇ
932 4201 1135 4276 Ἀττικῇ
1174 4202 1414 4275 γλώσσῃ,
1461 4202 1735 4274 πεμφθεν
1770 4205 1846 4275 τῷ
1888 4207 2129 4273 βασιλει,
2180 4194 2247 4256 οὗ
2295 4202 2371 4275 τῷ
2418 4197 2806 4271 προστάγματι

505 4279 865 4352 Σεπτημῖνός
900 4305 982 4347 τις
1012 4280 1304 4354 Ρωμαῖος,
1343 4279 1522 4352 σοφὸς
1560 4281 1839 4354 ἑκατέραν
1868 4281 1971 4354 τὴν
2000 4285 2279 4353 γλῶτταν,
2320 4281 2399 4347 εἰς
2434 4279 2537 4353 τὴν
2567 4278 2802 4354 Ρωμαϊ·

505 4357 613 4428 κὴν
653 4358 854 4428 φωνὴν
894 4360 1238 4432 μετήνεγκεν
1370 4370 1433 4417 12
1475 4359 1572 4417 ἐπὶ
1598 4366 1881 4436 Κλταδίου
1909 4369 2029 4420 Alci.
2166 4370 2235 4418 14
2272 4360 2549 4435 περιέχων
2575 4367 2621 4415 Δ
