<?xml version="1.0" encoding="UTF-8"?>
<!DOCTYPE html PUBLIC "-//W3C//DTD XHTML 1.0 Transitional//EN"
    "http://www.w3.org/TR/xhtml1/DTD/xhtml1-transitional.dtd">
<html xmlns="http://www.w3.org/1999/xhtml" xml:lang="en" lang="en">
 <head>
  <title>
</title>
<meta http-equiv="Content-Type" content="text/html;charset=utf-8" />
  <meta name='ocr-system' content='tesseract 3.04.00' />
  <meta name='ocr-capabilities' content='ocr_page ocr_carea ocr_par ocr_line ocrx_word'/>
</head>
<body>
  <div class='ocr_page' id='page_1' title='image "./hesychiimilesii04flacgoog_0104.png"; bbox 0 0 3025 4892; ppageno 0'>
   <div class='ocr_carea' id='block_1_1' title="bbox 556 205 1907 270">
    <p class='ocr_par' dir='ltr' id='par_1_1' title="bbox 556 205 1907 270">
     <span class='ocr_line' id='line_1_1' title="bbox 556 205 1907 270; baseline 0.002 -14"><span class='ocrx_word' id='word_1_1' title='bbox 556 207 641 270; x_wconf 83' lang='lat'><strong><em>26</em></strong></span> <span class='ocrx_word' id='word_1_2' title='bbox 1479 205 1907 260; x_wconf 79' lang='lat' dir='ltr'>HESYCHIUS.</span> 
     </span>
    </p>
   </div>
   <div class='ocr_carea' id='block_1_2' title="bbox 472 365 2831 2809">
    <p class='ocr_par' dir='ltr' id='par_1_2' title="bbox 551 365 2831 564">
     <span class='ocr_line' id='line_1_2' title="bbox 729 365 2831 454; baseline 0 -20"><span class='ocrx_word' id='word_1_3' title='bbox 729 369 962 436; x_wconf 86' lang='lat' dir='ltr'>XCIII.</span> <span class='ocrx_word' id='word_1_4' title='bbox 1001 366 1551 454; x_wconf 78' lang='grc' dir='ltr'><strong><em>Ἀριστογένης</em></strong></span> <span class='ocrx_word' id='word_1_5' title='bbox 1578 370 1860 446; x_wconf 79' lang='grc' dir='ltr'><em>Κνίδιος</em></span> <span class='ocrx_word' id='word_1_6' title='bbox 1888 365 2137 452; x_wconf 80' lang='grc' dir='ltr'><strong><em>ἰατρός,</em></strong></span> <span class='ocrx_word' id='word_1_7' title='bbox 2174 370 2421 445; x_wconf 83' lang='grc' dir='ltr'><strong><em>δοῦλος</em></strong></span> <span class='ocrx_word' id='word_1_8' title='bbox 2449 373 2831 454; x_wconf 82' lang='grc' dir='ltr'><strong><em>Χρυσίππου</em></strong></span> 
     </span>
     <span class='ocr_line' id='line_1_3' title="bbox 551 472 2829 564; baseline -0 -22"><span class='ocrx_word' id='word_1_9' title='bbox 551 479 676 542; x_wconf 82' lang='grc' dir='ltr'><strong><em>τοῦ</em></strong></span> <span class='ocrx_word' id='word_1_10' title='bbox 721 474 1126 561; x_wconf 82' lang='grc' dir='ltr'><strong><em>φιλοσόφου,</em></strong></span> <span class='ocrx_word' id='word_1_11' title='bbox 1175 474 1526 560; x_wconf 80' lang='grc' dir='ltr'><strong><em>ἰάτρευσεν</em></strong></span> <span class='ocrx_word' id='word_1_12' title='bbox 1556 472 1919 563; x_wconf 73' lang='grc' dir='ltr'><strong><em>Ἀντιγόνῳ</em></strong></span> <span class='ocrx_word' id='word_1_13' title='bbox 1964 477 2057 564; x_wconf 76' lang='grc' dir='ltr'><strong><em>τῷ</em></strong></span> <span class='ocrx_word' id='word_1_14' title='bbox 2094 475 2525 560; x_wconf 76' lang='grc' dir='ltr'><strong><em>ἐπικληθέντι</em></strong></span> <span class='ocrx_word' id='word_1_15' title='bbox 2562 477 2829 562; x_wconf 82' lang='grc' dir='ltr'><strong><em>Γονατᾷ.</em></strong></span> 
     </span>
    </p>

    <p class='ocr_par' dir='ltr' id='par_1_3' title="bbox 554 577 2831 776">
     <span class='ocr_line' id='line_1_4' title="bbox 729 577 2831 668; baseline -0.001 -20"><span class='ocrx_word' id='word_1_16' title='bbox 729 584 962 650; x_wconf 90' lang='lat' dir='ltr'>XCIV.</span> <span class='ocrx_word' id='word_1_17' title='bbox 1011 578 1593 668; x_wconf 85' lang='grc' dir='ltr'><strong><em>Ἀριστόδημος.</em></strong></span> <span class='ocrx_word' id='word_1_18' title='bbox 1654 580 1975 666; x_wconf 80' lang='grc' dir='ltr'><strong><em>ἐπιτομὴν</em></strong></span> <span class='ocrx_word' id='word_1_19' title='bbox 2019 583 2137 666; x_wconf 89' lang='grc' dir='ltr'><strong><em>τῆς</em></strong></span> <span class='ocrx_word' id='word_1_20' title='bbox 2180 579 2490 648; x_wconf 80' lang='grc' dir='ltr'><strong><em>καθόλου</em></strong></span> <span class='ocrx_word' id='word_1_21' title='bbox 2526 577 2831 666; x_wconf 59' lang='grc' dir='ltr'><strong><em>εΗρωδιοι-</em></strong></span> 
     </span>
     <span class='ocr_line' id='line_1_5' title="bbox 554 687 1602 776; baseline 0 -20"><span class='ocrx_word' id='word_1_22' title='bbox 554 693 682 756; x_wconf 82' lang='grc' dir='ltr'><strong><em>νοῦ</em></strong></span> <span class='ocrx_word' id='word_1_23' title='bbox 731 694 1034 776; x_wconf 81' lang='grc' dir='ltr'><strong><em>[ἔγραψε]</em></strong></span> <span class='ocrx_word' id='word_1_24' title='bbox 1079 687 1251 776; x_wconf 87' lang='grc' dir='ltr'><strong><em>πρὸς</em></strong></span> <span class='ocrx_word' id='word_1_25' title='bbox 1299 690 1602 756; x_wconf 90' lang='grc' dir='ltr'><strong><em>Δαναόν.</em></strong></span> 
     </span>
    </p>

    <p class='ocr_par' dir='ltr' id='par_1_4' title="bbox 553 793 2829 1097">
     <span class='ocr_line' id='line_1_6' title="bbox 731 793 2829 884; baseline -0.001 -22"><span class='ocrx_word' id='word_1_26' title='bbox 731 796 927 864; x_wconf 85' lang='lat' dir='ltr'>XCV.</span> <span class='ocrx_word' id='word_1_27' title='bbox 993 793 1499 884; x_wconf 75' lang='grc' dir='ltr'><strong><em>Ἀριστοκλῆς</em></strong></span> <span class='ocrx_word' id='word_1_28' title='bbox 1556 793 2041 881; x_wconf 80' lang='grc' dir='ltr'><strong><em>Λαμψακηνός,</em></strong></span> <span class='ocrx_word' id='word_1_29' title='bbox 2096 793 2471 880; x_wconf 90' lang='grc' dir='ltr'><strong><em>φιλόσοφος</em></strong></span> <span class='ocrx_word' id='word_1_30' title='bbox 2526 795 2829 873; x_wconf 83' lang='grc' dir='ltr'><strong><em>Στωικός.</em></strong></span> 
     </span>
     <span class='ocr_line' id='line_1_7' title="bbox 553 902 2827 991; baseline -0.001 -21"><span class='ocrx_word' id='word_1_31' title='bbox 553 907 844 990; x_wconf 81' lang='grc' dir='ltr'><strong><em>ἔγραψεν</em></strong></span> <span class='ocrx_word' id='word_1_32' title='bbox 891 903 1202 991; x_wconf 76' lang='grc' dir='ltr'><strong><em>ἐξήγησιν</em></strong></span> <span class='ocrx_word' id='word_1_33' title='bbox 1247 909 1385 972; x_wconf 75' lang='grc' dir='ltr'><strong><em>τῶν</em></strong></span> <span class='ocrx_word' id='word_1_34' title='bbox 1421 909 1825 989; x_wconf 85' lang='grc' dir='ltr'><strong><em>Χρυσίππου</em></strong></span> <span class='ocrx_word' id='word_1_35' title='bbox 1860 902 2011 987; x_wconf 84' lang='grc' dir='ltr'><strong><em>περὶ</em></strong></span> <span class='ocrx_word' id='word_1_36' title='bbox 2048 905 2171 970; x_wconf 86' lang='grc' dir='ltr'><strong><em>τοῦ</em></strong></span> <span class='ocrx_word' id='word_1_37' title='bbox 2206 905 2347 981; x_wconf 74' lang='grc' dir='ltr'><strong><em>πῶς</em></strong></span> <span class='ocrx_word' id='word_1_38' title='bbox 2384 903 2623 970; x_wconf 79' lang='grc' dir='ltr'><strong><em>ἕκαστα</em></strong></span> <span class='ocrx_word' id='word_1_39' title='bbox 2660 903 2827 987; x_wconf 86' lang='grc' dir='ltr'><strong><em>λέγο-</em></strong></span> 
     </span>
     <span class='ocr_line' id='line_1_8' title="bbox 553 1008 1785 1097; baseline -0.001 -20"><span class='ocrx_word' id='word_1_40' title='bbox 553 1037 677 1097; x_wconf 86' lang='grc' dir='ltr'><strong><em>μεν</em></strong></span> <span class='ocrx_word' id='word_1_41' title='bbox 722 1011 836 1078; x_wconf 80' lang='grc' dir='ltr'><strong><em>καὶ</em></strong></span> <span class='ocrx_word' id='word_1_42' title='bbox 881 1010 1376 1097; x_wconf 80' lang='grc' dir='ltr'><strong><em>διανοούμεθα,</em></strong></span> <span class='ocrx_word' id='word_1_43' title='bbox 1421 1013 1652 1097; x_wconf 83' lang='grc' dir='ltr'><strong><em>βιβλία</em></strong></span> <span class='ocrx_word' id='word_1_44' title='bbox 1698 1008 1785 1076; x_wconf 84' lang='grc' dir='ltr'><strong><em>δ’.</em></strong></span> 
     </span>
    </p>

    <p class='ocr_par' dir='ltr' id='par_1_5' title="bbox 555 1114 2831 1311">
     <span class='ocr_line' id='line_1_9' title="bbox 730 1114 2831 1204; baseline -0 -21"><span class='ocrx_word' id='word_1_45' title='bbox 730 1117 966 1184; x_wconf 86' lang='lat' dir='ltr'>XCVI.</span> <span class='ocrx_word' id='word_1_46' title='bbox 1014 1115 1517 1203; x_wconf 82' lang='grc' dir='ltr'><strong><em>Ἀριστοκλῆς</em></strong></span> <span class='ocrx_word' id='word_1_47' title='bbox 1552 1118 1939 1203; x_wconf 83' lang='grc' dir='ltr'><strong><em>Μεσσήνιος</em></strong></span> <span class='ocrx_word' id='word_1_48' title='bbox 1981 1119 2100 1203; x_wconf 89' lang='grc' dir='ltr'><strong><em>τῆς</em></strong></span> <span class='ocrx_word' id='word_1_49' title='bbox 2129 1114 2429 1202; x_wconf 87' lang='grc' dir='ltr'><strong><em>Ἰταλίας,</em></strong></span> <span class='ocrx_word' id='word_1_50' title='bbox 2470 1115 2831 1204; x_wconf 89' lang='grc' dir='ltr'><strong><em>φιλόσοφος</em></strong></span> 
     </span>
     <span class='ocr_line' id='line_1_10' title="bbox 555 1222 2828 1311; baseline -0 -21"><span class='ocrx_word' id='word_1_51' title='bbox 555 1223 1100 1311; x_wconf 85' lang='grc' dir='ltr'><strong><em>Περιπατητικός.</em></strong></span> <span class='ocrx_word' id='word_1_52' title='bbox 1172 1226 1490 1306; x_wconf 79' lang='grc' dir='ltr'><strong><em>συνέταξε</em></strong></span> <span class='ocrx_word' id='word_1_53' title='bbox 1532 1224 1682 1310; x_wconf 83' lang='grc' dir='ltr'><strong><em>περὶ</em></strong></span> <span class='ocrx_word' id='word_1_54' title='bbox 1728 1230 2139 1310; x_wconf 82' lang='grc' dir='ltr'><strong><em>φιλοσοφίας</em></strong></span> <span class='ocrx_word' id='word_1_55' title='bbox 2173 1229 2400 1309; x_wconf 85' lang='grc' dir='ltr'><strong><em>βιβλία</em></strong></span> <span class='ocrx_word' id='word_1_56' title='bbox 2446 1222 2521 1310; x_wconf 85' lang='grc' dir='ltr'><strong><em>ι’,</em></strong></span> <span class='ocrx_word' id='word_1_57' title='bbox 2559 1222 2828 1310; x_wconf 84' lang='grc' dir='ltr'><strong><em>πότερον</em></strong></span> 
     </span>
    </p>

    <p class='ocr_par' dir='ltr' id='par_1_6' title="bbox 477 1327 2829 1634">
     <span class='ocr_line' id='line_1_11' title="bbox 477 1327 2829 1419; baseline -0.001 -22"><span class='ocrx_word' id='word_1_58' title='bbox 477 1350 529 1388; x_wconf 84' lang='lat'><strong><em>1⁰</em></strong></span> <span class='ocrx_word' id='word_1_59' title='bbox 557 1330 1078 1418; x_wconf 78' lang='grc' dir='ltr'><strong><em>σπουδαιότερος</em></strong></span> <span class='ocrx_word' id='word_1_60' title='bbox 1115 1329 1406 1419; x_wconf 84' lang='grc' dir='ltr'><strong><em>Ὅμηρος</em></strong></span> <span class='ocrx_word' id='word_1_61' title='bbox 1457 1327 1838 1416; x_wconf 85' lang='grc' dir='ltr'><strong><em>ἢ.Πλάτων</em></strong></span> <span class='ocrx_word' id='word_1_62' title='bbox 1896 1333 2267 1416; x_wconf 79' lang='grc' dir='ltr'><strong><em>[καταλέγει</em></strong></span> <span class='ocrx_word' id='word_1_63' title='bbox 2323 1330 2399 1400; x_wconf 75' lang='grc' dir='ltr'><strong><em>δὲ</em></strong></span> <span class='ocrx_word' id='word_1_64' title='bbox 2454 1332 2531 1398; x_wconf 81' lang='grc' dir='ltr'><strong><em>ἐν</em></strong></span> <span class='ocrx_word' id='word_1_65' title='bbox 2584 1329 2829 1407; x_wconf 79' lang='grc' dir='ltr'><strong><em>τούτοις</em></strong></span> 
     </span>
     <span class='ocr_line' id='line_1_12' title="bbox 550 1434 2828 1527; baseline -0.001 -25"><span class='ocrx_word' id='word_1_66' title='bbox 550 1435 802 1515; x_wconf 80' lang='grc' dir='ltr'><strong><em>πάντας</em></strong></span> <span class='ocrx_word' id='word_1_67' title='bbox 847 1436 1268 1524; x_wconf 81' lang='grc' dir='ltr'><strong><em>φιλοσόφους</em></strong></span> <span class='ocrx_word' id='word_1_68' title='bbox 1310 1438 1422 1505; x_wconf 81' lang='grc' dir='ltr'><strong><em>καὶ</em></strong></span> <span class='ocrx_word' id='word_1_69' title='bbox 1460 1436 1661 1518; x_wconf 81' lang='grc' dir='ltr'><strong><em>δόξας</em></strong></span> <span class='ocrx_word' id='word_1_70' title='bbox 1696 1434 1970 1526; x_wconf 76' lang='grc' dir='ltr'><strong><em>αὐτῶν].</em></strong></span> <span class='ocrx_word' id='word_1_71' title='bbox 2044 1442 2291 1523; x_wconf 84' lang='grc' dir='ltr'><strong><em>ἔγραψε</em></strong></span> <span class='ocrx_word' id='word_1_72' title='bbox 2328 1435 2403 1504; x_wconf 70' lang='grc' dir='ltr'><strong><em>δὲ</em></strong></span> <span class='ocrx_word' id='word_1_73' title='bbox 2439 1438 2551 1504; x_wconf 80' lang='grc' dir='ltr'><strong><em>καὶ</em></strong></span> <span class='ocrx_word' id='word_1_74' title='bbox 2591 1435 2828 1527; x_wconf 85' lang='grc' dir='ltr'><strong><em>Ιτέχνας</em></strong></span> 
     </span>
     <span class='ocr_line' id='line_1_13' title="bbox 551 1541 2302 1634; baseline 0 -24"><span class='ocrx_word' id='word_1_75' title='bbox 551 1544 934 1630; x_wconf 74' lang='grc' dir='ltr'><strong><em>ῥητορικάς,</em></strong></span> <span class='ocrx_word' id='word_1_76' title='bbox 981 1545 1132 1630; x_wconf 84' lang='grc' dir='ltr'><strong><em>περὶ</em></strong></span> <span class='ocrx_word' id='word_1_77' title='bbox 1181 1543 1635 1634; x_wconf 87' lang='grc' dir='ltr'><strong><em>ΣαράπιδοςΙ,</em></strong></span> <span class='ocrx_word' id='word_1_78' title='bbox 1679 1541 1889 1629; x_wconf 81' lang='grc' dir='ltr'><strong><em>ἠθικὰ</em></strong></span> <span class='ocrx_word' id='word_1_79' title='bbox 1934 1548 2162 1629; x_wconf 89' lang='grc' dir='ltr'><strong><em>βιβλία</em></strong></span> <span class='ocrx_word' id='word_1_80' title='bbox 2206 1545 2302 1610; x_wconf 81' lang='grc' dir='ltr'><strong><em>θ’.</em></strong></span> 
     </span>
    </p>

    <p class='ocr_par' dir='ltr' id='par_1_7' title="bbox 726 1648 2830 1738">
     <span class='ocr_line' id='line_1_14' title="bbox 726 1648 2830 1738; baseline -0 -20"><span class='ocrx_word' id='word_1_81' title='bbox 726 1653 990 1720; x_wconf 84' lang='lat' dir='ltr'>XCVII.</span> <span class='ocrx_word' id='word_1_82' title='bbox 1065 1649 1569 1737; x_wconf 79' lang='grc' dir='ltr'><strong><em>Ἀριστοκλῆς</em></strong></span> <span class='ocrx_word' id='word_1_83' title='bbox 1629 1649 2076 1738; x_wconf 89' lang='grc' dir='ltr'><strong><em>Περγαμηνὸς</em></strong></span> <span class='ocrx_word' id='word_1_84' title='bbox 2134 1650 2488 1738; x_wconf 85' lang='grc' dir='ltr'><strong><em>σοφιστής,</em></strong></span> <span class='ocrx_word' id='word_1_85' title='bbox 2551 1648 2830 1738; x_wconf 77' lang='grc' dir='ltr'><strong><em>γεγονὼς</em></strong></span> 
     </span>
    </p>

    <p class='ocr_par' dir='ltr' id='par_1_8' title="bbox 473 1755 2827 2058">
     <span class='ocr_line' id='line_1_15' title="bbox 552 1755 2827 1847; baseline 0 -23"><span class='ocrx_word' id='word_1_86' title='bbox 552 1761 664 1824; x_wconf 84' lang='grc' dir='ltr'><strong><em>ἐπί</em></strong></span> <span class='ocrx_word' id='word_1_87' title='bbox 693 1785 763 1826; x_wconf 90' lang='grc' dir='ltr'><strong><em>τε</em></strong></span> <span class='ocrx_word' id='word_1_88' title='bbox 807 1763 1146 1847; x_wconf 77' lang='grc' dir='ltr'><strong><em>Τραϊανοῦ</em></strong></span> <span class='ocrx_word' id='word_1_89' title='bbox 1181 1758 1292 1825; x_wconf 82' lang='grc' dir='ltr'><strong><em>καὶ</em></strong></span> <span class='ocrx_word' id='word_1_90' title='bbox 1325 1756 1702 1845; x_wconf 85' lang='grc' dir='ltr'><strong><em>Ἀδριανοῦ.</em></strong></span> <span class='ocrx_word' id='word_1_91' title='bbox 1780 1759 2020 1844; x_wconf 83' lang='grc' dir='ltr'><strong><em>τέχνην</em></strong></span> <span class='ocrx_word' id='word_1_92' title='bbox 2058 1757 2441 1846; x_wconf 72' lang='grc' dir='ltr'><strong><em>ῥητορικήν,</em></strong></span> <span class='ocrx_word' id='word_1_93' title='bbox 2481 1755 2827 1840; x_wconf 83' lang='grc' dir='ltr'><strong><em>ἐπιστολάς,</em></strong></span> 
     </span>
     <span class='ocr_line' id='line_1_16' title="bbox 473 1861 2825 1962; baseline -0 -31"><span class='ocrx_word' id='word_1_94' title='bbox 473 1885 525 1924; x_wconf 82' lang='lat'><strong><em>1⁵</em></strong></span> <span class='ocrx_word' id='word_1_95' title='bbox 551 1864 700 1951; x_wconf 83' lang='grc' dir='ltr'><strong><em>περὶ</em></strong></span> <span class='ocrx_word' id='word_1_96' title='bbox 755 1867 1110 1951; x_wconf 81' lang='grc' dir='ltr'><strong><em>ῥητορικῆς</em></strong></span> <span class='ocrx_word' id='word_1_97' title='bbox 1154 1869 1380 1950; x_wconf 89' lang='grc' dir='ltr'><strong><em>βιβλία</em></strong></span> <span class='ocrx_word' id='word_1_98' title='bbox 1426 1862 1507 1949; x_wconf 87' lang='grc' dir='ltr'><strong><em>ε’,</em></strong></span> <span class='ocrx_word' id='word_1_99' title='bbox 1555 1865 1855 1950; x_wconf 82' lang='grc' dir='ltr'><strong><em>μελέτας,</em></strong></span> <span class='ocrx_word' id='word_1_100' title='bbox 1914 1861 2081 1950; x_wconf 87' lang='grc' dir='ltr'><strong><em>πρὸς</em></strong></span> <span class='ocrx_word' id='word_1_101' title='bbox 2123 1863 2246 1932; x_wconf 90' lang='grc' dir='ltr'><strong><em>τόν</em></strong></span> <span class='ocrx_word' id='word_1_102' title='bbox 2292 1866 2568 1962; x_wconf 80' lang='grc' dir='ltr'><strong><em>βασιλέα</em></strong></span> <span class='ocrx_word' id='word_1_103' title='bbox 2614 1864 2714 1933; x_wconf 86' lang='grc' dir='ltr'><strong><em>ἐπὶ</em></strong></span> <span class='ocrx_word' id='word_1_104' title='bbox 2756 1867 2825 1951; x_wconf 83' lang='grc' dir='ltr'><strong><em>τῇ</em></strong></span> 
     </span>
     <span class='ocr_line' id='line_1_17' title="bbox 555 1971 1458 2058; baseline 0 -20"><span class='ocrx_word' id='word_1_105' title='bbox 555 1971 942 2057; x_wconf 80' lang='grc' dir='ltr'><strong><em>διανεμήσει</em></strong></span> <span class='ocrx_word' id='word_1_106' title='bbox 987 1976 1114 2040; x_wconf 85' lang='grc' dir='ltr'><strong><em>τοῦ</em></strong></span> <span class='ocrx_word' id='word_1_107' title='bbox 1157 1976 1458 2058; x_wconf 84' lang='grc' dir='ltr'><strong><em>χρυσίου.</em></strong></span> 
     </span>
    </p>

    <p class='ocr_par' dir='ltr' id='par_1_9' title="bbox 550 2074 2823 2378">
     <span class='ocr_line' id='line_1_18' title="bbox 728 2074 2823 2165; baseline 0 -22"><span class='ocrx_word' id='word_1_108' title='bbox 728 2079 1025 2146; x_wconf 88' lang='lat' dir='ltr'>XCVIII.</span> <span class='ocrx_word' id='word_1_109' title='bbox 1074 2075 1632 2164; x_wconf 81' lang='grc' dir='ltr'><strong><em>Ἀριστομένης</em></strong></span> <span class='ocrx_word' id='word_1_110' title='bbox 1664 2074 2044 2164; x_wconf 83' lang='grc' dir='ltr'><strong><em>Ἀθηναῖος,</em></strong></span> <span class='ocrx_word' id='word_1_111' title='bbox 2088 2076 2378 2165; x_wconf 89' lang='grc' dir='ltr'><strong><em>κωμικὸς</em></strong></span> <span class='ocrx_word' id='word_1_112' title='bbox 2412 2083 2551 2146; x_wconf 78' lang='grc' dir='ltr'><strong><em>τῶν</em></strong></span> <span class='ocrx_word' id='word_1_113' title='bbox 2588 2081 2823 2146; x_wconf 83' lang='grc' dir='ltr'><strong><em>ἐπιδευ-</em></strong></span> 
     </span>
     <span class='ocr_line' id='line_1_19' title="bbox 550 2175 2823 2275; baseline 0.001 -23"><span class='ocrx_word' id='word_1_114' title='bbox 550 2185 761 2272; x_wconf 87' lang='grc' dir='ltr'><strong><em>τέρων</em></strong></span> <span class='ocrx_word' id='word_1_115' title='bbox 818 2188 936 2270; x_wconf 90' lang='grc' dir='ltr'><strong><em>τῆς</em></strong></span> <span class='ocrx_word' id='word_1_116' title='bbox 984 2181 1262 2272; x_wconf 81' lang='grc' dir='ltr'><strong><em>ἀρχαίας</em></strong></span> <span class='ocrx_word' id='word_1_117' title='bbox 1306 2187 1687 2275; x_wconf 77' lang='grc' dir='ltr'><strong><em>κωμῳδίας,</em></strong></span> <span class='ocrx_word' id='word_1_118' title='bbox 1746 2189 1818 2251; x_wconf 83' lang='grc' dir='ltr'><strong><em>οἳ</em></strong></span> <span class='ocrx_word' id='word_1_119' title='bbox 1856 2175 2033 2270; x_wconf 79' lang='grc' dir='ltr'><strong><em>ἦσαν</em></strong></span> <span class='ocrx_word' id='word_1_120' title='bbox 2078 2185 2184 2251; x_wconf 80' lang='grc' dir='ltr'><strong><em>ἐπὶ</em></strong></span> <span class='ocrx_word' id='word_1_121' title='bbox 2231 2189 2365 2252; x_wconf 76' lang='grc' dir='ltr'><strong><em>τῶν</em></strong></span> <span class='ocrx_word' id='word_1_122' title='bbox 2412 2193 2823 2270; x_wconf 86' lang='grc' dir='ltr'><strong><em>Πελοποννη-</em></strong></span> 
     </span>
     <span class='ocr_line' id='line_1_20' title="bbox 553 2289 2303 2378; baseline 0 -19"><span class='ocrx_word' id='word_1_123' title='bbox 553 2296 839 2378; x_wconf 75' lang='grc' dir='ltr'><strong><em>σιακῶν,</em></strong></span> <span class='ocrx_word' id='word_1_124' title='bbox 887 2290 1254 2378; x_wconf 76' lang='grc' dir='ltr'><strong><em>ὀλυμπιάδι</em></strong></span> <span class='ocrx_word' id='word_1_125' title='bbox 1299 2290 1428 2371; x_wconf 83' lang='grc' dir='ltr'><strong><em>πζ’.</em></strong></span> <span class='ocrx_word' id='word_1_126' title='bbox 1522 2289 1856 2375; x_wconf 81' lang='grc' dir='ltr'><strong><em>ἐπεκλήθη</em></strong></span> <span class='ocrx_word' id='word_1_127' title='bbox 1904 2291 2303 2376; x_wconf 85' lang='grc' dir='ltr'><strong><em>Θυροποιός.</em></strong></span> 
     </span>
    </p>

    <p class='ocr_par' dir='ltr' id='par_1_10' title="bbox 472 2395 2822 2594">
     <span class='ocr_line' id='line_1_21' title="bbox 472 2395 2821 2488; baseline -0 -22"><span class='ocrx_word' id='word_1_128' title='bbox 472 2419 524 2456; x_wconf 80' lang='lat'><strong><em>2⁰</em></strong></span> <span class='ocrx_word' id='word_1_129' title='bbox 727 2401 954 2468; x_wconf 88' lang='lat' dir='ltr'>XCIX.</span> <span class='ocrx_word' id='word_1_130' title='bbox 996 2397 1537 2485; x_wconf 86' lang='grc' dir='ltr'><strong><em>Ἀριστόνικος</em></strong></span> <span class='ocrx_word' id='word_1_131' title='bbox 1561 2395 2029 2483; x_wconf 83' lang='grc' dir='ltr'><strong><em>Ἀλεξανδρεὺς</em></strong></span> <span class='ocrx_word' id='word_1_132' title='bbox 2065 2398 2533 2484; x_wconf 87' lang='grc' dir='ltr'><strong><em>γραμματικός.</em></strong></span> <span class='ocrx_word' id='word_1_133' title='bbox 2598 2405 2821 2488; x_wconf 80' lang='grc' dir='ltr'><strong><em>ἔγραψε</em></strong></span> 
     </span>
     <span class='ocr_line' id='line_1_22' title="bbox 550 2500 2822 2594; baseline -0.001 -21"><span class='ocrx_word' id='word_1_134' title='bbox 550 2507 699 2593; x_wconf 85' lang='grc' dir='ltr'><strong><em>περὶ</em></strong></span> <span class='ocrx_word' id='word_1_135' title='bbox 745 2512 881 2576; x_wconf 74' lang='grc' dir='ltr'><strong><em>τῶν</em></strong></span> <span class='ocrx_word' id='word_1_136' title='bbox 931 2513 1224 2594; x_wconf 87' lang='grc' dir='ltr'><strong><em>σημείων</em></strong></span> <span class='ocrx_word' id='word_1_137' title='bbox 1269 2508 1406 2574; x_wconf 74' lang='grc' dir='ltr'><strong><em>τῶν</em></strong></span> <span class='ocrx_word' id='word_1_138' title='bbox 1454 2506 1529 2572; x_wconf 84' lang='grc' dir='ltr'><strong><em>ἕν</em></strong></span> <span class='ocrx_word' id='word_1_139' title='bbox 1574 2500 2371 2594; x_wconf 40' lang='grc' dir='ltr'><strong><em>τῇ,θεογονίᾳ“Ησιόδου</em></strong></span> <span class='ocrx_word' id='word_1_140' title='bbox 2406 2507 2687 2573; x_wconf 79' lang='grc' dir='ltr'><strong><em>καὶτῶν</em></strong></span> <span class='ocrx_word' id='word_1_141' title='bbox 2723 2510 2822 2591; x_wconf 78' lang='grc' dir='ltr'><strong><em>τῆς</em></strong></span> 
     </span>
    </p>

    <p class='ocr_par' dir='ltr' id='par_1_11' title="bbox 547 2608 2819 2809">
     <span class='ocr_line' id='line_1_23' title="bbox 547 2608 2722 2698; baseline 0 -18"><span class='ocrx_word' id='word_1_142' title='bbox 547 2611 828 2692; x_wconf 80' lang='grc' dir='ltr'><strong><em>Ἰλιάδος</em></strong></span> <span class='ocrx_word' id='word_1_143' title='bbox 872 2613 983 2680; x_wconf 82' lang='grc' dir='ltr'><strong><em>καὶ</em></strong></span> <span class='ocrx_word' id='word_1_144' title='bbox 1025 2611 1439 2697; x_wconf 85' lang='grc' dir='ltr'><strong><em>Ὀδυσσείας,</em></strong></span> <span class='ocrx_word' id='word_1_145' title='bbox 1487 2608 1924 2678; x_wconf 77' lang='grc' dir='ltr'><strong><em>ἀσυντάκτων</em></strong></span> <span class='ocrx_word' id='word_1_146' title='bbox 1972 2609 2325 2697; x_wconf 75' lang='grc' dir='ltr'><strong><em>ὀνομάτων</em></strong></span> <span class='ocrx_word' id='word_1_147' title='bbox 2370 2618 2599 2698; x_wconf 88' lang='grc' dir='ltr'><strong><em>βιβλία</em></strong></span> <span class='ocrx_word' id='word_1_148' title='bbox 2646 2611 2722 2686; x_wconf 84' lang='grc' dir='ltr'><strong><em>ς’.</em></strong></span> 
     </span>
     <span class='ocr_line' id='line_1_24' title="bbox 731 2715 2819 2809; baseline -0 -23"><span class='ocrx_word' id='word_1_149' title='bbox 731 2720 800 2786; x_wconf 90' lang='lat' dir='ltr'><strong><em>C.</em></strong></span> <span class='ocrx_word' id='word_1_150' title='bbox 841 2717 1381 2803; x_wconf 80' lang='grc' dir='ltr'><strong><em>Ἀριστόξενος</em></strong></span> <span class='ocrx_word' id='word_1_151' title='bbox 1410 2715 1559 2796; x_wconf 83' lang='grc' dir='ltr'><strong><em>υίὸς</em></strong></span> <span class='ocrx_word' id='word_1_152' title='bbox 1586 2723 1908 2809; x_wconf 75' lang='grc' dir='ltr'><strong><em>Μνησίου</em></strong></span> <span class='ocrx_word' id='word_1_153' title='bbox 1934 2721 2057 2784; x_wconf 85' lang='grc' dir='ltr'><strong><em>τοῦ</em></strong></span> <span class='ocrx_word' id='word_1_154' title='bbox 2082 2718 2195 2785; x_wconf 81' lang='grc' dir='ltr'><strong><em>καὶ</em></strong></span> <span class='ocrx_word' id='word_1_155' title='bbox 2224 2718 2655 2806; x_wconf 86' lang='grc' dir='ltr'><strong><em>Σπινθάρου,</em></strong></span> <span class='ocrx_word' id='word_1_156' title='bbox 2682 2745 2819 2805; x_wconf 89' lang='grc' dir='ltr'><strong><em>μου·</em></strong></span> 
     </span>
    </p>
   </div>
   <div class='ocr_carea' id='block_1_3' title="bbox 552 2849 976 2856">
    <p class='ocr_par' dir='ltr' id='par_1_12' title="bbox 552 2849 976 2856">
     <span class='ocr_line' id='line_1_25' title="bbox 552 2849 976 2856; baseline 0 2036"><span class='ocrx_word' id='word_1_157' title='bbox 552 2849 976 2856; x_wconf 95' lang='lat' dir='ltr'><strong><em> </em></strong></span> 
     </span>
    </p>
   </div>
   <div class='ocr_carea' id='block_1_4' title="bbox 550 2913 2820 4411">
    <p class='ocr_par' dir='ltr' id='par_1_13' title="bbox 551 2913 2820 3068">
     <span class='ocr_line' id='line_1_26' title="bbox 693 2913 2820 2987; baseline -0 -19"><span class='ocrx_word' id='word_1_158' title='bbox 693 2914 869 2969; x_wconf 83' lang='grc' dir='ltr'>ΧΟΙΙΙ</span> <span class='ocrx_word' id='word_1_159' title='bbox 907 2916 1059 2972; x_wconf 80' lang='lat' dir='ltr'><strong><em>Eud.</em></strong></span> <span class='ocrx_word' id='word_1_160' title='bbox 1090 2936 1142 2987; x_wconf 88' lang='lat' dir='ltr'><strong><em>p.</em></strong></span> <span class='ocrx_word' id='word_1_161' title='bbox 1168 2920 1270 2970; x_wconf 91' lang='grc'><strong><em>110</em></strong></span> <span class='ocrx_word' id='word_1_162' title='bbox 1366 2921 1392 2968; x_wconf 92' lang='grc'><strong><em>1</em></strong></span> <span class='ocrx_word' id='word_1_163' title='bbox 1425 2915 1651 2976; x_wconf 73' lang='grc' dir='ltr'><strong><em>δοῦλοςε</em></strong></span> <span class='ocrx_word' id='word_1_164' title='bbox 1694 2913 2064 2980; x_wconf 73' lang='lat' dir='ltr'><strong><em>Wachsmuth,</em></strong></span> <span class='ocrx_word' id='word_1_165' title='bbox 2103 2913 2291 2982; x_wconf 79' lang='lat' dir='ltr'>Symb.</span> <span class='ocrx_word' id='word_1_166' title='bbox 2313 2933 2369 2984; x_wconf 91' lang='lat' dir='ltr'>p.</span> <span class='ocrx_word' id='word_1_167' title='bbox 2392 2921 2493 2969; x_wconf 88' lang='grc'><strong><em>140</em></strong></span> <span class='ocrx_word' id='word_1_168' title='bbox 2586 2922 2617 2970; x_wconf 90' lang='grc'>2</span> <span class='ocrx_word' id='word_1_169' title='bbox 2648 2914 2820 2982; x_wconf 80' lang='grc' dir='ltr'><strong><em>ἰατροῦ</em></strong></span> 
     </span>
     <span class='ocr_line' id='line_1_27' title="bbox 551 2991 2336 3068; baseline 0.001 -21"><span class='ocrx_word' id='word_1_170' title='bbox 551 3011 652 3063; x_wconf 87' lang='lat' dir='ltr'>pro</span> <span class='ocrx_word' id='word_1_171' title='bbox 691 2998 804 3062; x_wconf 82' lang='grc' dir='ltr'><strong><em>φιλ.</em></strong></span> <span class='ocrx_word' id='word_1_172' title='bbox 845 3012 982 3052; x_wconf 86' lang='lat' dir='ltr'>corr.</span> <span class='ocrx_word' id='word_1_173' title='bbox 1013 2995 1324 3061; x_wconf 79' lang='lat' dir='ltr'><strong><em>Reinesius3</em></strong></span> <span class='ocrx_word' id='word_1_174' title='bbox 1365 2994 1434 3048; x_wconf 87' lang='lat' dir='ltr'><strong><em>de</em></strong></span> <span class='ocrx_word' id='word_1_175' title='bbox 1472 2993 1669 3049; x_wconf 87' lang='lat' dir='ltr'>Cnidio</span> <span class='ocrx_word' id='word_1_176' title='bbox 1708 2991 1863 3068; x_wconf 64' lang='lat' dir='ltr'><strong><em>enimv</em></strong></span> <span class='ocrx_word' id='word_1_177' title='bbox 1892 2991 2108 3046; x_wconf 87' lang='lat' dir='ltr'><strong>medico</strong></span> <span class='ocrx_word' id='word_1_178' title='bbox 2147 2993 2336 3064; x_wconf 68' lang='lat' dir='ltr'>agimr</span> 
     </span>
    </p>

    <p class='ocr_par' dir='ltr' id='par_1_14' title="bbox 551 3070 2819 3226">
     <span class='ocr_line' id='line_1_28' title="bbox 693 3070 2819 3145; baseline -0 -17"><span class='ocrx_word' id='word_1_179' title='bbox 693 3074 869 3129; x_wconf 90' lang='lat' dir='ltr'>XCIV</span> <span class='ocrx_word' id='word_1_180' title='bbox 935 3083 967 3130; x_wconf 90' lang='lat'><strong>3</strong></span> <span class='ocrx_word' id='word_1_181' title='bbox 1003 3077 1134 3144; x_wconf 80' lang='lat' dir='ltr'>post</span> <span class='ocrx_word' id='word_1_182' title='bbox 1170 3070 1367 3143; x_wconf 75' lang='grc' dir='ltr'><strong><em>ἾΙρωδ.</em></strong></span> <span class='ocrx_word' id='word_1_183' title='bbox 1414 3073 1761 3142; x_wconf 74' lang='lat' dir='ltr'><strong>interpunxit</strong></span> <span class='ocrx_word' id='word_1_184' title='bbox 1796 3077 1842 3124; x_wconf 82' lang='grc' dir='ltr'><strong>Δ</strong></span> <span class='ocrx_word' id='word_1_185' title='bbox 1996 3079 2029 3126; x_wconf 87' lang='lat'>4</span> <span class='ocrx_word' id='word_1_186' title='bbox 2066 3071 2207 3140; x_wconf 80' lang='grc' dir='ltr'><strong><em>πρὸς</em></strong></span> <span class='ocrx_word' id='word_1_187' title='bbox 2242 3073 2649 3145; x_wconf 83' lang='grc' dir='ltr'><strong><em>Διογενειανόν</em></strong></span> <span class='ocrx_word' id='word_1_188' title='bbox 2697 3073 2819 3130; x_wconf 79' lang='lat' dir='ltr'>coni.</span> 
     </span>
     <span class='ocr_line' id='line_1_29' title="bbox 551 3151 2450 3226; baseline 0.002 -19"><span class='ocrx_word' id='word_1_189' title='bbox 551 3155 912 3226; x_wconf 76' lang='lat' dir='ltr'><em>Bernhardy,</em></span> <span class='ocrx_word' id='word_1_190' title='bbox 950 3151 1091 3222; x_wconf 82' lang='grc' dir='ltr'><strong><em>πρὸς</em></strong></span> <span class='ocrx_word' id='word_1_191' title='bbox 1127 3152 1434 3224; x_wconf 73' lang='grc' dir='ltr'><strong><em>Δάρδανον</em></strong></span> <span class='ocrx_word' id='word_1_192' title='bbox 1473 3155 1745 3220; x_wconf 80' lang='lat' dir='ltr'><strong><em>Schmidt,</em></strong></span> <span class='ocrx_word' id='word_1_193' title='bbox 1782 3153 2004 3223; x_wconf 80' lang='lat' dir='ltr'>Didym.</span> <span class='ocrx_word' id='word_1_194' title='bbox 2045 3173 2095 3224; x_wconf 87' lang='lat' dir='ltr'><strong><em>p.</em></strong></span> <span class='ocrx_word' id='word_1_195' title='bbox 2126 3161 2231 3209; x_wconf 79' lang='lat'><strong><em>348</em></strong></span> <span class='ocrx_word' id='word_1_196' title='bbox 2268 3157 2385 3212; x_wconf 79' lang='lat' dir='ltr'><strong><em>not.</em></strong></span> <span class='ocrx_word' id='word_1_197' title='bbox 2418 3162 2450 3210; x_wconf 90' lang='grc'>2</span> 
     </span>
    </p>

    <p class='ocr_par' dir='ltr' id='par_1_15' title="bbox 692 3234 1254 3304">
     <span class='ocr_line' id='line_1_30' title="bbox 692 3234 1254 3304; baseline 0.002 -17"><span class='ocrx_word' id='word_1_198' title='bbox 692 3234 840 3288; x_wconf 81' lang='lat' dir='ltr'><strong><em>xcv</em></strong></span> <span class='ocrx_word' id='word_1_199' title='bbox 877 3235 1028 3288; x_wconf 70' lang='lat' dir='ltr'><strong><em>Eud.</em></strong></span> <span class='ocrx_word' id='word_1_200' title='bbox 1068 3253 1121 3304; x_wconf 86' lang='lat' dir='ltr'><strong><em>p.</em></strong></span> <span class='ocrx_word' id='word_1_201' title='bbox 1156 3241 1254 3289; x_wconf 86' lang='lat'><strong><em>121</em></strong></span> 
     </span>
    </p>

    <p class='ocr_par' dir='ltr' id='par_1_16' title="bbox 551 3312 2819 3704">
     <span class='ocr_line' id='line_1_31' title="bbox 697 3312 2819 3383; baseline 0 -17"><span class='ocrx_word' id='word_1_202' title='bbox 697 3312 868 3367; x_wconf 83' lang='lat' dir='ltr'>XCVI</span> <span class='ocrx_word' id='word_1_203' title='bbox 905 3313 1056 3369; x_wconf 81' lang='lat' dir='ltr'><strong><em>Eud.</em></strong></span> <span class='ocrx_word' id='word_1_204' title='bbox 1096 3332 1150 3383; x_wconf 90' lang='lat' dir='ltr'><strong><em>p.</em></strong></span> <span class='ocrx_word' id='word_1_205' title='bbox 1185 3319 1304 3367; x_wconf 89' lang='lat'>111.</span> <span class='ocrx_word' id='word_1_206' title='bbox 1377 3313 1460 3367; x_wconf 84' lang='lat' dir='ltr'><strong><em>De</em></strong></span> <span class='ocrx_word' id='word_1_207' title='bbox 1498 3329 1565 3367; x_wconf 85' lang='lat' dir='ltr'><strong><em>eo</em></strong></span> <span class='ocrx_word' id='word_1_208' title='bbox 1604 3313 1671 3367; x_wconf 87' lang='lat' dir='ltr'><strong><em>cf.</em></strong></span> <span class='ocrx_word' id='word_1_209' title='bbox 1710 3314 1914 3368; x_wconf 75' lang='lat' dir='ltr'>Mt&#39;iller</span> <span class='ocrx_word' id='word_1_210' title='bbox 1951 3315 2027 3368; x_wconf 94' lang='lat' dir='ltr'>IV</span> <span class='ocrx_word' id='word_1_211' title='bbox 2064 3332 2117 3383; x_wconf 89' lang='lat' dir='ltr'><strong><em>p.</em></strong></span> <span class='ocrx_word' id='word_1_212' title='bbox 2151 3319 2252 3369; x_wconf 87' lang='grc'><strong><em>329</em></strong></span> <span class='ocrx_word' id='word_1_213' title='bbox 2291 3317 2407 3369; x_wconf 78' lang='lat' dir='ltr'>not..</span> <span class='ocrx_word' id='word_1_214' title='bbox 2571 3322 2637 3370; x_wconf 91' lang='grc'><strong><em>10</em></strong></span> <span class='ocrx_word' id='word_1_215' title='bbox 2674 3315 2819 3370; x_wconf 82' lang='lat' dir='ltr'>verba,</span> 
     </span>
     <span class='ocr_line' id='line_1_32' title="bbox 553 3388 2816 3465; baseline -0 -17"><span class='ocrx_word' id='word_1_216' title='bbox 553 3392 848 3461; x_wconf 79' lang='grc' dir='ltr'><strong><em>καταλέγει</em></strong></span> <span class='ocrx_word' id='word_1_217' title='bbox 888 3422 955 3432; x_wconf 88' lang='lat'>-</span> <span class='ocrx_word' id='word_1_218' title='bbox 995 3388 1182 3447; x_wconf 78' lang='grc' dir='ltr'><strong><em>αὐτῶν</em></strong></span> <span class='ocrx_word' id='word_1_219' title='bbox 1221 3394 1330 3447; x_wconf 84' lang='lat' dir='ltr'><strong><em>hoc</em></strong></span> <span class='ocrx_word' id='word_1_220' title='bbox 1376 3393 1504 3446; x_wconf 86' lang='lat' dir='ltr'><strong>loco</strong></span> <span class='ocrx_word' id='word_1_221' title='bbox 1541 3393 1734 3462; x_wconf 72' lang='lat' dir='ltr'>inepba</span> <span class='ocrx_word' id='word_1_222' title='bbox 1769 3410 1890 3448; x_wconf 80' lang='lat' dir='ltr'><strong>esse</strong></span> <span class='ocrx_word' id='word_1_223' title='bbox 1927 3396 2111 3464; x_wconf 72' lang='lat' dir='ltr'>patet,</span> <span class='ocrx_word' id='word_1_224' title='bbox 2157 3395 2348 3463; x_wconf 68' lang='lat' dir='ltr'>itaque</span> <span class='ocrx_word' id='word_1_225' title='bbox 2388 3396 2488 3450; x_wconf 70' lang='lat' dir='ltr'><strong><em>aut</em></strong></span> <span class='ocrx_word' id='word_1_226' title='bbox 2522 3397 2652 3465; x_wconf 75' lang='lat' dir='ltr'>post</span> <span class='ocrx_word' id='word_1_227' title='bbox 2688 3397 2816 3463; x_wconf 77' lang='grc' dir='ltr'><strong><em>φιλο-</em></strong></span> 
     </span>
     <span class='ocr_line' id='line_1_33' title="bbox 553 3469 2815 3546; baseline -0.001 -18"><span class='ocrx_word' id='word_1_228' title='bbox 553 3476 757 3542; x_wconf 84' lang='grc' dir='ltr'><strong><em>σοφίας</em></strong></span> <span class='ocrx_word' id='word_1_229' title='bbox 788 3475 973 3546; x_wconf 84' lang='grc' dir='ltr'><strong><em>βιβλία</em></strong></span> <span class='ocrx_word' id='word_1_230' title='bbox 1004 3469 1048 3527; x_wconf 86' lang='grc' dir='ltr'><strong><em>ι’</em></strong></span> <span class='ocrx_word' id='word_1_231' title='bbox 1078 3475 1495 3544; x_wconf 74' lang='lat' dir='ltr'><strong><em>transponenda</em></strong></span> <span class='ocrx_word' id='word_1_232' title='bbox 1524 3476 1671 3544; x_wconf 75' lang='lat' dir='ltr'>sunt,</span> <span class='ocrx_word' id='word_1_233' title='bbox 1700 3475 1851 3544; x_wconf 87' lang='lat' dir='ltr'><strong>quod</strong></span> <span class='ocrx_word' id='word_1_234' title='bbox 1879 3474 2058 3528; x_wconf 85' lang='lat' dir='ltr'>visum</span> <span class='ocrx_word' id='word_1_235' title='bbox 2088 3477 2177 3529; x_wconf 72' lang='lat' dir='ltr'><strong><em>est</em></strong></span> <span class='ocrx_word' id='word_1_236' title='bbox 2201 3476 2459 3542; x_wconf 72' lang='lat' dir='ltr'><strong><em>KasterO,</em></strong></span> <span class='ocrx_word' id='word_1_237' title='bbox 2488 3478 2590 3530; x_wconf 73' lang='lat' dir='ltr'><strong><em>aut</em></strong></span> <span class='ocrx_word' id='word_1_238' title='bbox 2616 3475 2815 3530; x_wconf 88' lang='lat' dir='ltr'>omnino</span> 
     </span>
     <span class='ocr_line' id='line_1_34' title="bbox 551 3552 2746 3624; baseline 0 -15"><span class='ocrx_word' id='word_1_239' title='bbox 551 3554 802 3610; x_wconf 82' lang='lat' dir='ltr'>eicienda</span> <span class='ocrx_word' id='word_1_240' title='bbox 837 3555 1034 3624; x_wconf 72' lang='lat' dir='ltr'>utpote</span> <span class='ocrx_word' id='word_1_241' title='bbox 1071 3573 1106 3610; x_wconf 84' lang='lat' dir='ltr'>a</span> <span class='ocrx_word' id='word_1_242' title='bbox 1142 3556 1354 3610; x_wconf 78' lang='lat' dir='ltr'>lectore</span> <span class='ocrx_word' id='word_1_243' title='bbox 1391 3554 1583 3624; x_wconf 84' lang='lat' dir='ltr'>aliquo</span> <span class='ocrx_word' id='word_1_244' title='bbox 1623 3555 1920 3624; x_wconf 72' lang='lat' dir='ltr'>adscripta.</span> <span class='ocrx_word' id='word_1_245' title='bbox 1997 3555 2255 3610; x_wconf 66' lang='lat' dir='ltr'><strong><em>Ceizerum</em></strong></span> <span class='ocrx_word' id='word_1_246' title='bbox 2293 3555 2363 3610; x_wconf 84' lang='lat' dir='ltr'><strong><em>cf.</em></strong></span> <span class='ocrx_word' id='word_1_247' title='bbox 2393 3574 2446 3612; x_wconf 82' lang='lat' dir='ltr'><strong><em>v.</em></strong></span> <span class='ocrx_word' id='word_1_248' title='bbox 2481 3552 2746 3617; x_wconf 80' lang='grc' dir='ltr'><strong><em>Σωτάὸας</em></strong></span> 
     </span>
     <span class='ocr_line' id='line_1_35' title="bbox 555 3629 2111 3704; baseline 0.001 -16"><span class='ocrx_word' id='word_1_249' title='bbox 555 3641 616 3688; x_wconf 93' lang='grc'><strong><em>11</em></strong></span> <span class='ocrx_word' id='word_1_250' title='bbox 659 3633 812 3699; x_wconf 83' lang='lat' dir='ltr'>Quae</span> <span class='ocrx_word' id='word_1_251' title='bbox 851 3635 1054 3689; x_wconf 81' lang='lat' dir='ltr'><strong>seclusi</strong></span> <span class='ocrx_word' id='word_1_252' title='bbox 1090 3629 1424 3704; x_wconf 52' lang='lat' dir='ltr'>Pergameni</span> <span class='ocrx_word' id='word_1_253' title='bbox 1463 3653 1581 3690; x_wconf 77' lang='lat' dir='ltr'>esse</span> <span class='ocrx_word' id='word_1_254' title='bbox 1618 3637 1763 3691; x_wconf 76' lang='lat' dir='ltr'>vidit</span> <span class='ocrx_word' id='word_1_255' title='bbox 1789 3636 2111 3690; x_wconf 73' lang='lat' dir='ltr'><strong><em>Gutschmid</em></strong></span> 
     </span>
    </p>

    <p class='ocr_par' dir='ltr' id='par_1_17' title="bbox 551 3713 2816 3864">
     <span class='ocr_line' id='line_1_36' title="bbox 694 3713 2816 3787; baseline 0.001 -21"><span class='ocrx_word' id='word_1_256' title='bbox 694 3713 897 3769; x_wconf 87' lang='lat' dir='ltr'>XCVII</span> <span class='ocrx_word' id='word_1_257' title='bbox 954 3716 1106 3771; x_wconf 78' lang='lat' dir='ltr'><strong><em>Eud.</em></strong></span> <span class='ocrx_word' id='word_1_258' title='bbox 1147 3735 1200 3786; x_wconf 91' lang='lat' dir='ltr'>p.</span> <span class='ocrx_word' id='word_1_259' title='bbox 1235 3722 1362 3783; x_wconf 83' lang='lat'>112,</span> <span class='ocrx_word' id='word_1_260' title='bbox 1411 3733 1557 3784; x_wconf 83' lang='lat' dir='ltr'>quae</span> <span class='ocrx_word' id='word_1_261' title='bbox 1594 3715 1861 3785; x_wconf 82' lang='lat' dir='ltr'><strong>Hesychii</strong></span> <span class='ocrx_word' id='word_1_262' title='bbox 1896 3715 2193 3770; x_wconf 76' lang='lat' dir='ltr'>articulum</span> <span class='ocrx_word' id='word_1_263' title='bbox 2229 3734 2404 3785; x_wconf 82' lang='lat' dir='ltr'>usque</span> <span class='ocrx_word' id='word_1_264' title='bbox 2442 3717 2512 3772; x_wconf 80' lang='lat' dir='ltr'><strong><em>ad</em></strong></span> <span class='ocrx_word' id='word_1_265' title='bbox 2556 3713 2816 3787; x_wconf 72' lang='grc' dir='ltr'><strong><em>Ἀδριανοῦ</em></strong></span> 
     </span>
     <span class='ocr_line' id='line_1_37' title="bbox 551 3794 2217 3864; baseline 0.001 -16"><span class='ocrx_word' id='word_1_266' title='bbox 551 3794 872 3864; x_wconf 74' lang='lat' dir='ltr'>descripsit,</span> <span class='ocrx_word' id='word_1_267' title='bbox 911 3795 1121 3850; x_wconf 74' lang='lat' dir='ltr'><strong>additis</strong></span> <span class='ocrx_word' id='word_1_268' title='bbox 1159 3796 1439 3851; x_wconf 83' lang='lat' dir='ltr'>nonnullis</span> <span class='ocrx_word' id='word_1_269' title='bbox 1479 3813 1546 3850; x_wconf 87' lang='lat' dir='ltr'><strong><em>ex</em></strong></span> <span class='ocrx_word' id='word_1_270' title='bbox 1584 3796 1903 3851; x_wconf 67' lang='lat' dir='ltr'>Philostrat.</span> <span class='ocrx_word' id='word_1_271' title='bbox 1936 3795 2047 3850; x_wconf 75' lang='lat' dir='ltr'><strong><em>Vit.</em></strong></span> <span class='ocrx_word' id='word_1_272' title='bbox 2078 3796 2155 3863; x_wconf 91' lang='grc' dir='ltr'><strong><em>ΙΙ,</em></strong></span> <span class='ocrx_word' id='word_1_273' title='bbox 2186 3803 2217 3850; x_wconf 89' lang='lat'><strong>3</strong></span> 
     </span>
    </p>

    <p class='ocr_par' dir='ltr' id='par_1_18' title="bbox 550 3873 2817 4109">
     <span class='ocr_line' id='line_1_38' title="bbox 692 3873 2816 3946; baseline 0.001 -19"><span class='ocrx_word' id='word_1_274' title='bbox 692 3874 919 3929; x_wconf 88' lang='lat' dir='ltr'>XCVIII</span> <span class='ocrx_word' id='word_1_275' title='bbox 958 3876 1109 3930; x_wconf 77' lang='lat' dir='ltr'><strong><em>Eud.</em></strong></span> <span class='ocrx_word' id='word_1_276' title='bbox 1150 3895 1204 3945; x_wconf 87' lang='lat' dir='ltr'><strong><em>p.</em></strong></span> <span class='ocrx_word' id='word_1_277' title='bbox 1240 3883 1356 3930; x_wconf 88' lang='grc'>116.</span> <span class='ocrx_word' id='word_1_278' title='bbox 1433 3877 1664 3930; x_wconf 74' lang='lat' dir='ltr'>Tractat</span> <span class='ocrx_word' id='word_1_279' title='bbox 1702 3877 1954 3932; x_wconf 76' lang='lat' dir='ltr'><strong><em>Meimke</em></strong></span> <span class='ocrx_word' id='word_1_280' title='bbox 1990 3877 2015 3928; x_wconf 96' lang='lat' dir='ltr'>I</span> <span class='ocrx_word' id='word_1_281' title='bbox 2052 3895 2103 3946; x_wconf 90' lang='lat' dir='ltr'><strong><em>p.</em></strong></span> <span class='ocrx_word' id='word_1_282' title='bbox 2135 3883 2241 3931; x_wconf 90' lang='grc'><strong><em>210</em></strong></span> <span class='ocrx_word' id='word_1_283' title='bbox 2270 3893 2383 3945; x_wconf 82' lang='lat' dir='ltr'>seq.</span> <span class='ocrx_word' id='word_1_284' title='bbox 2562 3885 2627 3933; x_wconf 89' lang='lat'><strong><em>19</em></strong></span> <span class='ocrx_word' id='word_1_285' title='bbox 2674 3873 2816 3945; x_wconf 78' lang='grc' dir='ltr'><strong><em>ὀλυμ-</em></strong></span> 
     </span>
     <span class='ocr_line' id='line_1_39' title="bbox 550 3953 2817 4026; baseline 0 -15"><span class='ocrx_word' id='word_1_286' title='bbox 550 3953 736 4023; x_wconf 85' lang='grc' dir='ltr'><strong><em>πιάδι,</em></strong></span> <span class='ocrx_word' id='word_1_287' title='bbox 775 3957 840 4011; x_wconf 70' lang='lat' dir='ltr'><strong><em>ut</em></strong></span> <span class='ocrx_word' id='word_1_288' title='bbox 874 3956 1122 4025; x_wconf 73' lang='lat' dir='ltr'><strong>videtur,</strong></span> <span class='ocrx_word' id='word_1_289' title='bbox 1157 3962 1203 4009; x_wconf 84' lang='grc' dir='ltr'><strong>Δ</strong></span> <span class='ocrx_word' id='word_1_290' title='bbox 1243 3973 1380 4011; x_wconf 85' lang='lat' dir='ltr'>corr.</span> <span class='ocrx_word' id='word_1_291' title='bbox 1425 3956 1632 4012; x_wconf 77' lang='lat' dir='ltr'><em>Portus</em></span> <span class='ocrx_word' id='word_1_292' title='bbox 1670 3953 1763 4011; x_wconf 77' lang='grc' dir='ltr'><strong><em>ἐπὶ</em></strong></span> <span class='ocrx_word' id='word_1_293' title='bbox 1796 3953 1898 4012; x_wconf 85' lang='grc' dir='ltr'><strong><em>Ὀλ.</em></strong></span> <span class='ocrx_word' id='word_1_294' title='bbox 1937 3958 2049 4011; x_wconf 80' lang='grc' dir='ltr'><strong><em>τῶν</em></strong></span> <span class='ocrx_word' id='word_1_295' title='bbox 2087 3959 2561 4026; x_wconf 85' lang='grc' dir='ltr'><strong><em>Πελοποννησίων</em></strong></span> <span class='ocrx_word' id='word_1_296' title='bbox 2598 3965 2642 4012; x_wconf 78' lang='grc' dir='ltr'><strong>Ε</strong></span> <span class='ocrx_word' id='word_1_297' title='bbox 2678 3954 2817 4026; x_wconf 80' lang='grc' dir='ltr'><strong><em>ὄλυμ-</em></strong></span> 
     </span>
     <span class='ocr_line' id='line_1_40' title="bbox 550 4035 2201 4109; baseline -0.001 -15"><span class='ocrx_word' id='word_1_298' title='bbox 550 4038 773 4094; x_wconf 79' lang='grc' dir='ltr'><strong><em>πιοὶδων</em></strong></span> <span class='ocrx_word' id='word_1_299' title='bbox 809 4040 956 4109; x_wconf 71' lang='lat' dir='ltr'><strong><em>vuly.</em></strong></span> <span class='ocrx_word' id='word_1_300' title='bbox 987 4038 1142 4093; x_wconf 79' lang='lat' dir='ltr'><strong><em>Eud.</em></strong></span> <span class='ocrx_word' id='word_1_301' title='bbox 1207 4037 1290 4090; x_wconf 85' lang='lat' dir='ltr'><strong><em>De</em></strong></span> <span class='ocrx_word' id='word_1_302' title='bbox 1329 4039 1517 4092; x_wconf 69' lang='lat' dir='ltr'>aetate</span> <span class='ocrx_word' id='word_1_303' title='bbox 1557 4038 1624 4092; x_wconf 89' lang='lat' dir='ltr'><strong><em>cf.</em></strong></span> <span class='ocrx_word' id='word_1_304' title='bbox 1666 4055 1720 4091; x_wconf 84' lang='lat' dir='ltr'><strong><em>v·</em></strong></span> <span class='ocrx_word' id='word_1_305' title='bbox 1757 4035 2030 4108; x_wconf 77' lang='grc' dir='ltr'><strong><em>Φρύνιχος</em></strong></span> <span class='ocrx_word' id='word_1_306' title='bbox 2066 4059 2201 4109; x_wconf 83' lang='grc' dir='ltr'><strong><em>κωμ.</em></strong></span> 
     </span>
    </p>

    <p class='ocr_par' dir='ltr' id='par_1_19' title="bbox 552 4117 2816 4269">
     <span class='ocr_line' id='line_1_41' title="bbox 693 4117 2816 4188; baseline -0.001 -16"><span class='ocrx_word' id='word_1_307' title='bbox 693 4118 868 4173; x_wconf 87' lang='lat' dir='ltr'>XCIV</span> <span class='ocrx_word' id='word_1_308' title='bbox 907 4120 1057 4174; x_wconf 81' lang='lat' dir='ltr'><strong><em>Eud.</em></strong></span> <span class='ocrx_word' id='word_1_309' title='bbox 1095 4137 1148 4188; x_wconf 89' lang='lat' dir='ltr'>p.</span> <span class='ocrx_word' id='word_1_310' title='bbox 1183 4123 1300 4174; x_wconf 91' lang='grc'>108.</span> <span class='ocrx_word' id='word_1_311' title='bbox 1377 4117 1458 4173; x_wconf 88' lang='lat' dir='ltr'><strong><em>Cf.</em></strong></span> <span class='ocrx_word' id='word_1_312' title='bbox 1497 4135 1682 4173; x_wconf 83' lang='lat' dir='ltr'><strong>meam</strong></span> <span class='ocrx_word' id='word_1_313' title='bbox 1720 4118 2062 4174; x_wconf 78' lang='lat' dir='ltr'><strong>scholiorum</strong></span> <span class='ocrx_word' id='word_1_314' title='bbox 2099 4119 2503 4174; x_wconf 77' lang='lat' dir='ltr'>Hesiodeorum</span> <span class='ocrx_word' id='word_1_315' title='bbox 2541 4118 2816 4174; x_wconf 71' lang='lat' dir='ltr'>ediffionem</span> 
     </span>
     <span class='ocr_line' id='line_1_42' title="bbox 552 4195 2164 4269; baseline -0.001 -16"><span class='ocrx_word' id='word_1_316' title='bbox 552 4217 606 4268; x_wconf 91' lang='lat' dir='ltr'>p.</span> <span class='ocrx_word' id='word_1_317' title='bbox 637 4207 705 4255; x_wconf 82' lang='lat'><strong><em>96</em></strong></span> <span class='ocrx_word' id='word_1_318' title='bbox 737 4217 852 4269; x_wconf 77' lang='lat' dir='ltr'>seq.</span> <span class='ocrx_word' id='word_1_319' title='bbox 922 4200 1000 4254; x_wconf 86' lang='lat' dir='ltr'><strong><em>cf.</em></strong></span> <span class='ocrx_word' id='word_1_320' title='bbox 1043 4201 1214 4256; x_wconf 75' lang='lat' dir='ltr'>etiam</span> <span class='ocrx_word' id='word_1_321' title='bbox 1253 4219 1303 4255; x_wconf 83' lang='lat' dir='ltr'><strong><em>v.</em></strong></span> <span class='ocrx_word' id='word_1_322' title='bbox 1334 4203 1686 4269; x_wconf 78' lang='grc' dir='ltr'><strong><em>Πτολεμαῖος</em></strong></span> <span class='ocrx_word' id='word_1_323' title='bbox 1724 4195 1754 4253; x_wconf 83' lang='grc' dir='ltr'><strong>ὁ</strong></span> <span class='ocrx_word' id='word_1_324' title='bbox 1796 4195 2164 4266; x_wconf 77' lang='grc' dir='ltr'><strong><em>Ἀριστονίκου</em></strong></span> 
     </span>
    </p>

    <p class='ocr_par' dir='ltr' id='par_1_20' title="bbox 556 4277 2817 4411">
     <span class='ocr_line' id='line_1_43' title="bbox 697 4277 2817 4348; baseline -0.001 -16"><span class='ocrx_word' id='word_1_325' title='bbox 697 4278 738 4332; x_wconf 86' lang='lat' dir='ltr'>C</span> <span class='ocrx_word' id='word_1_326' title='bbox 776 4279 927 4334; x_wconf 78' lang='lat' dir='ltr'><strong><em>Eud.</em></strong></span> <span class='ocrx_word' id='word_1_327' title='bbox 957 4298 1012 4348; x_wconf 91' lang='lat' dir='ltr'>p.</span> <span class='ocrx_word' id='word_1_328' title='bbox 1047 4286 1164 4334; x_wconf 89' lang='grc'>123.</span> <span class='ocrx_word' id='word_1_329' title='bbox 1204 4279 1285 4336; x_wconf 83' lang='lat' dir='ltr'><strong><em>Cf.</em></strong></span> <span class='ocrx_word' id='word_1_330' title='bbox 1317 4280 1507 4348; x_wconf 68' lang='lat' dir='ltr'>steph.</span> <span class='ocrx_word' id='word_1_331' title='bbox 1539 4279 1672 4348; x_wconf 80' lang='lat' dir='ltr'>Byz.</span> <span class='ocrx_word' id='word_1_332' title='bbox 1702 4299 1754 4334; x_wconf 87' lang='lat' dir='ltr'><strong><em>v.</em></strong></span> <span class='ocrx_word' id='word_1_333' title='bbox 1789 4277 2003 4348; x_wconf 82' lang='grc' dir='ltr'><strong><em>Τάρας;</em></strong></span> <span class='ocrx_word' id='word_1_334' title='bbox 2039 4280 2243 4334; x_wconf 72' lang='grc' dir='ltr'><strong><em>ΜΰΠοι·</em></strong></span> <span class='ocrx_word' id='word_1_335' title='bbox 2269 4281 2321 4335; x_wconf 83' lang='grc' dir='ltr'><strong><em>ΙΙ</em></strong></span> <span class='ocrx_word' id='word_1_336' title='bbox 2349 4298 2405 4348; x_wconf 89' lang='lat' dir='ltr'>p.</span> <span class='ocrx_word' id='word_1_337' title='bbox 2436 4285 2539 4334; x_wconf 83' lang='lat'><strong><em>268</em></strong></span> <span class='ocrx_word' id='word_1_338' title='bbox 2650 4281 2713 4334; x_wconf 79' lang='lat'><strong><em>23</em></strong></span> <span class='ocrx_word' id='word_1_339' title='bbox 2739 4278 2817 4333; x_wconf 75' lang='grc' dir='ltr'><strong><em>καὶ</em></strong></span> 
     </span>
     <span class='ocr_line' id='line_1_44' title="bbox 556 4349 1434 4411; baseline 0.017 -6"><span class='ocrx_word' id='word_1_340' title='bbox 556 4371 663 4408; x_wconf 90' lang='lat' dir='ltr'><strong><em>om.</em></strong></span> <span class='ocrx_word' id='word_1_341' title='bbox 694 4357 842 4411; x_wconf 75' lang='lat' dir='ltr'><strong><em>Eud.</em></strong></span> <span class='ocrx_word' id='word_1_342' title='bbox 1203 4349 1212 4362; x_wconf 59' lang='lat'><em>⁶</em></span> <span class='ocrx_word' id='word_1_343' title='bbox 1430 4399 1434 4404; x_wconf 94' lang='lat'><em>-</em></span> 
     </span>
    </p>
   </div>
  </div>
 </body>
</html>
