3025 4892
1109 254 1539 311 HESYCHIUS.
2340 258 2468 321 213

215 414 550 501 Σικελικά,]
599 413 969 505 Ισυλλογῆν
1010 417 1382 502 ῥητορικῶν
1421 415 1749 503 ἀφορμῶν
1796 419 2021 502 βιβλία
2064 416 2229 507 ξηἸ,
2268 414 2467 505 ὀλυμ-

207 526 487 600 πιονίκας
528 520 677 608 ἤτοι
725 520 1002 607 χρονικὰ
1047 523 1375 607 πραξίδια.

365 628 662 695 DOOXO.
757 628 1138 713 Τίμαιος
1193 626 1482 715 Λοκρός,
1549 625 1925 714 φιλόσοφος
1979 627 2466 715 Πυθαγόρειος.

200 732 626 819 μαθηματικά,
672 733 823 819 περὶ
870 730 1156 818 φύσεως,
1201 733 1350 819 περὶ
1395 737 1519 801 τοῦ
1557 733 1979 820 Πυθαγόρου
2025 738 2198 820 βίου.

355 840 687 908 DGOXCI.
769 844 1256 925 Τιμησίθεος
1299 839 1625 927 τραγικός.
1717 842 2019 928 δράματα
2066 838 2274 909 αὐτοῦ
2325 849 2462 909 Aa·
2492 865 2518 905 5

195 951 400 1027 ναΐδες
442 950 532 1034 β’,
564 944 883 1034 ’Έκτορος
928 945 1157 1034 λύτρα,
1203 944 1554 1034 Ἡρακλῆς,
1604 944 1841 1032 Ἰξίων,
1900 948 2279 1031 Καπανεύς,
2325 949 2467 1015 Μέψ

193 1078 367 1137 μνων
394 1052 484 1139 β’,
529 1057 951 1139 Μνηστῆρες,
989 1050 1208 1137 Ζηνὸς
1235 1056 1455 1137 γοναί,
1473 1050 1745 1140 Ἑλένης
1772 1050 2140 1140 ἀπαίτησις,
2165 1050 2467 1140 Ὀρέστης

189 1160 366 1245 <καὶ>
413 1157 766 1246 Πυλάδης,
815 1156 1101 1242 Κάστωρ
1148 1157 1257 1223 καὶ
1306 1158 1760 1243 Πολυδεύκης.

347 1266 712 1335 DCCXCII.
815 1262 1208 1350 Τιμόθεος
1267 1261 1655 1349 Ἀθηναῖος,
1728 1264 2018 1352 κωμικὸς
2079 1268 2197 1353 τῆς
2260 1267 2465 1353 μέσης

181 1376 531 1463 κωμῳδίας.
605 1376 739 1439 τῶν
785 1368 1145 1458 δραμάτων
1183 1367 1392 1438 αὐτοῦ
1429 1362 1517 1456 ἦν
1556 1371 1849 1458 Πύκτης,
1887 1370 2459 1459 Παρακαταθήκῃ,
2490 1398 2541 1437 ιο

189 1478 781 1565 Μεταβαλλόμενος
816 1474 857 1563 ἢ
895 1476 1480 1563 Μεταφερόμενος.
1558 1479 1691 1561 [καὶ
1731 1479 2087 1567 Κυνάριον
2130 1479 2469 1565 Τιμοθέου

185 1586 418 1669 δρᾶμα,
467 1582 557 1664 ὥς
603 1604 812 1671 φησιν
853 1580 1213 1669 Ἀθήναιος
1258 1586 1330 1651 ἐν
1378 1597 1520 1663 τοῖς
1564 1581 1817 1669 αὐτοῦ.]
1906 1616 1913 1625 ·

349 1689 756 1759 DCOXOIII.
857 1688 1260 1776 Τιμόθεος
1330 1690 1769 1779 Θερσάνδρου
1842 1685 1883 1776 ἢ
1949 1692 2353 1778 Νεομούσου
2425 1688 2466 1778 ἢ

186 1795 648 1883 Φιλοπόλιδος,
695 1796 1057 1883 Μιλήσιος,
1095 1794 1387 1882 λυρικός,
1437 1792 1512 1875 ὃς
1546 1795 1669 1883 τὴν
1717 1796 1998 1883 δεκάτην
2043 1796 2154 1864 καὶ
2202 1796 2468 1864 ἑνδεκά-

174 1927 294 1987 την
357 1901 609 1989 χορδὴν
678 1905 1087 1990 προσέθηκε,
1150 1903 1262 1969 καὶ
1327 1900 1452 1987 τὴν
1505 1899 1793 1989 ἀρχαίαν
1846 1901 2176 1990 μουσικὴν
2231 1903 2335 1971 ἐπὶ
2388 1899 2464 1969 τὸ
2495 1932 2546 1973 15

173 2007 636 2093 μαλακώτερον
675 2008 1059 2095 μετήγαγεν.
1112 1999 1200 2093 ἦν
1232 2006 1305 2075 δὲ
1336 2007 1441 2074 ἐπὶ
1468 2012 1605 2075 τῶν
1636 2006 2015 2097 Εὐριπίδου
2042 2007 2309 2095 χρόνων
2337 2012 2461 2076 τοῦ

173 2118 520 2201 τραγικοῦ,
565 2112 725 2182 καθ’
771 2110 891 2193 οὓς
924 2114 1036 2180 καὶ
1079 2109 1481 2190 Φίλιπποςὸ
1522 2112 1862 2181 Μακεδὼν
1899 2116 2314 2200 ἐβασίλευεν,
2350 2115 2463 2182 καὶ

177 2221 595 2307 ἐτελεύτησεν
626 2222 790 2289 ἐτῶν
821 2216 1004 2306 (ῶν)
1035 2219 1154 2305 ρξ’,
1193 2218 1454 2304 γράψας
1481 2215 1573 2285 δι’
1609 2221 1787 2286 ἐπῶν
1824 2219 2075 2306 νόμους
2100 2220 2466 2307 μουσικοὺς

169 2478 230 2549 η’
249 2482 392 2550 vuly.
432 2480 554 2534 Hoc
583 2496 722 2550 opus
749 2495 863 2533 non
891 2477 1170 2531 diversum
1201 2492 1318 2531 esse
1353 2476 1425 2531 ab
1453 2478 1811 2531 antecedenti
1838 2477 2057 2532 monuit
2078 2478 2305 2543 Maller,
2336 2494 2463 2531 cum

170 2561 477 2630 pleniorem
505 2560 736 2615 titulum
769 2557 942 2613 fuisse
970 2559 1134 2625 putat
1151 2551 1432 2623 Ἑλλήνων
1461 2556 1575 2610 τῶν
1612 2553 1756 2611 κατὰ
1788 2553 2027 2613 Ἰταλίαν
2060 2557 2159 2612 καὶ
2193 2559 2464 2612 Σικελίαν

170 2637 405 2709 ἴστορίαι
519 2647 546 2693 1
577 2634 850 2708 συλλογὴν
882 2668 947 2676 -
977 2633 1068 2705 ξη’
1101 2636 1312 2690 rhetori
1340 2635 1541 2691 tribuit
1573 2636 1937 2693 Ruhnkenius
2044 2644 2075 2690 2
2108 2632 2232 2706 ἤτοι
2259 2643 2461 2691 ABVE

169 2715 202 2789 ἢ
238 2722 378 2789 vuly.
416 2718 505 2773 his
542 2720 802 2789 adiungit
838 2718 1045 2772 Suidas
1077 2716 1270 2786 aliqua.
1306 2717 1641 2787 deprompta
1678 2734 1747 2772 ex
1784 2717 2021 2788 Polybio
2058 2721 2116 2773 et
2151 2718 2395 2772 Diodoro

308 2798 549 2855 DCGXC
587 2800 668 2855 Cf.
709 2798 884 2853 schol.
921 2796 1140 2851 Platon.
1169 2795 1248 2849 VI
1286 2816 1339 2867 p.
1371 2803 1476 2852 364
1519 2798 1755 2865 Τίμαιος
1793 2794 1859 2853 ἐκ
1895 2798 2127 2867 Λοκρῶν
2165 2798 2277 2851 τῶν
2311 2792 2460 2851 Ἐπι-

170 2882 476 2949 ζεφυρίων,
535 2881 635 2949 τῆς
696 2876 759 2934 ἐν
811 2874 1010 2951 Ἰταλίᾳ
1064 2874 1306 2946 πόλεως,
1365 2871 1679 2944 φιλόσοφος
1737 2875 2151 2947 Πυθαγόρειος.
2247 2874 2459 2947 ἔγραψε
2512 2908 2525 2919 ·

172 2957 542 3031 μαθηματικά
579 2980 637 3015 τε
679 2958 776 3013 καὶ
812 2954 941 3025 περὶ
979 2954 1204 3026 φύσεως
1239 2951 1603 3024 σύγγραμμα,
1639 2952 1740 3010 τὸν
1778 2954 2191 3026 Πυθαγορικὸν
2228 2953 2461 3027 τρόπον,

167 3058 308 3109 quae
349 3058 418 3094 ex
451 3040 736 3110 Hesychio
773 3037 996 3093 fluxisse
1035 3039 1220 3107 patet,
1268 3051 1607 3104 quamquam
1653 3036 1915 3091 dissentit
1953 3036 2233 3092 Mettauer
2276 3055 2332 3105 p.
2372 3041 2458 3090 59.

168 3120 437 3175 Eiusdem
471 3120 731 3174 meminit
767 3119 930 3187 Diog.
960 3116 1117 3184 VIII,
1147 3120 1216 3170 85

307 3198 572 3255 DCCXCI
619 3199 890 3255 Tractant
933 3197 1172 3265 Kayser,
1220 3193 1350 3251 hist.
1398 3195 1543 3265 trag.
1582 3215 1633 3266 p.
1674 3202 1798 3267 32⁷,
1834 3195 2123 3260 Welcker,
2162 3196 2255 3251 Gr.
2294 3196 2460 3266 Trag.

165 3303 220 3353 p.
253 3288 390 3334 1046
527 3285 556 3334 ’1
595 3274 654 3348 β’
694 3277 1004 3348 μνηστῆρες
1036 3281 1083 3327 Δ
1119 3270 1181 3329 α’
1221 3274 1532 3344 μνηστῆρες
1560 3279 1605 3326 V
1634 3270 1865 3341 Ἑλένης
1900 3274 2209 3345 μνηστῆρες
2238 3277 2459 3346 elegan-

166 3366 255 3417 ter
290 3359 430 3414 coni.
473 3358 724 3413 Meineke
758 3358 786 3411 I
820 3376 873 3426 p.
913 3362 1016 3411 391
1057 3355 1183 3409 coll.
1225 3350 1455 3424 Ἑλένης
1499 3350 1728 3425 ἁρπαγή
1776 3353 1928 3425 apud
1973 3354 2239 3410 Priscian.
2278 3356 2460 3409 XVIII

167 3463 222 3513 p.
251 3446 378 3506 2053
427 3434 605 3507 Ζηνὸς
639 3438 805 3506 γοναὶ
850 3436 1066 3492 comico
1104 3436 1166 3489 T.
1217 3436 1317 3490 dat
1354 3436 1700 3501 Gutschmid3
1744 3431 2001 3505 Ὀρέστης
2048 3434 2146 3489 καὶ
2191 3430 2460 3504 Πυλάδης

168 3539 304 3577 corr.
337 3520 613 3585 Mainake,
651 3517 748 3573 καὶ
787 3534 892 3572 om.
936 3515 1066 3569 libri

309 3597 597 3653 DCCXCII
639 3599 870 3651 Tractat
905 3595 1160 3650 Meineke
1200 3597 1224 3649 I
1262 3616 1316 3667 p.
1357 3600 1460 3650 428
1635 3600 1699 3648 11
1739 3593 1837 3649 καὶ
1876 3625 1940 3633 —-
1983 3593 2111 3649 exit.
2156 3610 2223 3647 ex
2260 3593 2456 3648 Athen.

171 3682 249 3737 VI
283 3699 337 3749 p.
368 3685 470 3733 243
509 3678 635 3734 add.
671 3675 900 3730 Suidas:
941 3675 1010 3731 cf.
1041 3675 1231 3742 Daub,
1268 3676 1338 3730 de
1377 3674 1530 3729 Suid.
1570 3693 1623 3743 p.
1656 3679 1760 3728 484
1874 3680 1937 3727 12
1976 3680 2093 3737 τοῖς
2130 3669 2327 3737 αὐτοῖς
2354 3669 2460 3727 αὕ-

169 3762 269 3817 τοῦ
306 3763 404 3811 AV
441 3765 558 3820 τοῖς
595 3752 770 3811 αὐτοῦ
810 3757 910 3811 rel.

311 3836 628 3892 DCCXCIII
665 3836 746 3892 Cf.
787 3835 978 3906 Steph.
1008 3837 1138 3906 Byz.
1177 3855 1230 3891 v.
1260 3837 1538 3904 Μίλητοςε
1581 3840 1707 3906 Τιμ.
1738 3830 2089 3905 κιθαρῳδός,
2126 3829 2189 3897 ὃς
2227 3829 2455 3905 ἐποίησε

170 3920 356 3991 νόμων
392 3916 796 3988 κιθαρῳδικῶν
837 3919 1062 3990 βίβλους
1099 3911 1517 3985 ὀκτωκαίδεκα,
1565 3914 1645 3979 εἰς
1693 3912 1846 3971 ἐπῶν
1895 3910 2320 3985 ὀκτακισχιλίων
2356 3911 2458 3968 τὸν

175 3994 421 4069 άρνθμὸν
460 3996 556 4051 καὶ
589 3992 868 4065 προνόμια
908 3990 1088 4051 ἄλλων
1118 3999 1306 4066 χιλίων
1336 3995 1664 4063 (Salmasius
1699 4014 1801 4066 pro
1829 3998 2027 4067 χίλια),
2066 4013 2233 4065 quem
2261 3995 2458 4050 eodem

171 4078 348 4135 indice
373 4096 538 4133 usum
567 4093 688 4131 esse
716 4076 860 4131 vidit
884 4077 1090 4141 Ranae,
1129 4076 1268 4132 Mus.
1304 4077 1480 4131 Rhen.
1511 4076 1746 4132 XXXIV
1774 4097 1827 4147 p.
1859 4082 1989 4143 5723
2028 4077 2180 4132 idem
2207 4079 2347 4133 duos
2373 4076 2457 4131 in-

181 4160 326 4215 dices
363 4156 595 4213 Suidam
634 4156 900 4212 conflasse
938 4157 1249 4228 suspicatus
1287 4158 1376 4211 est
1520 4163 1585 4211 13
1624 4154 1705 4211 sic
1731 4160 1826 4209 Bv
1970 4152 2273 4225 Νεομύσου
2310 4157 2455 4226 vulq.

180 4246 240 4295 17
263 4234 540 4309 Ἀρχέλαος
566 4236 884 4307 Remmius,
919 4238 1008 4293 cui
1037 4238 1366 4293 adversatur
1392 4236 1601 4303 Rohde,
1629 4234 1767 4291 Mus.
1796 4236 1971 4292 Rhen.
2001 4235 2238 4290 XXXIII
2265 4254 2318 4305 p.
2354 4242 2453 4290 192

176 4320 284 4375 not.
344 4318 506 4372 Nunc
553 4316 648 4386 (ib.
679 4317 911 4379 XXXIV
949 4337 1000 4388 p.
1033 4320 1157 4385 573)
1196 4317 1386 4371 Rohde
1425 4317 1492 4371 de
1531 4316 1709 4370 altero
1750 4316 2044 4371 Timotheo
2085 4314 2317 4386 cogitat,
2358 4316 2456 4385 qui

175 4398 414 4469 Philippi
451 4397 867 4466 Alexandrique
905 4396 1250 4467 temporibus
1289 4395 1442 4451 vixit.
1501 4394 1833 4465 Elegantius
1870 4399 1929 4451 et
1966 4397 2272 4469 simplicius
2312 4398 2452 4453 coni.
