3025 4892
549 246 677 308 124
1469 210 1898 300 HEsYcfflUS.

543 432 682 491 νες,
710 404 990 493 Ἥρωες,
1029 411 1274 493 Θηρία,
1315 404 1567 493 Λάμια,
1608 408 1936 491 Πεδῆται,
1974 403 2244 492 Σάμιοι.
2276 402 2290 493 Ι
2329 406 2569 492 ἔγραψε
2605 403 2677 472 δὲ
2720 403 2841 469 καὶ

540 512 1003 599 καταλογάδην
1049 512 1217 581 τινά.
1257 512 1270 605 Ι

719 620 1165 689 GOOGLXIII.
1221 618 1532 706 Κράτης
1565 616 1945 707 Ἀθηναῖος,
1991 615 2281 705 κωμικὸς
2326 618 2436 685 καὶ
2474 615 2663 697 αὐτὸς
2716 622 2844 704 τῆς

541 725 815 815 ἀρχαίας
872 730 1240 818 κωμῳδίας.
1343 728 1613 814 φέρεται
1660 724 1868 794 αὐτοῦ
1937 725 2239 814 δράματα
2285 723 2385 811 γ’·
2462 723 2843 813 Θησαυρός,

486 859 511 899 5
523 832 864 921 ’Όρνιθες,
918 826 1358 947 Φιλάργυρος.

716 942 1162 1010 CGOOLXIV.
1253 939 1570 1029 Κράτης
1627 939 2013 1009 Ἀσκώνδου
2074 946 2395 1027 Θηβαῖος,
2460 940 2844 1028 φιλόσοφος

535 1047 834 1135 κυνικός,
879 1047 1186 1135 μαθητὴς
1232 1052 1609 1135 Διογένους
1652 1050 1764 1116 καὶ
1813 1048 2181 1135 Βρύσωνος
2224 1051 2344 1115 τοῦ
2387 1046 2673 1135 Ἀχαιοῦ,
2728 1044 2843 1131 [ὃς

539 1156 970 1242 ἐξαργυρίσας
1014 1153 1136 1242 τὴν
1185 1152 1424 1223 οὐσίαν
1465 1156 1710 1223 δέδωκε
1749 1154 1829 1229 τὰ
1866 1152 2157 1244 ἀργύρια
2190 1162 2559 1243 τραπεζίτῃ,
2596 1154 2840 1239 εἰπών,

539 1265 600 1327 εἰ
653 1263 722 1327 oc
771 1264 1003 1339 παῖδες
1057 1258 1232 1351 αὐτῷ
1293 1261 1869 1349 φιλοσοφήσουσι,
1924 1266 2016 1355 τῷ
2075 1261 2263 1354 δήμῳ
2321 1265 2594 1347 δοῦναι,
2646 1266 2709 1327 εἰ
2759 1261 2839 1328 δὲ

461 1393 513 1431 ιο
540 1366 662 1454 μή,
708 1380 847 1445 τοῖς
883 1373 1130 1436 παισίν.
1195 1367 1410 1455 γήμας
1448 1368 1522 1435 δὲ
1558 1365 1949 1457 Ἱππαρχίαν
1996 1368 2120 1455 τὴν
2156 1376 2587 1455 Μαρωνεῖτιν
2633 1395 2836 1435 κυνο-

539 1479 786 1559 γαμίαν
832 1472 952 1541 τὸν
1007 1473 1226 1561 γάμον
1281 1474 1576 1561 ἐκάλεσε,
1631 1479 1837 1543 παῖδα
1897 1475 1970 1545 δὲ
2018 1480 2210 1562 ἔσχεν
2266 1478 2331 1557 ἐξ
2370 1470 2577 1561 αὐτῆς
2624 1483 2835 1541 Πασι-

538 1580 742 1665 κλέα.]
781 1670 786 1677 .
831 1574 920 1668 ἦν
971 1581 1044 1649 δὲ
1091 1582 1194 1649 ἐπὶ
1241 1584 1356 1668 τῆς
1402 1581 1538 1669 ριγ’
1589 1580 2019 1669 ὀλυμπιάδος.
2102 1582 2463 1670 [ἐπεκλήθη
2513 1581 2585 1650 δὲ
2628 1591 2869 1679 &vqs-⁸

538 1694 895 1776 πανοίκτης
943 1686 1052 1757 διὰ
1092 1688 1165 1756 τὸ
1206 1687 1419 1769 ἀδεῶς
1456 1691 1815 1759 ἐπεισιέναι
1854 1694 1949 1769 εἰς
1986 1688 2236 1769 παντὸς
2276 1680 2481 1777 οὗπερ
2513 1685 2839 1776 ἠβούλετο

540 1792 747 1864 οἷκον.
841 1788 1037 1877 οὗτος
1081 1795 1460 1864 καταλιπὼν
1511 1795 1635 1884 τὴν
1687 1793 1925 1865 οὐσίαν
1972 1796 2384 1883 μηλόβοτον,
2439 1793 2672 1885 ἀρθεὶς
2727 1798 2841 1863 ἐπὶ

462 1927 512 1967 15
538 1906 660 1970 τοῦ
732 1907 963 1989 βωμοῦ
1029 1900 1210 1970 εἶπεν
1278 1904 1664 1990 εἐλευθεροῖ
1723 1903 2038 1991 Κράτητα
2111 1910 2411 1991 Θηβαῖον
2487 1901 2839 1991 Κράτης’.]

541 2013 785 2094 ἔγραψε
833 2008 1193 2096 φιλόσοφα.
1280 2008 1406 2099 [ὅτι
1443 2008 1714 2099 Κράτης
1756 2008 1937 2079 εἶπεν
1986 2013 2219 2099 ε«ἔρωτα
2266 2010 2464 2078 παύει
2511 2009 2729 2097 λιμός,
2781 2016 2846 2078 εἰ

541 2114 614 2183 δὲ
661 2113 781 2202 μή,
843 2115 1115 2245 χρόνος,
1173 2122 1235 2185 εἰ
1285 2116 1359 2184 δε
1412 2116 1523 2203 μή,
1570 2117 1863 2205 βρόχοςῆ
1959 2110 2155 2198 οὗτος
2197 2118 2654 2186 κατεπόντωσε
2708 2116 2842 2203 τὴν

542 2220 814 2307 οὐσίαν,
871 2251 960 2302 ως
1005 2225 1179 2310 λέγει
1232 2223 1685 2312 Φιλόστρατος
1730 2221 1766 2292 ὁ
1820 2224 2120 2311 Λήμνιος
2172 2226 2245 2292 ἐν
2290 2251 2379 2293 τω
2437 2231 2565 2316 βίω
2609 2222 2845 2291 ’Λπολ-

542 2337 795 2399 λωνίου
840 2334 961 2399 τοῦ
1018 2332 1371 2417 Τυανέως]

460 2459 513 2498 20
722 2437 1136 2505 CCCOLXV.
1209 2436 1565 2536 Κράτης
1612 2435 2067 2524 Τιμοκράτους
2105 2437 2515 2525 Μαλλωτης,
2564 2438 2845 2523 φιλόσοὲ

540 2570 669 2630 φος
715 2544 1046 2636 Στωικός,
1104 2540 1179 2625 ὃς
1235 2543 1569 2631 ἐπεκλήθη
1607 2542 1957 2632 Ὁμηρικὸς
2012 2546 2121 2613 καὶ
2168 2546 2488 2633 Κριτικός
2544 2544 2655 2613 διὰ
2707 2544 2845 2633 τὴν

540 2651 651 2717 καὶ
717 2651 866 2737 περὶ
936 2649 1092 2730 τοὺς
1159 2649 1656 2737 γραμματικοὺς
1711 2652 1821 2718 καὶ
1878 2649 2265 2738 ποιητικοὺς
2321 2650 2567 2738 λόγους
2621 2648 2843 2721 αὐτοῦ

539 2759 900 2844 ἐπίστασιν,
951 2757 1320 2846 σύγχρονος
1350 2755 1784 2846 Ἀριστάρχου
1828 2762 1953 2827 τοῦ
1999 2762 2460 2846 γραμματικοῦ
2508 2759 2612 2826 ἐπὶ
2653 2767 2842 2827 Πτο-

539 2870 815 2950 λεμαιόυ
863 2869 985 2933 τοῦ
1038 2865 1517 2953 Φιλομήτορος.
1602 2866 1916 2947 συνέταξε
1965 2866 2345 2955 διόρθωσιν
2388 2862 2675 2945 Ἰλιάδος
2722 2867 2842 2933 καὶ

460 2990 511 3030 25
533 2967 914 3051 Ὀδυσσείας
960 2973 1032 3039 ἐν
1082 2978 1366 3058 βιβλίοις
1410 2972 1488 3040 θ’
1537 2973 1647 3040 καὶ
1696 2971 1882 3040 ἄλλα.

543 3196 794 3264 praestat
830 3199 875 3246 A
913 3188 995 3263 (⁰3
1028 3196 1173 3249 teste
1203 3193 1573 3265 Gaisfordio)‚
1610 3195 1760 3263 quod
1800 3192 1857 3259 ἕξ
1898 3196 2007 3263 est3
2037 3196 2227 3267 itaque
2265 3196 2325 3249 id
2361 3197 2544 3265 ipsum
2584 3196 2777 3264 recepi

541 3281 572 3327 1
618 3271 830 3343 ἔγραψε
863 3306 924 3313 -—-
959 3275 1088 3330 exit.
1125 3291 1231 3331 om.
1260 3276 1412 3331 Eud.
1453 3276 1527 3331 ad
1563 3276 1736 3331 alium
1774 3276 2053 3344 quendam
2082 3277 2363 3331 Cratetem
2400 3277 2655 3346 spectare
2695 3277 2849 3331 vidit

546 3354 796 3407 Meineke
2110 3382 2114 3393 ·

684 3432 1036 3489 CCCCLXIII
1078 3435 1230 3490 Eud.
1271 3435 1306 3489 l.
1339 3452 1385 3489 c.
1459 3434 1581 3489 Hoc
1628 3435 1793 3490 inane
1841 3453 1957 3491 esse
2004 3437 2497 3507 grammaticorum
2543 3436 2841 3489 inventum

540 3518 825 3586 perspexit
861 3517 1121 3571 Meineke.
1179 3516 1259 3571 Cf.
1299 3516 1523 3583 Rohde,
1562 3515 1700 3572 Mus,
1739 3515 1915 3571 Rhen.
1955 3518 2243 3573 XXXVIII
2278 3537 2331 3587 p.
2362 3522 2468 3571 214
2592 3523 2623 3570 3
2661 3536 2841 3586 κωμι-

540 3594 640 3661 κὸς
679 3597 864 3669 ἕτερος
899 3600 1042 3667 vulg]-
1084 3595 1271 3664 ἕτερος
1309 3612 1416 3650 om.
1456 3602 1502 3649 A
1540 3596 1637 3651 καὶ
1674 3592 1862 3665 ἕτερος
1897 3592 2003 3651 Ἀθ.
2042 3598 2193 3652 Eud.

683 3678 1026 3735 CCCCLXIV
1073 3678 1225 3733 Eud.
1264 3697 1316 3747 p.
1347 3683 1477 3746 448,
1517 3677 1672 3731 cuius
1710 3675 1886 3730 vitam
1922 3676 2172 3746 neglexit
2220 3678 2493 3731 Westerm.
2550 3675 2635 3731 De
2674 3677 2839 3731 addi-

540 3760 805 3814 tamentis
843 3760 1006 3813 huius
1045 3758 1265 3813 articuli
1305 3756 1487 3827 (Diog.
1520 3755 1622 3824 VI,
1653 3761 1739 3824 87,
1776 3755 2105 3811 Philostrat.
2142 3758 2257 3812 Vit.
2286 3759 2389 3826 Ap.
2427 3757 2478 3825 I,
2522 3760 2608 3825 13)
2647 3757 2839 3828 dispu-

539 3838 658 3893 tavi
688 3839 904 3894 UnterS.
942 3857 996 3909 p.
1028 3844 1120 3907 52,
1157 3839 1298 3891 Mne.
1328 3836 1504 3891 Rhen.
1535 3835 1743 3889 XXXV
1770 3854 1823 3905 p.
1859 3843 1960 3891 196
1991 3839 2049 3891 et
2076 3843 2195 3891 217.
2254 3836 2503 3891 Eudocia
2540 3836 2838 3895 admiscuit

541 3920 724 3972 Noun.
763 3920 814 3986 I,
853 3924 920 3972 28
1086 3925 1116 3972 9
1156 3914 1308 3990 αὐτῷ
1350 3934 1456 3972 om.
1487 3924 1533 3970 V
1718 3922 1783 3971 10
1820 3916 2015 3971 παισὶν
2054 3913 2231 3971 αὐτοῦ
2271 3918 2415 3985 vuly.
2454 3936 2509 3973 π.
2551 3911 2751 3979 αὐτοῖς
2789 3923 2835 3970 Δ

533 3994 718 4071 ,αὐτοῦ
759 4017 866 4053 om.
896 4005 941 4051 V
1085 4003 1412 4067 Μαρωνῐτιν
1446 4002 1492 4049 Δ
1529 3999 1875 4067 Μαρωνίτην
1904 4004 1949 4050 V

683 4078 1012 4133 OCCCLXV
1041 4078 1191 4132 Eud.
1221 4095 1275 4147 p.
1297 4083 1418 4131 449.
1461 4076 1943 4146 Cf.Wachsmuth‚
1972 4078 2041 4131 de
2071 4076 2219 4133 Crat.
2247 4076 2403 4131 Mau.
2432 4096 2486 4148 p.
2509 4084 2542 4131 4
2619 4084 2686 4132 20
2720 4077 2839 4133 ε”στι

541 4158 605 4215 δὲ
645 4159 742 4213 καὶ
771 4158 958 4229 ἕτερος
987 4158 1136 4213 Ειιᾶζ
1253 4155 1620 4227 Τιμωκράτης
1650 4190 1715 4198 -
1747 4150 1999 4219 Στωικὸς
2028 4156 2119 4211 hic
2150 4172 2256 4210 om.
2277 4162 2339 4223 V,
2378 4154 2476 4224 qui
2502 4174 2543 4210 s,
2580 4157 2672 4211 fin.
2704 4158 2839 4213 add.

542 4236 765 4309 Κράτης
797 4243 920 4308 Τιμ.
945 4270 1012 4278 ——
1043 4233 1232 4307 Ὁμηρ.
1343 4244 1408 4293 21
1451 4234 1480 4292 ὃ
1513 4234 1775 4306 Κριτικός
1813 4236 1994 4291 audiri
2032 4236 2201 4291 etiam
2240 4236 2389 4305 apud
2418 4235 2638 4303 Asclep.
2668 4235 2840 4305 Myrl.

544 4319 768 4388 (Athen.
791 4319 866 4371 XI
885 4337 939 4387 p.
962 4322 1089 4386 490)
1118 4320 1310 4372 monet
1326 4317 1516 4385 Daub,
1546 4319 1615 4373 de
1635 4318 1788 4372 Suid.
1810 4336 1863 4387 p.
1887 4322 1989 4371 459
2078 4322 2144 4371 22
2166 4317 2319 4385 prius
2348 4314 2447 4369 καὶ
2476 4316 2600 4372 add.
2625 4320 2839 4371 ABEV

544 4405 611 4452 24
651 4393 958 4466 διόρθωσιν
993 4401 1112 4450 Bas.
1149 4397 1299 4452 Eud.
1339 4394 1401 4452 δὲ
1441 4394 1692 4467 ὄρθωσιν
1729 4402 1996 4451 ABEVM
2023 4401 2140 4449 Ald.
2288 4402 2353 4449 25
2396 4391 2458 4449 ἐν
2498 4412 2602 4449 om.
2634 4401 2683 4447 V
