3025 4892
591 207 716 269 116
747 168 757 185 ¹
879 178 888 189 “
1511 199 1951 255 ΗΕεΥοΗῑοε.1

581 368 888 457 4ε’γραψαν
926 366 997 431 ἐν
1035 367 1319 448 βιβλίοις
1355 360 1420 427 κ’
1458 360 1570 427 καὶ
1618 359 1709 447 ρ’,
1756 360 1953 440 πίναξ
1990 358 2100 425 καὶ
2138 354 2498 443 ἀναγραφὴ
2536 360 2673 424 τῶν
2709 355 2863 424 κατὰ

585 472 872 561 χρόνους
934 470 1043 537 καὶ
1091 466 1205 537 ἀπ’
1257 467 1462 556 ἀρχῆς
1516 468 1901 555 γενομένων
1960 463 2416 549 διδασκάλων,
2482 465 2680 544 πίναξ
2739 466 2861 531 τῶν

590 582 1020 664 Δημοκρίτου
1066 580 1387 663 γλωσσῶν
1432 576 1543 642 καὶ
1590 572 2103 660 συνταγμάτων,
2150 574 2385 658 μηνῶν
2431 576 2861 659 προσηγορίαι

582 683 748 752 κατὰ
796 689 999 763 ἔθνος
1052 685 1161 752 καὶ
1207 682 1463 766 πόλεις,
1514 686 1758 761 κτίσεις
1810 679 2041 766 νήσων
2096 680 2207 747 καὶ
2254 679 2517 747 πόλεων
2574 678 2683 745 καὶ
2728 704 2861 764 μετ-

531 813 556 852 5
587 796 963 879 ονομασιάι,
1001 792 1152 879 περὶ
1189 795 1324 859 τῶν
1365 791 1438 857 ἐν
1476 787 1770 877 Εὐρώπῃ
1808 790 2146 875 ποταμῶν,
2185 787 2336 875 περὶ
2373 790 2510 855 τῶν
2552 787 2625 852 ἐν
2663 792 2859 851 Πελο-

583 899 899 990 ποννήσῳ
961 901 1070 966 καὶ
1111 898 1354 986 Ἰταλίᾳ
1419 902 1823 983 θαυμασίων
1874 896 1983 963 καὶ
2011 892 2469 983 παραδόξων,
2525 894 2673 981 περὶ
2726 918 2856 979 μετ-

585 1011 950 1093 ονομασίας
999 1004 1284 1094 ἰχθύων,
1322 1005 1471 1093 περὶ
1509 1002 1799 1090 ἀνέμων,
1838 1002 1987 1091 περὶ
2026 1000 2306 1089 ὀρνέων,
2349 1002 2498 1088 περὶ
2526 1003 2662 1067 τῶν
2691 1001 2760 1066 ἐν
2786 1003 2856 1087 τῇ

585 1112 943 1199 οἰκουμένῃ
1010 1115 1358 1198 ποταμῶν,
1427 1109 1800 1197 θαυμάτων
1865 1114 2001 1177 τῶν
2067 1112 2161 1189 εἰς
2224 1106 2491 1175 ἅπασαν
2555 1105 2677 1194 τὴν
2739 1110 2855 1193 γῆν

583 1216 745 1285 κατὰ
791 1216 1040 1297 τόπους
1086 1214 1303 1285 ὄντων
1353 1214 1730 1303 συναγωγή.

491 1346 556 1402 ,10
715 1412 722 1419 ὓ
762 1324 1215 1392 CCCCXXIX.
1299 1329 1806 1409 Καλλίμαχος
1857 1325 2243 1410 Κυρηναῖος
2292 1320 2631 1407 ἐποποιός,
2676 1320 2851 1388 ἀδελ-

583 1434 826 1517 φιδοῦς
889 1435 1010 1500 τοῦ
1069 1434 1430 1519 προτέρου,
1486 1429 1634 1509 υίὸς
1682 1429 2119 1517 Στασήνορος
2162 1430 2272 1496 καὶ
2323 1434 2707 1515 Μεγατίμας
2751 1431 2857 1512 τῆς

581 1533 878 1624 ἀδελφῆς
925 1537 1378 1625 Καλλιμάχου.

759 1645 1181 1713 CCCCXXX.
1290 1648 1777 1722 Καλλίνικος
1842 1648 2082 1728 Γαΐου,
2158 1639 2192 1711 ὁ
2259 1643 2369 1710 καὶ
2442 1641 2857 1731 Σουητῶριος

584 1752 994 1837 ἐπικληθείς,
1067 1748 1386 1837 σοφιστὴς
1446 1748 1704 1838 Σύρος,
1770 1746 1859 1827 ῶς
1915 1750 1995 1815 δέ
2043 1775 2221 1828 τινες
2270 1746 2605 1836 Ἀράβιος,
2662 1748 2731 1817 τὸ
2790 1748 2855 1814 δὲ

501 1877 551 1916 15
582 1854 830 1943 ἀληθὲς
899 1864 1259 1943 Πετραῖος,
1325 1854 1771 1942 σοφιστεύσας
1836 1856 1908 1936 ἐν
1963 1852 2295 1941 Ἀθήναις.
2398 1861 2641 1944 ἔγραψε
2704 1853 2856 1943 πρὸς

584 1968 863 2032 Λοῦπον
900 1964 1050 2049 περὶ
1088 1970 1478 2050 κακοζηλίας
1513 1965 1888 2051 ῥητορικῆς,
1934 1962 2497 2049 προσφωνητικόν
2536 1965 2853 2053 Γαλιηνῷ,

582 2068 772 2168 πρὸςι
812 2070 1284 2157 Κλεοπάτραν,
1356 2071 1507 2158 περὶ
1574 2074 1711 2139 τῶν
1775 2067 1919 2137 κατ’
1990 2067 2491 2155 Ἀλεξάνδρειαν
2559 2072 2852 2151 ἱστοριῶν

579 2182 806 2262 βιβλία
853 2176 928 2264 ι’,
976 2180 1145 2266 πρὸς
1187 2176 1303 2258 τὰς
1350 2176 1773 2264 φιλοσόφους
1821 2178 2127 2263 αἱρέσεις,
2174 2177 2323 2264 περὶ
2368 2179 2486 2262 τῆς
2524 2172 2849 2262 Ῥωμαίων

579 2279 1018 2363 ἀνανεώσεως
1061 2285 1173 2351 καὶ
1220 2282 1388 2351 ἄλλα
1424 2282 1577 2351 τινὰ
1628 2282 1918 2369 ἐγκώμια
1964 2282 2075 2349 καὶ
2120 2282 2383 2370 λόγους.

501 2410 552 2449 20
761 2391 1214 2459 CCCCXXXI.
1271 2388 1735 2468 Κάλλιππος
1766 2385 2123 2475 Ἀθηναῖος
2164 2387 2561 2475 φιλόσοφος,
2598 2390 2850 2455 Πλάτω-

577 2523 694 2575 νος
759 2496 1092 2584 μαθητής,
1161 2494 1234 2577 ὃς
1297 2499 1372 2565 ἐν
1433 2495 1904 2583 Συρακούσαις
1960 2494 2261 2584 ἀνῃρέθη
2320 2509 2679 2581 τυραννεῖν
2730 2496 2851 2562 ἐπι-

577 2602 904 2691 χειρήσας.
1006 2601 1301 2692 πονηρὸς
1377 2594 1573 2682 οὗτος
1646 2600 1986 2691 ἱστόρηται
2049 2600 2227 2687 παρὰ
2294 2606 2383 2692 τῷ
2444 2600 2850 2690 ’Πλουτάρχῳ

515 2695 522 2705 ⁷
577 2709 688 2775 καὶ
738 2715 1007 2789 Δίωνος
1052 2713 1173 2777 τοῦ
1213 2714 1694 2797 Συρακουσίου
1740 2706 2091 2794 προδότης.

719 2912 750 2959 2
791 2906 1173 2961 διδασκαλιῶν
1195 2906 1525 2961 Pearsonus.
1575 2905 1777 2959 Totum
1807 2905 1993 2958 locum
2022 2905 2168 2959 male
2197 2904 2493 2959 constituit
2510 2904 2847 2973 Bernhardy:

576 2986 746 3051 πίναξ
788 2985 885 3039 καὶ
931 2981 1238 3055 ἀναγραφὴ
1286 2987 1398 3039 τῶν
1447 3018 1512 3025 -—
1561 2983 1883 3054 γενομένων
1932 2982 2333 3055 [συγγραφέων
2380 2984 2501 3055 καὶ]
2554 2976 2846 3050 συνταγμά-

575 3086 686 3120 των
725 3068 1105 3122 διδασκαλιῶν
1142 3068 1339 3135 πίναξ,
1388 3064 1566 3137 [περὶ]
1614 3065 1725 3118 τῶν
1767 3070 1909 3134 Δημ.
1950 3065 2233 3134 γλωσσῶν,
2284 3064 2478 3133 μηνῶν
2524 3082 2681 3134 προσ.
2750 3061 2846 3115 Sed

577 3146 646 3200 cf.
686 3163 828 3213 quae
867 3147 936 3201 de
982 3148 1255 3201 lectorum
1303 3144 1703 3200 additamentis
1744 3145 1973 3213 exposui
2009 3144 2047 3203 1,
2089 3162 2134 3201 ο.
2174 3146 2232 3198 et
2268 3146 2409 3200 Mus,
2448 3145 2624 3201 Rhen.
2664 3142 2845 3199 XXXV

575 3244 628 3294 p.
651 3231 753 3279 215
851 3233 881 3279 3
915 3223 1320 3295 Δημοκράτους
1347 3231 1392 3278 A
1431 3220 1805 3293 Δημοκράτου
1826 3230 1871 3277 V
1891 3225 2063 3291 Eud„
2101 3242 2243 3294 quae
2274 3242 2381 3281 om.
2411 3227 2583 3291 πίναξ
2616 3257 2677 3265 -
2708 3224 2844 3277 διδα-

577 3302 820 3374 σκάλων,
857 3305 987 3375 περὶ
1021 3337 1092 3345 -
1124 3307 1418 3376 ποταμῶν,
1457 3304 1587 3373 περ).
1624 3336 1691 3345 --·
1729 3300 2097 3373 παραδόξων,
2142 3306 2221 3359 sic
2259 3321 2521 3375 pergens:
2570 3306 2699 3375 περὶ
2724 3325 2765 3358 τ.
2794 3298 2843 3356 ἐν

575 3405 619 3437 τ.
663 3384 769 3440 οἰκ.
809 3405 957 3454 ποτ.,
1005 3390 1181 3457 θαυμ.
1221 3388 1334 3440 τῶν
1383 3385 1464 3447 εἰς
1500 3380 1598 3441 ἅπ.
1638 3386 1745 3453 γῆν
1784 3380 1927 3439 κατὰ
1966 3405 2012 3439 τ.
2052 3380 2137 3439 ὅν.
2178 3403 2385 3454 συναγ.
2434 3388 2645 3449 κτίσεις
2682 3382 2842 3453 νήσων

575 3466 674 3518 καὶ
709 3462 930 3520 πόλεων
969 3466 1068 3520 καὶ
1104 3486 1306 3536 μετον.,
1345 3464 1475 3535 περ).
1512 3484 1629 3536 μετ.
1670 3463 1914 3535 ἰχθύων,
1954 3463 2083 3535 περὶ
2120 3460 2230 3534 dv„
2268 3464 2399 3535 περὶ
2436 3460 2556 3535 ὀρν.
2596 3466 2693 3519 καὶ
2727 3460 2843 3518 ἄλλα

575 3542 780 3611 πολλά,
819 3541 892 3607 ὡς
930 3548 1150 3616 εἴρηται
1294 3553 1325 3601 9
1363 3542 1543 3599 τόπον
1579 3550 1622 3597 Ε

720 3624 1076 3681 CCCCXXIX
1121 3627 1272 3681 Eud.
1320 3645 1372 3695 p.
1409 3632 1543 3695 442,
1583 3642 1725 3692 quae
1773 3624 1878 3680 inc,
1931 3622 2045 3679 ἔστι
2092 3624 2190 3679 καὶ
2237 3624 2310 3682 ἔτ.
2352 3657 2419 3666 -
2467 3620 2560 3681 ἆδ.
2599 3626 2764 3681 τοῦδε
2803 3622 2846 3676 et

577 3723 683 3761 om.
724 3703 846 3769 υἱὸς
875 3740 950 3753 --
991 3707 1121 3764 exit.
1271 3713 1330 3761 11
1376 3709 1721 3772 Στασίνορος
1758 3710 1803 3757 A

719 3786 1051 3843 CCCCXXX
1094 3787 1246 3841 Eud.
1285 3805 1337 3856 p.
1377 3793 1499 3842 439.
1585 3786 1665 3842 Cf.
1713 3804 1763 3840 v.
1807 3782 2114 3846 Γενέθλιος
2160 3787 2225 3849 ets
2268 3780 2575 3847 Ἰουλιανὸς
2623 3781 2841 3855 Δόμνου.

548 3866 657 3940 ’,ΒΘ
707 3883 773 3920 eo
822 3867 890 3921 cf.
929 3866 1132 3921 Mfiller
1168 3866 1247 3919 III
1283 3886 1338 3936 p.
1379 3874 1480 3921 663
1664 3872 1729 3920 13
1778 3860 2099 3933 Σουτώριος
2143 3866 2288 3934 νιιῖρ.
2328 3870 2445 3920 ΔΙᾶ.
2486 3866 2638 3921 Eud.
2687 3870 2843 3931 Σουη-

575 3942 770 4015 τῶριος
807 3952 907 3999 Av
945 3944 1299 4015 Σουκτώριος
1334 3952 1492 4000 REM
1652 3952 1719 3999 14
1758 3940 1939 4015 ῥήτωρ
1978 3939 2162 4013 Σύρος
2198 3945 2348 4000 Eud.
2513 3952 2579 3999 15
2620 3942 2681 4000 ἐν
2712 3940 2842 4011 Ἀθή-

575 4046 700 4087 ναις
738 4044 844 4082 om.
885 4028 1036 4083 Eud.
1221 4034 1288 4082 16
1335 4028 1609 4081 Λοῦππον
1649 4026 1793 4094 vuly.
1832 4025 1983 4080 Eud.
2031 4025 2262 4078 Λοῢπον
2298 4029 2345 4077 Δ
2528 4024 2772 4095 Γαληΐνῳ
2804 4025 2843 4072 Δ

578 4102 842 4177 Γαλλήνῳ
879 4112 1029 4159 BVE
1050 4112 1168 4162 ΔΗ.
1197 4108 1350 4166 Eud,
1392 4102 1652 4177 Γαλιήνῳ
1692 4122 1819 4159 eum
1857 4105 2052 4159 Ion-sio
2090 4104 2367 4159 Kusterus
2539 4111 2604 4158 18
2642 4097 2841 4174 φιλοσό-

573 4206 718 4254 φους
755 4191 852 4238 ΑΕ
892 4184 1221 4256 φιλοσόφων
1257 4189 1401 4258 vulg.
1433 4188 1587 4242 Eud.

719 4265 1073 4319 CCCCXXXI
1109 4266 1260 4321 Eud.
1291 4286 1345 4337 p.
1375 4273 1496 4335 446,
1529 4282 1674 4334 quae
1703 4282 1810 4319 om.
1841 4258 1903 4326 ὃς
1923 4264 1999 4303 ’-
2032 4263 2162 4320 exit.
2211 4265 2358 4333 Num
2388 4264 2738 4334 Hesychiana
2762 4261 2840 4325 sit,

574 4342 821 4399 dubium.
890 4344 972 4398 De
1011 4346 1290 4399 erroribus
1323 4345 1619 4399 Villoisoni
1660 4346 1727 4399 al.
1769 4344 1886 4399 dixi
1922 4345 2141 4399 UnterS.
2181 4363 2236 4415 p.
2275 4352 2306 4399 9
2346 4346 2405 4398 et
2440 4344 2500 4398 in
2538 4346 2621 4400 ed.
2661 4342 2786 4397 Eud.
