3025 4892
1066 237 1630 294 PROLEGOMENA.
2322 236 2497 292 XLIX

191 403 564 487 neglexisse
609 402 842 468 merito
889 403 1159 466 mireris,
1247 403 1555 466 Attamen
1612 401 1821 485 ipsius
1866 399 2207 484 Hermippi
2256 400 2497 464 librum

189 511 276 574 ab
335 509 669 593 Hesychio
735 509 1160 591 compilatum
1225 529 1364 572 esse
1419 527 1617 591 nego,
1682 529 1827 572 eum
1884 507 2101 591 potius
2158 529 2235 570 ex
2292 507 2495 570 altero

191 616 536 699 opusculo,
582 615 762 678 velut
807 635 884 678 ex
931 613 1256 679 communi
1303 615 1440 678 eius
1483 618 1550 678 et
1586 613 1897 699 Diogenis
1934 613 2134 695 fonte,
2181 610 2493 677 Demetrii

189 720 536 807 Magnetis
601 721 712 808 *vel
791 719 1266 806 Argesphontis
1347 717 1494 804 περὶ
1588 714 1967 802 ὁμωνύμων
2048 720 2217 784 libro
2228 771 2244 802 ,
2318 719 2497 784 loeos

189 829 364 892 istos
422 828 778 912 descriptos
837 849 978 892 esse
1033 849 1112 890 ex
1161 849 1218 891 V.
1269 829 1587 902 Φιλίσκος
1632 825 1775 890 coll.
1813 824 2004 911 Diog.
2050 825 2192 909 VI,-
2234 827 2316 890 73
2366 847 2497 909 seq.
2608 895 2621 908 ,

194 936 301 999 vel
355 931 743 1018 Νικόμαχος
797 931 952 1021 coll.J
997 933 1186 1019 Diog.
1235 933 1319 1016 V,
1367 932 1400 996 Ι
1461 929 1546 1016 (si
1596 931 2013 1016 Hesychiana
2078 930 2205 1017 est)
2274 931 2497 1015 colligi

195 1039 498 1126 possit.¹)

379 1147 560 1212 Idem
627 1147 1042 1213 statuendum
1109 1147 1339 1232 opinor
1405 1146 1481 1211 de
1539 1146 1683 1213 loco
1738 1145 2113 1212 Nicandri
2168 1145 2496 1210 Alexan-

192 1253 438 1336 drini,
505 1259 615 1338 qui
679 1253 982 1318 laudatur
1028 1277 1085 1318 v.
1141 1254 1484 1336 Αἰσχρίων
1540 1252 1651 1338 (cf.
1705 1252 1943 1317 Mfiller
1998 1251 2090 1316 IV
2144 1275 2205 1336 p.
2251 1248 2497 1338 462)²)‚

195 1381 347 1423 cum
411 1359 628 1423 locum
683 1359 1128 1442 Nicanoris,
1189 1358 1547 1424 Alexandri
1610 1381 1827 1425 rerum
1890 1355 2252 1442 scriptoris,
2316 1358 2495 1423 cuius

193 1463 438 1529 Suidas
487 1465 881 1530 mentionem
926 1465 1150 1530 iniecit
1195 1488 1252 1531 v.
1300 1467 1635 1549 Σίβυλλα,
1678 1487 1813 1532 non
1860 1487 1937 1529 ex
1983 1463 2338 1548 Hesychio,
2386 1464 2497 1528 sed

193 1594 274 1636 ex
334 1572 677 1637 Lactantio
737 1569 830 1656 (i.-
865 1593 915 1636 e.
969 1570 1298 1656 Varrone)
1361 1593 1557 1655 supra
1618 1571 2027 1656 exposuerim
2092 1570 2238 1635 coll.
2295 1570 2494 1635 schol.

193 1678 456 1744 Platon.
502 1677 596 1742 VI
651 1699 712 1761 p.
759 1678 888 1742 269
947 1676 1169 1743 Herm.
1217 1682 1284 1742 et
1337 1675 1625 1743 Cramer.
1680 1678 1919 1742 Anecd.
1985 1677 2130 1742 Par.
2176 1677 2209 1740 I
2253 1701 2316 1762 p.
2364 1675 2495 1740 332

195 1785 306 1868 (ef.
363 1784 625 1868 Miiller,
679 1785 784 1850 Al.
839 1785 1059 1868 script.
1110 1806 1171 1869 p.
1225 1781 1405 1870 152),
1463 1783 1909 1848 Artemonis
1958 1787 2177 1848 autem
2224 1780 2495 1848 Clazo-

194 1892 464 1973 menii,
520 1890 956 1975 Polyhistoris
1013 1891 1300 1976 aequalis
1311 1940 1330 1973 ,
1384 1887 1533 1974 περὶ
1582 1885 1875 1974 Ὁμήρου
1927 1890 2248 1975 libellum,
2302 1911 2495 1974 quem

193 1997 428 2062 laudat
471 2021 530 2063 v.
563 1993 926 2086 Ἀρκτῖνος,
971 1998 1039 2062 in
1084 1997 1291 2082 ipsius
1337 1995 1609 2062 Homeri
1658 1996 1929 2081 aliisque
1975 1999 2313 2080 poetarum
2360 1997 2491 2078 epi—

193 2126 420 2168 corum
480 2103 632 2168 vitis
706 2125 1052 2188 usurpasse
1117 2088 1484 2188 Hesychius
1551 2103 1847 2168 videatur
1920 2103 2027 2188 (cf.
2100 2100 2335 2166 Muller
2398 2099 2492 2165 IV

194 2233 257 2293 p.
307 2210 489 2295 341).
579 2208 754 2274 Num
801 2230 955 2275 vero
1001 2208 1431 2279 Alexandri
1478 2209 2011 2291 Polyhistoris
2056 2204 2208 2290 περὶ
2241 2193 2495 2283 Λυκίας

192 2317 465 2399 librum,
514 2317 625 2400 qui
671 2316 912 2382 citatur
947 2335 1006 2380 v.
1043 2310 1274 2399 Ὠλήν,
1319 2339 1437 2381 nec
1475 2317 1689 2380 minus
1736 2314 2133 2380 Theodori
2176 2313 2493 2379 Iliensis

201 2422 494 2508 Τρωικά,
541 2443 705 2507 quae
753 2422 1110 2487 afferuntur
1155 2445 1215 2487 v.
1253 2424 1691 2506 Παλαίφατος
1740 2419 2007 2506 (Mfiller
2043 2418 2139 2485 IV
2178 2443 2237 2503 p.
2278 2417 2493 2504 513³),

193 2531 342 2615 ipse
390 2528 782 2614 decerpserit
825 2549 1060 2610 necne,
1104 2549 1206 2593 res
1253 2551 1410 2593 sane
1457 2529 1766 2613 ambigua
1813 2531 1930 2592 est.

380 2635 726 2701 Difficilius
784 2644 1000 2701 autem
1057 2639 1160 2700 est
1212 2635 1527 2719 iudicatu,
1591 2635 1737 2718 quis
1793 2634 1881 2699 sit
1936 2632 2079 2700 Cra
2091 2637 2235 2715 tes,
2300 2654 2491 2716 quem

195 2742 566 2828 Hesychius
622 2766 680 2808 v.
721 2737 1008 2827 ’Λλκμάν
1060 2742 1448 2826 laudaverit,
1501 2742 1617 2806 ubi
1672 2736 1837 2806 κατὰ
1890 2738 1965 2807 δὲ
2010 2735 2131 2807 τὸν
2178 2735 2492 2823 Κράτητα

194 2852 552 2932 πταίοντα,
609 2849 675 2913 id
729 2850 900 2935 quod
925 2903 930 2908 .
957 2849 1275 2935 praebent
1319 2849 1376 2912 A
1435 2852 1501 2912 et
1546 2847 1696 2912 Vat.
1753 2847 2091 2932 Pearsoni,
2146 2845 2492 2932 legendum

197 2979 342 3021 esse
399 2977 623 3021 omnes
678 2953 1042 3043 viderunt⁴)
1098 2960 1358 3041 praeter
1410 2954 1935 3038 Bernhardyum,
1992 2955 2102 3038 qui
2160 2955 2297 3018 sine
2358 2953 2492 3017 ulla

199 3085 394 3128 causa
431 3064 662 3128 idonea
697 3061 850 3148 περὶ
886 3063 1184 3146 ποιητῶν
1220 3083 1340 3146 pro
1375 3064 1696 3126 πταίοντα
1734 3060 2187 3146 corrigendum
2226 3059 2492 3124 censuit.

197 3168 636 3255 Cogitandum
673 3170 844 3250 enim
881 3168 1134 3234 videtur
1170 3168 1248 3232 de
1278 3166 1534 3233 Oratete
1564 3166 1977 3247 Atheniensi,
2015 3187 2205 3251 quem
2244 3165 2319 3232 ἐν
2347 3176 2491 3242 ταῖς
2574 3183 2593 3204 ·

349 3330 398 3394 1)
443 3327 632 3390 Daub,
673 3327 827 3382 Stud.
866 3345 919 3396 p.
953 3331 1054 3381 148
1101 3325 1267 3380 hasce
1303 3325 1452 3379 vitas
1488 3323 1560 3378 de
1597 3324 1903 3394 Hermippo
1950 3321 2192 3394 pendere
2242 3323 2489 3392 suspica·

197 3409 316 3460 tur:
352 3402 700 3476 Ἀνδροτίων,
742 3401 1081 3474 Ἀστυδάμας
1127 3401 1157 3458 ὁ
1197 3401 1535 3474 πρεσβύτης,
1568 3400 1842 3474 Ἔφορος,
1890 3403 2209 3473 Θεοδέκτης
2254 3406 2488 3472 Φασηλί-

199 3505 314 3554 της,
356 3481 657 3552 Θεόκριτος
684 3489 838 3551 Χῖος,
869 3481 1223 3553 Θεόπομπος,
1254 3479 1645 3554 Θρασύμαχος,
1679 3481 1895 3552 Ἰσαῖος,
1918 3480 2233 3554 Ἰσοκράτης
2256 3478 2489 3554 Ἀμύκλα

203 3566 351 3635 (coll.
381 3585 432 3620 v.
457 3562 817 3632 Θεοδέκτης),
847 3560 1093 3633 Κόκκος,
1115 3557 1442 3632 Ὑπερείδης
1469 3564 1618 3630 (coll.
1641 3566 1842 3620 Athen.
1864 3564 1996 3618 VIII
2013 3581 2068 3632 p.
2090 3571 2212 3633 342,
2248 3565 2487 3621 Pseudo·

200 3647 341 3713 plut.
379 3663 432 3714 p.
463 3651 588 3710 313,
615 3651 681 3698 41
712 3644 938 3714 West.)‚
981 3644 1236 3704 Φιλίσκος
1271 3638 1563 3711 Μιλήσιος.
1638 3643 1892 3714 Expunxi
1928 3640 2175 3712 Ἔφορος
2212 3643 2310 3698 καὶ
2350 3642 2488 3698 Θεό-

201 3746 446 3796 πομπος,
483 3724 632 3795 quod
671 3723 832 3778 Daub
871 3723 1070 3778 laudat
1106 3721 1322 3777 nescius
1361 3724 1498 3792 quid
1533 3723 1657 3793 ipse
1693 3743 1747 3794 p.
1783 3731 1885 3780 133
1922 3724 2141 3781 dixerit.

341 3810 398 3874 2)
435 3804 690 3860 Contulit
726 3802 912 3872 Dauh,
955 3802 1112 3858 Stud.
1149 3821 1206 3872 p.
1241 3807 1342 3855 150
1380 3803 1555 3858 etiam
1594 3822 1643 3859 v.
1669 3799 2044 3872 Ἀντίπατρος,
2082 3800 2489 3873 Καλλισθένης,

205 3885 364 3940 Λέων
403 3888 530 3952 Βυζ.

342 3971 396 4030 3)
435 3965 696 4019 Ceterum
723 3980 939 4029 moneo,
969 3962 1268 4030 Daubium,
1300 3961 1458 4016 Stud.
1487 3982 1541 4032 p.
1568 3968 1668 4018 148
1696 3980 1807 4018 non
1834 3965 1985 4017 recte
2014 3964 2273 4019 attulisse
2294 3958 2401 4033 Ἑρ·
2411 3984 2447 4018 α
2467 3974 2486 4003 ῑ

202 4041 578 4105 τοσθένους
623 4043 950 4098 memoriam
988 4061 1039 4097 v.
1078 4043 1327 4112 Σίβυλλα
1365 4043 1559 4111 Σαμία
1605 4044 1915 4110 extantem,
1964 4059 2091 4096 cnm
2129 4043 2274 4097 hanc
2309 4043 2485 4098 vitam

206 4123 274 4174 ab
322 4120 600 4190 Hesychio
651 4121 896 4177 alienam
947 4139 1066 4178 esse
1113 4138 1184 4176 ne
1235 4120 1541 4176 Maassium
1592 4122 1845 4190 quidem,
1896 4123 1966 4178 de
2013 4122 2127 4177 Sib.
2178 4141 2233 4192 p.
2274 4128 2341 4177 53
2372 4139 2485 4191 seq.

205 4201 422 4270 fugerit.

327 4284 396 4356 ·4)
425 4280 698 4336 Similiter
725 4300 778 4336 v.
800 4281 1249 4352 Πολυδεύκης
1268 4313 1335 4323 -
1355 4283 1507 4346 τινὲς
1536 4280 1599 4336 δὲ
1621 4279 1907 4351 γράφουσι
1925 4282 2219 4347 παίζοντες
2240 4283 2485 4349 (πταίον-

206 4381 292 4422 τες
327 4377 464 4415 corr.
503 4362 826 4431 Kusterus),
862 4382 914 4418 v.
951 4360 1237 4430 Κάστωρ
1266 4360 1480 4424 Ῥόδιος
1518 4393 1583 4402 -
1624 4357 1699 4423 ὥς
1735 4358 1800 4415 δὲ
1838 4355 1997 4415 ἄλλοι
2036 4357 2457 4430 ἐπλανήθησαν.

308 4461 610 4512 Ennomus,
637 4461 706 4501 ed.
733 4461 892 4504 Flach.
2026 4448 2062 4500 d
