3025 4892
1105 212 1537 269 HEschUs
2342 216 2466 281 169

349 370 482 457 [ὅτι
535 372 653 454 τὰς
704 357 929 461 Θήβας
981 372 1108 462 τὴν
1161 373 1363 443 πόλιν
1409 372 1851 462 Ἀλέξανδρόν
1905 396 2117 462 φασιν
2176 382 2269 457 εἰς
2324 382 2469 446 ἔδα-

166 505 296 564 φος
332 481 773 568 κατασκάψαι,
819 482 930 550 καὶ
975 480 1154 570 πλὴν
1197 484 1434 571 ἱερέων
1469 508 1542 551 τε
1578 484 1687 551 καὶ
1726 486 1989 569 ἱερειῶν
2026 482 2184 564 τοὺς
2220 482 2471 564 ἄλλους

165 585 681 674 ἀνδραποδίσαι.
755 590 866 657 καὶ
911 588 1036 677 τὴν
1083 589 1442 677 Πινδάρου
1489 588 1564 657 δὲ
1608 592 1731 659 τοῦ
1775 595 2059 677 ποιητοῦ
2097 595 2318 659 οἰκίαν
2356 593 2467 659 καὶ

165 693 328 773 τοὺς
389 693 770 782 ἀπογόνους
821 701 943 765 τοῦ
994 696 1350 785 Πινδάρου
1408 699 1752 783 λέγουσιν,
1814 695 1915 766 ὅτι
1972 696 2259 778 ἀπαθεῖς
2314 700 2471 786 ἐφύ-

167 803 370 882 λαξεν
409 806 614 878 ,αἰδοῖ
661 808 742 892 τῇ
795 803 1182 893 Πινδάρου,
1239 802 1330 884 ὥς
1383 822 1595 889 φησιν
1638 802 1983 892 Ἀρριανὸς
2038 803 2074 874 ὁ
2134 803 2470 893 ἱστορικὸς
2496 828 2522 867 5

163 910 235 975 ἐν
280 914 372 997 τῇ
417 908 743 995 ἀναβάσει
786 908 1272 998 Ἀλεξάνδρου]

349 1019 634 1086 DOXLI.
707 1023 1180 1105 Πίνδαρος
1237 1023 1661 1087 Σκοπελίνου
1724 1024 2043 1105 Θηβαῖος,
2102 1018 2213 1086 καὶ
2269 1016 2472 1098 αὐτὸς

165 1124 474 1211 λυρικός,
523 1122 798 1206 ἀνεψιὸς
843 1130 964 1195 τοῦ
1012 1128 1362 1214 προτέρου.

347 1233 666 1301 DCXLII.
731 1230 1127 1311 Πιττακὸς
1165 1239 1647 1318 Μιτυληναῖος,
1684 1230 1831 1312 υἱὸς
1868 1236 2131 1301 Καϊκοῦ
2168 1228 2209 1319 ἢ
2239 1230 2469 1319 Ὑρρα-

165 1341 322 1405 δίου
363 1339 646 1430 Θρᾳκός,
693 1338 939 1428 μητρὸς
985 1339 1061 1407 δὲ
1100 1344 1404 1425 Λεσβίας.
1487 1330 1683 1421 οὗτος
1719 1342 1955 1426 γε’γονε
1991 1340 2158 1409 κατὰ
2193 1337 2319 1425 τὴν
2355 1337 2463 1425 λβ’
2497 1366 2547 1404 ιο

167 1441 574 1532 ὀλυμπιάδα,
621 1442 716 1527 εἷς
758 1448 871 1515 καὶ
917 1444 1121 1527 αὐτὸς
1164 1452 1300 1515 τῶν
1350 1450 1404 1529 ζ’
1443 1452 1678 1534 σοφῶν
1726 1443 1844 1515 ω’“ν.
1918 1451 2162 1533 ἔγραψε
2199 1444 2471 1532 νόμους.

169 1554 302 1636 [καὶ
364 1558 444 1642 τῇ
492 1554 610 1641 μβ’
661 1552 1023 1641 ὀλυμπιάδι
1069 1557 1476 1643 Μέλαγχρον
1524 1554 1644 1623 τὸν
1688 1553 2033 1642 τύραννον
2076 1551 2473 1639 Μιτυλήνης

166 1658 413 1747 ἀνεῖλε,
460 1663 570 1729 καὶ
616 1660 954 1749 Φρύνωνα
1000 1660 1374 1749 στρατηγὸν
1409 1659 1789 1749 Ἀθηναίων
1838 1664 2261 1747 πολεμοῦντα
2300 1657 2469 1746 ὑπὲρ

166 1772 288 1834 τοῦ
329 1775 616 1855 Σιγείου
662 1772 1067 1857 μονομαχῶν
1113 1767 1476 1854 ἀπέκτεινε,
1526 1768 1773 1859 δικτύῳ
1817 1765 2199 1856 περιβαλὼν
2246 1763 2471 1835 αὐτόν.

164 1874 450 1960 γηραιὸς
487 1876 562 1943 δὲ
597 1874 1133 1963 ἀναγκαζόμενος
1169 1890 1564 1963 στρατηγεῖν
1604 1880 1732 1962 ἔφη
1772 1872 1862 1955 ὥς
1896 1871 2185 1962 χαλεπὸν
2215 1871 2467 1941 ἐσθλὸν
2498 1901 2547 1942 ιι

166 1986 464 2069 ἔμμεναι.
528 1970 778 2052 τούτου
813 1981 1222 2070 ἀπόφθεγμα
1261 1981 1532 2069 (καιρὸν
1575 1984 1877 2069 γνῶθι’.]
1946 1984 2213 2067 ἐποίησε
2252 1980 2327 2049 δὲ
2362 1981 2471 2049 καὶ

163 2089 422 2173 ἐλεγεῖα
469 2095 590 2176 ἔπη
638 2090 704 2178 χ’
754 2090 863 2157 καὶ
910 2086 1078 2176 ὑπὲρ
1125 2087 1358 2175 νόμων
1401 2090 1886 2175 καταλογάδην.

343 2199 699 2267 DCXLIII.
786 2196 1125 2265 Πλάτων
1177 2193 1574 2283 Ἀρίστωνος
1636 2199 1757 2263 τοῦ
1808 2191 2305 2281 Ἀριστοκλέους
2358 2197 2470 2263 καὶ

164 2306 608 2392 Περικτιόνης
661 2301 702 2391 ἢ
760 2306 1119 2391 Ποτιόνης,
1173 2301 1250 2371 τὸ
1305 2303 1498 2388 γένος
1562 2300 1881 2388 ἑλκούσης
1937 2297 2063 2369 ἀπὸ
2120 2298 2471 2387 Σόλωνος·

166 2410 314 2497 ἕκτη
387 2411 514 2499 γὰρ
578 2404 666 2497 ἦν
733 2409 844 2479 ἀπ’
908 2414 1194 2497 ἐκείνου,
1257 2422 1413 2488 παῖς
1466 2410 1790 2496 γενομένη
1848 2406 2295 2494 (Γλαύκωνος
2346 2412 2470 2476 τοῦ
2498 2434 2551 2473 2⁰

164 2522 641 2607 Καλλαίσχρου
680 2524 802 2587 τοῦ
842 2525 1127 2607 Κριτίου
1161 2520 1330 2603 τοῦ)
1374 2519 1746 2604 Δρωπίδου
1782 2520 1904 2584 τοῦ
1942 2518 2243 2602 ποιητοῦ,
2282 2511 2469 2583 ἀδελ-

165 2689 319 2759 δρος,
355 2685 744 2759 Χριστόδωρος
772 2688 842 2741 al.
876 2687 1017 2742 coni.
1045 2688 1218 2741 Daub
1247 2682 1418 2741 ἔπικά
1439 2689 1499 2741 et
1526 2686 1965 2757 suprascriptum
1994 2680 2172 2755 ἤγουν
2200 2681 2465 2753 ποιητικά

166 2782 270 2823 οιιι.
311 2768 414 2823 καὶ
441 2774 486 2821 V
631 2768 728 2823 καὶ
773 2771 1033 2836 καταλογ.
1073 2798 1140 2807 —
1180 2766 1308 2821 exit.
1348 2768 1458 2839 ipsi
1498 2767 1704 2822 Suidae
1742 2768 1934 2823 deberi
1970 2768 2113 2821 coni.
2144 2767 2315 2821 Daub

169 2846 886 2997 {fggissfflssffioequentia
926 2846 1154 2903 Suidam
1201 2865 1269 2902 ex
1312 2846 1529 2901 Arrian.
1569 2848 1744 2903 Anah.
1784 2848 1833 2917 Ι,
1869 2853 1901 2901 9
1949 2847 2065 2901 dixi
2111 2846 2252 2902 Mus,
2290 2846 2469 2903 Rhen.

309 3008 539 3063 DCXLI
576 3025 684 3063 om.
717 3009 990 3063 Westerm.
1031 3007 1182 3062 Eud.
1221 3008 1258 3063 l.
1298 3024 1343 3061 e.
1404 3006 1537 3061 Vita
1576 3007 1967 3062 commenticia
2006 3011 2093 3062 est

307 3087 562 3143 DCXLII
599 3088 749 3143 Eud.
780 3106 834 3156 p.
867 3092 988 3143 605.
1049 3085 1128 3141 cf.
1159 3087 1318 3157 Diog.
1349 3086 1392 3152 Ι,
1425 3091 1490 3141 74
1513 3104 1629 3155 seq.
1700 3087 1971 3142 Traetant
1996 3085 2250 3152 Clinton,
2287 3084 2415 3139 fast.
2445 3086 2471 3139 I

172 3182 222 3230 p.
255 3172 378 3233 197,
409 3166 622 3235 Rohde,
651 3166 794 3221 Mus.
825 3167 1000 3222 Rhen.
1021 3165 1254 3221 XXXVI
1281 3186 1334 3236 p.
1358 3172 1462 3221 426
1490 3169 1606 3221 not.
1629 3173 1661 3220 2
1772 3175 1803 3223 9
1844 3168 1939 3222 καὶ
1964 3162 2109 3236 Τρρ.
2140 3168 2285 3237 vuly.
2317 3167 2467 3222 Eud.

167 3236 199 3311 ἢ
236 3250 471 3315 ΔΒῩΕ,
511 3210 662 3316 ιῙιιόᾶ
698 3248 1190 3303 commendaverat
1219 3248 1522 3317 Menayius
1683 3253 1750 3301 10
1788 3246 1983 3317 γέγονε
2023 3247 2113 3301 hic
2153 3246 2469 3317 significare

171 3330 367 3390 „natus
409 3330 537 3381 σει-Ἄ*
575 3326 856 3399 persuasit
891 3326 1115 3396 Rome,
1153 3328 1292 3381 Mus.
1331 3327 1510 3382 Rhen.
1547 3326 1785 3381 XXXIII
1820 3346 1871 3396 p.
1909 3334 2009 3382 187
2174 3332 2236 3381 11
2280 3324 2364 3388 εἷς
2400 3358 2468 3367 -

175 3399 484 3477 ὀλυμπιάδι
512 3424 618 3461 om.
649 3413 694 3459 Δ
807 3413 871 3461 13
909 3370 1266 3477 πολεμόῦντα
1304 3424 1373 3461 ex
1401 3408 1532 3463 Par.
1563 3408 1840 3462 Kusterus
1875 3408 2286 3474 πολιορκοῦντα
2324 3409 2467 3477 vuly.

168 3484 315 3542 Eud.
393 3486 473 3541 Cf.
512 3483 716 3542 Herod.
751 3488 819 3557 V,
848 3492 915 3541 95
1101 3492 1168 3541 14
1213 3482 1510 3542 ἀπέκτεινε
1553 3485 1617 3543 δὲ
1655 3494 1726 3555 V3
1777 3487 1845 3541 ef.
1883 3488 2079 3541 Festus
2123 3506 2163 3541 s.
2202 3487 2467 3541 Ratiario.

174 3564 434 3621 Ceterum
474 3584 620 3637 quae
649 3568 851 3623 seclusi
880 3565 1110 3621 Suidam
1141 3582 1208 3621 ex
1234 3566 1395 3637 Diog.
1425 3568 1467 3636 Ι,
1500 3574 1567 3623 74
1588 3585 1699 3637 seq.
1732 3566 2014 3622 addidisse
2042 3567 2334 3635 probabile
2364 3569 2465 3637 est,

169 3644 406 3701 fortasse
445 3648 620 3702 eiiam
648 3650 897 3703 exi-,rema
932 3648 1125 3715 verba,
1163 3648 1233 3703 de
1273 3648 1476 3717 quibus
1516 3648 1585 3704 cf.
1620 3648 1817 3714 Hiller,
1854 3647 1992 3700 Mus.
2033 3646 2207 3700 Rhen.
2238 3646 2471 3700 XXXIII

170 3742 221 3793 p.
253 3734 374 3783 520.
430 3729 720 3797 Leguntur
759 3729 907 3783 enim
947 3722 1172 3796 ἐποίησε
1208 3758 1278 3766 -
1313 3728 1441 3783 exit.
1481 3728 1557 3783 ad.
1592 3730 1826 3784 verbum
1862 3726 2011 3796 apud
2050 3724 2212 3794 Diog.
2242 3726 2284 3792 Ι,
2319 3731 2383 3779 79

309 3806 585 3862 DCXLIII
622 3809 772 3863 Eud.
803 3828 858 3878 p.
887 3814 1004 3863 605.
1064 3809 1142 3863 cf.
1173 3808 1340 3876 Diog.
1372 3806 1466 3876 III,
1499 3814 1526 3861 1
1550 3826 1661 3877 seq.
1718 3809 1801 3863 De
1836 3807 2041 3867 Suidae
2070 3806 2469 3861 additamentis

173 3884 284 3940 dixi
321 3888 462 3943 Μιιε.
498 3888 668 3943 Rhen.
698 3888 905 3943 XXXV
934 3907 985 3958 p.
1017 3894 1138 3943 219.
1206 3886 1286 3941 Cf.
1317 3887 1488 3942 effla-m
1523 3888 1815 3956 Bfieheler‚
1854 3888 1974 3942 Ind.
2006 3886 2211 3955 Gryph.
2241 3902 2291 3939 a.
2331 3890 2467 3941 1869

178 3971 237 4019 19
274 3965 658 4037 Περικτιόνης
693 3970 836 4039 vulq.
876 3969 1028 4023 Eud.
1069 3964 1441 4038 Περικτιόνης
1477 3974 1631 4022 AVB
1668 3986 1800 4024 mox
1840 3965 2093 4035 Πωτῶνη
2132 3972 2177 4018 Δ

174 4050 240 4099 20
275 4050 413 4103 haee
449 4066 652 4104 manea
689 4064 808 4103 esse
843 4048 990 4103 vidit
1024 4049 1494 4115 Hemsterhwsius3
1542 4048 1952 4104 restituendum
1989 4065 2057 4102 ex
2093 4047 2255 4116 Diog.
2296 4046 2392 4116 ΙΙΙ,
2433 4053 2460 4101 1

176 4127 262 4181 vel
297 4128 469 4182 schol.
507 4128 729 4183 Platon.
759 4127 837 4183 VI
865 4146 918 4197 p.
950 4134 1078 4183 364·
1119 4122 1186 4182 οῦ
1226 4119 1588 4197 Κριτίας,οῦ
1628 4124 2033 4196 Κάλλαισχρος,
2072 4118 2139 4181 οὗ
2192 4121 2467 4182 Γλαύκων

178 4237 239 4247 -
285 4210 476 4279 itaque
519 4208 859 4271 Γλαύκωνος
895 4239 962 4249 -
1000 4210 1234 4276 Κριτίου
1279 4208 1382 4263 τοῦ
1420 4208 1651 4274 inserui3
1702 4227 1833 4275 εκτη
1882 4237 1949 4247 -η
1998 4202 2312 4277 Χαρμάδας
2357 4223 2465 4263 οιιι.

177 4287 338 4357 Eud„
375 4290 482 4343 nisi
489 4289 672 4385 ”quod
707 4288 939 4344 exhibet
968 4285 1346 4360 ἐφιλοσόφησε
1386 4284 1541 4359 παρὰ
1572 4282 1866 4393 Σωκράτει
1898 4284 1993 4358 ἔτη
2021 4283 2081 4341 κ’
2192 4294 2257 4343 21
2299 4282 2464 4344 ἀδελ·

183 4371 290 4435 φοῦ
327 4375 371 4423 V
415 4370 516 4425 τοῦ
555 4364 646 4424 ἀδ.
684 4370 783 4426 rel.
