3025 4892
1135 188 1567 246 HESYCHIUS.
2406 193 2487 256 21

161 355 452 418 λωνίου
506 351 616 419 καὶ
671 349 922 440 μήτρός
973 355 1313 430 πολίτιδος
1363 354 1501 420 τῶν
1558 353 1937 438 ἐπιφανῶν,
2000 349 2083 420 ὃν
2138 353 2395 422 κύουσα
2450 351 2491 440 ἡ

161 457 413 544 μήτηρ
461 457 820 528 ἐπιστάντα
857 461 1148 546 δαίμονα
1186 456 1537 543 ε’θεάσατο,
1586 459 1865 544 λέγοντα
1903 455 1993 538 ὡς
2030 456 2231 540 αὐτὸς
2266 469 2368 546 εἴη
2409 455 2491 527 ὃν

158 562 372 649 κύει,
447 563 622 632 εἶναι
693 563 768 632 δὲ
833 566 1118 652 Πρωτέα
1179 563 1300 634 τὸν
1365 566 1769 653 Αίγύπτιον,
1843 563 2013 634 ὅθεν
2076 564 2493 654 ὑπειλῆφθαι

163 668 408 740 αὐτὸν
469 673 798 760 Πρωτέως
853 669 1026 740 εἶναι
1081 671 1256 740 υἱόν.
1346 671 1458 739 καὶ
1511 669 1755 759 ἤκμαζε
1810 671 1934 760 μὲν
1988 673 2093 741 ἐπὶ
2140 677 2493 742 Κλαυδίου

161 779 296 844 καὶ
357 785 574 847 Γαΐου
617 779 727 847 καὶ
773 779 1098 866 Νέρωνος
1131 778 1244 846 καὶ
1288 780 1480 865 μέχρι
1526 778 1782 864 Νέρβα,
1830 777 1937 865 ἐφ’
1980 770 2065 848 οὗ
2108 780 2221 848 καὶ
2261 781 2489 868 μετήλι-
2519 809 2545 850 5

163 888 418 972 λαξεν,
464 885 792 974 ἐσιώπησε
841 885 917 955 δὲ
954 883 1124 954 κατὰ
1157 884 1585 973 Πυθαγόραν
1618 886 1814 954 πέντε
1852 891 1983 972 ἔτη.
2057 883 2195 954 εἶτα
2238 885 2493 975 ἀπῆρεν

165 997 278 1072 εἰς
321 999 699 1081 Αἴγυπτον,
747 997 967 1062 ἔπειτα
1004 997 1100 1072 εἰς
1139 995 1522 1079 Βαβυλῶνα
1558 991 1726 1080 πρὸς
1760 991 1920 1072 τοὺς
1956 991 2232 1080 μάγους,
2275 990 2491 1062 κάκεῖ-

165 1110 322 1169 θεν
372 1102 478 1170 ἐπὶ
523 1098 681 1180 τοὺς
707 1097 1021 1189 ”Αραβας,
1072 1100 1182 1168 καὶ
1230 1100 1521 1185 συνῆξεν
1566 1101 1638 1168 ἐκ
1684 1097 1956 1168 πάντων
2000 1098 2083 1168 τὰ
2128 1105 2336 1187 μυρία
2378 1100 2490 1168 καὶ

165 1209 346 1294 περὶ
383 1206 597 1284 αὐτοῦ
635 1206 1070 1296 θρυλούμενα
1108 1203 1642 1294 μαγγανεύματα.
1710 1206 2023 1296 συνέταξε
2062 1205 2137 1274 δὲ
2172 1208 2491 1276 τοσαῦτα·

171 1311 528 1402 τελετάςῆ
557 1315 710 1402 περὶ
737 1317 1026 1400 θυσιῶν,
1066 1312 1430 1401 διαθήκην,
1467 1311 1830 1401 χρησμούς,
1858 1312 2225 1399 ἐπιστολάς,
2254 1320 2490 1382 Πυθα-
2520 1346 2573 1385 10

171 1422 411 1508 γόρου
455 1428 630 1509 βίον.

372 1530 663 1597 LXXXI.
711 1525 1232 1606 Ἀπολλῶνιος
1277 1527 1499 1615 ἕτερος
1560 1524 1877 1612 Τυανεύς,
1916 1525 2292 1614 φιλόσοφος
2328 1526 2491 1596 νεῶ-

172 1662 414 1725 τερος,
471 1633 766 1723 γεγονὼς
819 1634 924 1704 ἐπὶ
967 1631 1328 1722 Ἀδριανοῦ
1379 1637 1502 1702 τοῦ
1564 1635 1919 1720 βασιλέως,
1976 1631 2067 1714 ὥς
2106 1629 2490 1722 Ἀγρέσφων

183 1744 268 1810 ἐν
319 1747 414 1836 τῷ
461 1744 612 1830 περὶ
659 1740 1058 1830 ὁμωνύμων.

373 1853 698 1919 LXXXII.
767 1847 1184 1929 Ἀππιανός
1229 1849 1328 1937 (οἱ
1372 1848 1447 1917 δὲ
1495 1846 1611 1916 διὰ
1651 1852 1777 1918 τοῦ
1824 1847 1977 1929 ἑνὸς
2021 1873 2069 1916 π
2105 1849 2487 1936 γράφουσιν
2517 1878 2568 1918 15

169 1956 524 2047 Ἀπιανός)
575 1956 816 2046 [ὄνομα
861 1957 1122 2044 κύριον.
1203 1947 1399 2036 οὗτος
1445 1953 1482 2024 ὁ
1526 1953 1883 2036 Ἀππιανὸς
1928 1960 2173 2043 ἔγραψε
2210 1954 2481 2044 Ῥωμαϊ-

176 2063 315 2152 κὴν
377 2069 714 2152 ἱστορίαν,
768 2064 894 2150 τὴν
939 2063 1362 2149 καλουμένην
1407 2061 1783 2149 βασιλικήν.
1873 2063 1984 2131 καὶ
2032 2065 2107 2130 αί
2147 2063 2269 2150 μὲν
2314 2077 2491 2152 τρεῖς

179 2177 418 2258 βίβλοι
459 2169 828 2240 Ἀππιανοῦ
883 2173 960 2238 αί
1007 2173 1264 2258 πρῶται
1309 2168 1933 2257 περιλαμβάνουσιν
1978 2167 2103 2238 ὅσα
2140 2167 2490 2258 Ῥωμαίοις

183 2276 714 2365 ἀγωνιζομένοις
777 2279 845 2357 ἐς
893 2275 1264 2356 Ἰταλιώτας
1329 2281 1422 2344 ἔτι
1487 2276 1638 2363 περὶ
1702 2274 1909 2365 ἀρχῆς
1960 2277 2073 2345 καὶ
2130 2274 2489 2365 ἡγεμονίας

181 2385 526 2474 ἐπράχθη·
565 2383 690 2454 ὅσα
727 2380 791 2451 δ’
826 2382 1000 2470 ἀμφὶ
1036 2383 1161 2471 τὴν
1192 2381 1478 2452 Ἰταλίαν
1518 2381 1687 2452 ἄλλα
1715 2391 1969 2454 Κελτοί
1996 2409 2067 2452 τε
2097 2384 2211 2451 καὶ
2240 2389 2487 2470 Λίβυες
2512 2414 2567 2454 80

185 2491 492 2580 ἔδρασάν
537 2518 606 2559 τε
649 2492 761 2560 καὶ
809 2495 1092 2576 ἔπαθον,
1138 2491 1250 2560 καὶ
1296 2500 1363 2560 εί
1399 2497 1470 2560 τί
1508 2514 1658 2558 που·
1678 2492 1789 2559 καὶ
1826 2495 1943 2579 τῆς
1973 2489 2252 2571 Ἰταλίας
2287 2491 2488 2578 μέρος

181 2599 517 2686 ἀνάγκαις
561 2594 602 2685 ἢ
650 2599 954 2686 ἐνέδραις
997 2593 1040 2684 ἢ
1085 2597 1370 2677 πλάναις
1416 2599 1482 2677 ἐς
1529 2594 1773 2678 αὐτοὺς
1820 2601 2165 2686 μετέθετο,
2226 2599 2300 2665 ἐν
2345 2610 2487 2676 τοῖς
2512 2667 2527 2674 ,

181 2707 342 2794 περὶ
389 2708 664 2775 Κελτῶν
709 2704 820 2772 καὶ
869 2702 1167 2790 Λιβύων.
1259 2707 1751 2793 συγγέγραπται
1798 2703 1865 2773 δ’
1902 2702 2010 2792 ἐφ’
2056 2707 2311 2774 ἑαυτῶν
2360 2701 2484 2772 ὅσα

180 2815 300 2882 καὶ
359 2815 426 2892 ἐς
477 2810 594 2892 τὰς
647 2812 1015 2898 ἐμφυλίους
1055 2808 1402 2898 Ῥωμαίων
1459 2811 1724 2892 στάσεις
1780 2809 1821 2899 ἡ
1875 2809 2117 2881 Ἰταλία
2174 2815 2485 2900 διῃρεϊτο.

182 2926 289 2988 ἔτι
343 2916 501 2999 τοὺς
553 2917 722 3005 πρὸς
777 2917 1103 3004 Κελτούς,
1166 2921 1464 2987 τουτέστι
1524 2918 1940 3008 Γερμανούς,
2008 2925 2079 2987 οἳ
2134 2917 2306 3006 ἀμφὶ
2360 2917 2481 2986 τὸν
2510 2949 2561 2988 25

173 3025 428 3114 Ῥῆνον
472 3022 773 3111 ποταμόν
820 3028 1024 3110 εἰσιν,
1077 3026 1190 3093 καὶ
1233 3025 1392 3106 τούς
1437 3025 1771 3111 Γαλάτας,
1817 3025 2115 3094 τουτέστι
2163 3024 2483 3111 Γάλλους,

181 3133 524 3218 πολέμους
575 3132 688 3198 καὶ
741 3129 858 3210 τὰς
911 3135 1124 3212 αἰτίας
1177 3129 1434 3218 αὐτῶν,
1491 3131 1617 3200 ὅσα
1666 3158 1737 3200 τε
1782 3137 2123 3220 συνθῆκαι
2166 3134 2279 3201 καὶ
2324 3153 2484 3202 συν-

181 3243 428 3326 θηκῶν
473 3238 879 3326 παραβάσεις
923 3235 966 3326 ἢ
1013 3237 1488 3319 ἐπαναστάσεις
1533 3239 1845 3326 ἐγένοντο
1887 3244 2161 3309 Κελτῶν
2208 3242 2332 3321 ἕως
2378 3242 2482 3308 ἐπὶ

181 3349 312 3415 τοῦ
357 3351 593 3432 Γαΐου,
645 3343 1006 3434 ἡ’τετάρτη
1052 3349 1286 3432 βίβλος
1329 3345 1615 3434 περιέχει
1664 3351 2111 3434 συλλαβοῦσα.
2192 3352 2255 3416 εἰ
2300 3349 2380 3416 δέ
2420 3354 2491 3416 τί

183 3477 324 3520 που
378 3452 626 3520 Κελτοὶ
680 3452 770 3541 μὴ
825 3451 988 3520 κατὰ
1043 3450 1387 3538 πρόφασιν
1443 3455 1697 3521 οἰκείαν
1754 3450 1949 3527 ἄλλα,
1980 3460 2484 3542 συμμαχοῦντες
2511 3485 2563 3524 30

185 3617 654 3694 μαγγανεύματα.
728 3623 918 3678 Pauca
953 3621 1247 3692 descripsit
1281 3622 1755 3694 Pseudo—Hesych.
1794 3641 1839 3678 o.
1873 3630 1900 3677 1
2075 3630 2109 3678 4
2148 3619 2243 3678 ἐπὶ
2282 3628 2343 3678 Γ.
2384 3625 2483 3678 καὶ
2550 3648 2555 3651 ·

185 3705 290 3756 Κλ.
328 3701 500 3756 Daub
683 3707 750 3755 10
801 3701 898 3756 καὶ
945 3697 1084 3756 ἄλλα
1130 3698 1306 3758 πολλὰ
1354 3701 1480 3756 add.
1520 3703 1691 3774 Eud„
1741 3705 1870 3773 post
1922 3706 2047 3776 βίον
2094 3702 2365 3760 nonnulla
2414 3721 2482 3758 ex

192 3779 526 3836 Philostrati
561 3779 681 3836 vita
715 3779 1005 3848 Apollonii
1041 3781 1168 3838 add.
1207 3783 1416 3838 Suidas
2013 3851 2018 3855 .

334 3861 566 3916 LXXXI
600 3859 826 3930 ignorat
860 3860 1012 3916 Eud.
1139 3869 1206 3917 13
1240 3859 1573 3933 Ἄργεσιφῶν
1610 3881 1748 3920 corr.
1777 3864 2087 3930 Nietzsche,
2122 3862 2264 3918 Mus.
2301 3863 2477 3918 Rhen.

189 3942 375 3997 XXIV
401 3960 458 4012 p.
485 3947 588 3996 227
624 3937 922 4010 Ἀγεσιφῶν
948 3941 1195 3997 tentavit
1219 3943 1426 4014 Rome,
1455 3944 1595 4000 Mus,
1624 3946 1798 4000 Rhen.
1820 3943 2054 3998 XXXIV
2081 3961 2134 4013 p.
2158 3950 2258 3998 621
2290 3947 2406 3999 not.
2428 3951 2479 4014 2,

184 4019 520 4094 Ἀγερσιφῶν
557 4040 684 4078 cum
720 4023 794 4076 K.
823 4021 1010 4077 Keilio
1047 4021 1269 4090 Μααεε,
1305 4025 1490 4094 Biogr.
1530 4044 1585 4095 p.
1614 4031 1685 4080 54
1712 4026 1829 4080 not.

331 4103 591 4160 LXXXII
646 4103 728 4158 cf.
756 4101 1175 4171 Mendelssohn,
1200 4103 1339 4160 Mus.
1370 4105 1545 4162 Rhen.
1576 4105 1757 4159 XXXI
1783 4123 1839 4174 p.
1868 4111 1971 4162 201
1996 4121 2113 4172 seq.
2225 4109 2291 4158 15
2330 4103 2389 4159 οἱ
2413 4104 2477 4162 δὲ

193 4203 310 4256 seq.
346 4186 456 4240 huc
493 4185 568 4240 ab
606 4185 735 4240 exit.
773 4187 879 4240 art.
912 4186 1252 4255 transposui.
1369 4193 1434 4241 16
1473 4187 1556 4241 De
1590 4185 1977 4241 additamento
2004 4183 2289 4254 uberiore,
2327 4187 2479 4253 q‘uod

194 4267 398 4321 Suidae
438 4265 692 4333 debetur,
729 4265 846 4320 dixi
873 4265 1014 4320 Mus.
1043 4267 1219 4324 Rhen.
1249 4262 1453 4322 XXXV
1482 4285 1537 4336 p.
1568 4271 1673 4320 204
1763 4260 1945 4335 ὄνομα
1976 4297 2039 4306 ——-
2068 4260 2172 4320 Ἄπ.
2200 4281 2309 4321 om.
2328 4270 2479 4320 BEV

193 4339 360 4410 οὗτος
395 4363 508 4416 seq.
547 4346 720 4403 habet
745 4352 791 4399 Δ
827 4346 888 4404 in
914 4364 1091 4417 marg.
