<?xml version="1.0" encoding="UTF-8"?>
<!DOCTYPE html PUBLIC "-//W3C//DTD XHTML 1.0 Transitional//EN"
    "http://www.w3.org/TR/xhtml1/DTD/xhtml1-transitional.dtd">
<html xmlns="http://www.w3.org/1999/xhtml" xml:lang="en" lang="en">
 <head>
  <title>
</title>
<meta http-equiv="Content-Type" content="text/html;charset=utf-8" />
  <meta name='ocr-system' content='tesseract 3.04.00' />
  <meta name='ocr-capabilities' content='ocr_page ocr_carea ocr_par ocr_line ocrx_word'/>
</head>
<body>
  <div class='ocr_page' id='page_1' title='image "./hesychiimilesii04flacgoog_0232.png"; bbox 0 0 3025 4892; ppageno 0'>
   <div class='ocr_carea' id='block_1_1' title="bbox 489 152 1842 222">
    <p class='ocr_par' dir='ltr' id='par_1_1' title="bbox 489 152 1842 222">
     <span class='ocr_line' id='line_1_1' title="bbox 489 152 1842 222; baseline -0.001 -13"><span class='ocrx_word' id='word_1_1' title='bbox 489 158 618 222; x_wconf 82' lang='lat'><em>134</em></span> <span class='ocrx_word' id='word_1_2' title='bbox 1411 152 1842 209; x_wconf 79' lang='lat' dir='ltr'><strong>HESYCHIUS.</strong></span> 
     </span>
    </p>
   </div>
   <div class='ocr_carea' id='block_1_2' title="bbox 416 306 2819 2673">
    <p class='ocr_par' dir='ltr' id='par_1_2' title="bbox 479 306 2790 727">
     <span class='ocr_line' id='line_1_2' title="bbox 479 306 2789 407; baseline -0.002 -21"><span class='ocrx_word' id='word_1_3' title='bbox 479 319 738 399; x_wconf 76' lang='grc' dir='ltr'><em>ἐδίδαξε</em></span> <span class='ocrx_word' id='word_1_4' title='bbox 776 321 1127 407; x_wconf 76' lang='grc' dir='ltr'><em>κωμῳδίας</em></span> <span class='ocrx_word' id='word_1_5' title='bbox 1168 316 1271 401; x_wconf 82' lang='grc' dir='ltr'><em>θ’,</em></span> <span class='ocrx_word' id='word_1_6' title='bbox 1319 321 1510 393; x_wconf 90' lang='grc' dir='ltr'><em>νίκας</em></span> <span class='ocrx_word' id='word_1_7' title='bbox 1550 310 1623 382; x_wconf 72' lang='grc' dir='ltr'><em>δὲ</em></span> <span class='ocrx_word' id='word_1_8' title='bbox 1661 310 1795 383; x_wconf 86' lang='grc' dir='ltr'><em>εἷλε</em></span> <span class='ocrx_word' id='word_1_9' title='bbox 1832 314 1928 402; x_wconf 86' lang='grc' dir='ltr'><em>β’·</em></span> <span class='ocrx_word' id='word_1_10' title='bbox 1968 306 2192 399; x_wconf 85' lang='grc' dir='ltr'><em>[οὗτος</em></span> <span class='ocrx_word' id='word_1_11' title='bbox 2230 316 2514 403; x_wconf 85' lang='grc' dir='ltr'><em>α’ρχαίας</em></span> <span class='ocrx_word' id='word_1_12' title='bbox 2550 310 2789 403; x_wconf 84' lang='grc' dir='ltr'><em>κωμῳ-</em></span> 
     </span>
     <span class='ocr_line' id='line_1_3' title="bbox 487 419 2789 511; baseline -0.002 -18"><span class='ocrx_word' id='word_1_13' title='bbox 487 430 634 505; x_wconf 90' lang='grc' dir='ltr'><em>δίας</em></span> <span class='ocrx_word' id='word_1_14' title='bbox 670 422 966 511; x_wconf 85' lang='grc' dir='ltr'><em>ποιητής,</em></span> <span class='ocrx_word' id='word_1_15' title='bbox 1006 419 1113 502; x_wconf 51' lang='grc' dir='ltr'><em>(ὃς</em></span> <span class='ocrx_word' id='word_1_16' title='bbox 1150 429 1425 490; x_wconf 78' lang='grc' dir='ltr'><em>πλεῖστα</em></span> <span class='ocrx_word' id='word_1_17' title='bbox 1458 426 1683 510; x_wconf 77' lang='grc' dir='ltr'><em>χορῶν</em></span> <span class='ocrx_word' id='word_1_18' title='bbox 1721 426 1859 490; x_wconf 75' lang='grc' dir='ltr'><em>τῶν</em></span> <span class='ocrx_word' id='word_1_19' title='bbox 1898 420 2280 491; x_wconf 80' lang='grc' dir='ltr'><em>ἀντιπάλων</em></span> <span class='ocrx_word' id='word_1_20' title='bbox 2317 427 2507 508; x_wconf 83' lang='grc' dir='ltr'><strong><em>νίκης</em></strong></span> <span class='ocrx_word' id='word_1_21' title='bbox 2550 426 2789 508; x_wconf 78' lang='grc' dir='ltr'><em>ἔστησε</em></span> 
     </span>
     <span class='ocr_line' id='line_1_4' title="bbox 485 526 2787 621; baseline -0.003 -20"><span class='ocrx_word' id='word_1_22' title='bbox 485 530 810 621; x_wconf 51' lang='grc' dir='ltr'><em>τρόπαια,</em></span> <span class='ocrx_word' id='word_1_23' title='bbox 858 530 1070 610; x_wconf 90' lang='grc' dir='ltr'><em>πάσας</em></span> <span class='ocrx_word' id='word_1_24' title='bbox 1117 532 1196 597; x_wconf 85' lang='grc' dir='ltr'><em>δ’</em></span> <span class='ocrx_word' id='word_1_25' title='bbox 1245 526 1410 617; x_wconf 82' lang='grc' dir='ltr'><em>ὑμῖν</em></span> <span class='ocrx_word' id='word_1_26' title='bbox 1456 527 1693 616; x_wconf 80' lang='grc' dir='ltr'><em>φωνὰς</em></span> <span class='ocrx_word' id='word_1_27' title='bbox 1740 528 1860 609; x_wconf 77' lang='grc' dir='ltr'><em>ἱεὶς</em></span> <span class='ocrx_word' id='word_1_28' title='bbox 1906 532 2015 597; x_wconf 88' lang='grc' dir='ltr'><em>καὶ</em></span> <span class='ocrx_word' id='word_1_29' title='bbox 2062 529 2340 610; x_wconf 79' lang='grc' dir='ltr'><strong><em>ψάλλων</em></strong></span> <span class='ocrx_word' id='word_1_30' title='bbox 2389 530 2498 597; x_wconf 88' lang='grc' dir='ltr'><em>καὶ</em></span> <span class='ocrx_word' id='word_1_31' title='bbox 2546 552 2787 617; x_wconf 88' lang='grc' dir='ltr'><em>πτερυ-</em></span> 
     </span>
     <span class='ocr_line' id='line_1_5' title="bbox 488 636 2790 727; baseline -0.003 -19"><span class='ocrx_word' id='word_1_32' title='bbox 488 644 686 727; x_wconf 79' lang='grc' dir='ltr'><em>γίζων</em></span> <span class='ocrx_word' id='word_1_33' title='bbox 744 636 854 706; x_wconf 90' lang='grc' dir='ltr'><em>καὶ</em></span> <span class='ocrx_word' id='word_1_34' title='bbox 907 640 1194 718; x_wconf 79' lang='grc' dir='ltr'><em>λυδίζων</em></span> <span class='ocrx_word' id='word_1_35' title='bbox 1241 636 1351 704; x_wconf 84' lang='grc' dir='ltr'><em>καὶ</em></span> <span class='ocrx_word' id='word_1_36' title='bbox 1398 640 1699 723; x_wconf 82' lang='grc' dir='ltr'><em>ψηνίζων</em></span> <span class='ocrx_word' id='word_1_37' title='bbox 1746 636 1854 702; x_wconf 89' lang='grc' dir='ltr'><em>καὶ</em></span> <span class='ocrx_word' id='word_1_38' title='bbox 1902 636 2319 723; x_wconf 78' lang='grc' dir='ltr'><em>βαπτόμενος</em></span> <span class='ocrx_word' id='word_1_39' title='bbox 2366 642 2790 723; x_wconf 79' lang='grc' dir='ltr'><em>βατραχείοις</em></span> 
     </span>
    </p>

    <p class='ocr_par' dir='ltr' id='par_1_3' title="bbox 433 739 2793 1259">
     <span class='ocr_line' id='line_1_6' title="bbox 433 739 2789 834; baseline -0 -25"><span class='ocrx_word' id='word_1_40' title='bbox 433 770 459 809; x_wconf 84' lang='lat'><strong>5</strong></span> <span class='ocrx_word' id='word_1_41' title='bbox 491 746 614 815; x_wconf 84' lang='grc' dir='ltr'><em>οὐκ</em></span> <span class='ocrx_word' id='word_1_42' title='bbox 662 746 1039 834; x_wconf 81' lang='grc' dir='ltr'><em>ἐξήρκεσεν,</em></span> <span class='ocrx_word' id='word_1_43' title='bbox 1086 741 1256 811; x_wconf 79' lang='grc' dir='ltr'><em>ἀλλὰ</em></span> <span class='ocrx_word' id='word_1_44' title='bbox 1304 746 1633 811; x_wconf 78' lang='grc' dir='ltr'><em>τελευτῶν</em></span> <span class='ocrx_word' id='word_1_45' title='bbox 1682 743 1785 810; x_wconf 83' lang='grc' dir='ltr'><em>ἐπὶ</em></span> <span class='ocrx_word' id='word_1_46' title='bbox 1833 743 2081 830; x_wconf 85' lang='grc' dir='ltr'><em>γήρως,</em></span> <span class='ocrx_word' id='word_1_47' title='bbox 2130 742 2211 811; x_wconf 85' lang='grc' dir='ltr'><em>οὐ</em></span> <span class='ocrx_word' id='word_1_48' title='bbox 2258 742 2384 829; x_wconf 83' lang='grc' dir='ltr'><em>γὰρ</em></span> <span class='ocrx_word' id='word_1_49' title='bbox 2433 739 2536 829; x_wconf 85' lang='grc' dir='ltr'><em>ἐφ’</em></span> <span class='ocrx_word' id='word_1_50' title='bbox 2589 741 2789 829; x_wconf 81' lang='grc' dir='ltr'><em>ἥβης,</em></span> 
     </span>
     <span class='ocr_line' id='line_1_7' title="bbox 491 848 2791 939; baseline -0.001 -19"><span class='ocrx_word' id='word_1_51' title='bbox 491 851 814 939; x_wconf 81' lang='grc' dir='ltr'><em>ἐξεβλήθη</em></span> <span class='ocrx_word' id='word_1_52' title='bbox 855 849 1227 937; x_wconf 84' lang='grc' dir='ltr'><em>πρεσβύτης</em></span> <span class='ocrx_word' id='word_1_53' title='bbox 1265 848 1384 936; x_wconf 73' lang='grc' dir='ltr'><em>ὤν,</em></span> <span class='ocrx_word' id='word_1_54' title='bbox 1424 848 1527 917; x_wconf 83' lang='grc' dir='ltr'><em>ὅτι</em></span> <span class='ocrx_word' id='word_1_55' title='bbox 1566 854 1688 917; x_wconf 85' lang='grc' dir='ltr'><em>τοῦ</em></span> <span class='ocrx_word' id='word_1_56' title='bbox 1728 848 2053 917; x_wconf 72' lang='grc' dir='ltr'><em>σκώπτειν</em></span> <span class='ocrx_word' id='word_1_57' title='bbox 2092 848 2467 936; x_wconf 78' lang='grc' dir='ltr'><em>ἀπελείφθη</em></span> <span class='ocrx_word' id='word_1_58' title='bbox 2482 852 2520 917; x_wconf 84' lang='grc'><em>’.</em></span> <span class='ocrx_word' id='word_1_59' title='bbox 2584 850 2691 930; x_wconf 82' lang='grc' dir='ltr'><em>ψά</em></span> <span class='ocrx_word' id='word_1_60' title='bbox 2712 858 2791 917; x_wconf 93' lang='grc' dir='ltr'><em>λ-</em></span> 
     </span>
     <span class='ocr_line' id='line_1_8' title="bbox 490 954 2789 1043; baseline -0.002 -16"><span class='ocrx_word' id='word_1_61' title='bbox 490 968 645 1027; x_wconf 88' lang='grc' dir='ltr'><em>λων</em></span> <span class='ocrx_word' id='word_1_62' title='bbox 704 956 778 1025; x_wconf 76' lang='grc' dir='ltr'><em>δὲ</em></span> <span class='ocrx_word' id='word_1_63' title='bbox 822 956 980 1037; x_wconf 82' lang='grc' dir='ltr'><em>τοὺς</em></span> <span class='ocrx_word' id='word_1_64' title='bbox 1026 954 1493 1043; x_wconf 51' lang='grc' dir='ltr'><em>Βαρβιτιστάςῑ</em></span> <span class='ocrx_word' id='word_1_65' title='bbox 1551 959 1773 1043; x_wconf 80' lang='grc' dir='ltr'><em>δρᾶμα</em></span> <span class='ocrx_word' id='word_1_66' title='bbox 1822 959 1900 1023; x_wconf 84' lang='grc' dir='ltr'><em>δέ</em></span> <span class='ocrx_word' id='word_1_67' title='bbox 1943 958 2079 1023; x_wconf 85' lang='grc' dir='ltr'><em>ἐστι</em></span> <span class='ocrx_word' id='word_1_68' title='bbox 2125 959 2247 1023; x_wconf 85' lang='grc' dir='ltr'><em>τοῦ</em></span> <span class='ocrx_word' id='word_1_69' title='bbox 2294 958 2688 1042; x_wconf 77' lang='grc' dir='ltr'><em>Μάγνητος,</em></span> <span class='ocrx_word' id='word_1_70' title='bbox 2749 955 2789 1042; x_wconf 79' lang='grc' dir='ltr'>ἡ</span> 
     </span>
     <span class='ocr_line' id='line_1_9' title="bbox 493 1062 2793 1153; baseline -0.001 -18"><span class='ocrx_word' id='word_1_71' title='bbox 493 1065 568 1135; x_wconf 72' lang='grc' dir='ltr'><em>δὲ</em></span> <span class='ocrx_word' id='word_1_72' title='bbox 615 1064 930 1151; x_wconf 78' lang='grc' dir='ltr'><em>βάρβιτος</em></span> <span class='ocrx_word' id='word_1_73' title='bbox 985 1062 1166 1145; x_wconf 79' lang='grc' dir='ltr'><em>εἶδος</em></span> <span class='ocrx_word' id='word_1_74' title='bbox 1221 1062 1521 1153; x_wconf 78' lang='grc' dir='ltr'><em>ὀργάνου</em></span> <span class='ocrx_word' id='word_1_75' title='bbox 1577 1066 1925 1151; x_wconf 84' lang='grc' dir='ltr'><em>μουσικοῦ.</em></span> <span class='ocrx_word' id='word_1_76' title='bbox 2016 1070 2512 1149; x_wconf 77' lang='grc' dir='ltr'><em>πτερυγίζων</em></span> <span class='ocrx_word' id='word_1_77' title='bbox 2560 1064 2636 1132; x_wconf 77' lang='grc' dir='ltr'><em>δὲ</em></span> <span class='ocrx_word' id='word_1_78' title='bbox 2686 1063 2793 1132; x_wconf 79' lang='grc' dir='ltr'><em>ὅτι</em></span> 
     </span>
     <span class='ocr_line' id='line_1_10' title="bbox 492 1169 2792 1259; baseline -0.001 -19"><span class='ocrx_word' id='word_1_79' title='bbox 492 1170 947 1256; x_wconf 79' lang='grc' dir='ltr'><em>καὶ”ορνιθας</em></span> <span class='ocrx_word' id='word_1_80' title='bbox 985 1172 1252 1257; x_wconf 87' lang='grc' dir='ltr'><em>ἐποίησε</em></span> <span class='ocrx_word' id='word_1_81' title='bbox 1291 1174 1559 1259; x_wconf 68' lang='grc' dir='ltr'><em>δρᾶμα]</em></span> <span class='ocrx_word' id='word_1_82' title='bbox 1632 1176 1877 1255; x_wconf 83' lang='grc' dir='ltr'><em>ἔγραψε</em></span> <span class='ocrx_word' id='word_1_83' title='bbox 1917 1169 1991 1237; x_wconf 74' lang='grc' dir='ltr'><em>δὲ</em></span> <span class='ocrx_word' id='word_1_84' title='bbox 2028 1170 2138 1238; x_wconf 86' lang='grc' dir='ltr'><em>καὶ</em></span> <span class='ocrx_word' id='word_1_85' title='bbox 2177 1169 2449 1250; x_wconf 81' lang='grc' dir='ltr'><em>Λυδοὺς</em></span> <span class='ocrx_word' id='word_1_86' title='bbox 2484 1171 2594 1238; x_wconf 88' lang='grc' dir='ltr'><em>καὶ</em></span> <span class='ocrx_word' id='word_1_87' title='bbox 2643 1170 2792 1256; x_wconf 70' lang='grc' dir='ltr'><em>Ψῆῖ</em></span> 
     </span>
    </p>

    <p class='ocr_par' dir='ltr' id='par_1_4' title="bbox 416 1274 2798 1579">
     <span class='ocr_line' id='line_1_11' title="bbox 416 1274 2793 1367; baseline 0.002 -26"><span class='ocrx_word' id='word_1_88' title='bbox 416 1302 466 1341; x_wconf 82' lang='grc' dir='ltr'><em>ιο</em></span> <span class='ocrx_word' id='word_1_89' title='bbox 496 1306 618 1357; x_wconf 89' lang='grc' dir='ltr'><em>νας</em></span> <span class='ocrx_word' id='word_1_90' title='bbox 662 1278 780 1345; x_wconf 88' lang='grc' dir='ltr'><em>καὶ·</em></span> <span class='ocrx_word' id='word_1_91' title='bbox 810 1275 1214 1363; x_wconf 81' lang='grc' dir='ltr'><em>Βατράχους.</em></span> <span class='ocrx_word' id='word_1_92' title='bbox 1292 1281 1456 1360; x_wconf 81' lang='grc' dir='ltr'><em>[ἔστι</em></span> <span class='ocrx_word' id='word_1_93' title='bbox 1503 1278 1579 1344; x_wconf 76' lang='grc' dir='ltr'><em>δὲ</em></span> <span class='ocrx_word' id='word_1_94' title='bbox 1626 1276 1971 1365; x_wconf 72' lang='grc' dir='ltr'><em>χρώματος</em></span> <span class='ocrx_word' id='word_1_95' title='bbox 2018 1274 2196 1357; x_wconf 86' lang='grc' dir='ltr'><em>εἶδος</em></span> <span class='ocrx_word' id='word_1_96' title='bbox 2241 1276 2315 1345; x_wconf 86' lang='grc' dir='ltr'><em>τὸ</em></span> <span class='ocrx_word' id='word_1_97' title='bbox 2363 1276 2793 1367; x_wconf 87' lang='grc' dir='ltr'><em>βατράχειον·</em></span> 
     </span>
     <span class='ocr_line' id='line_1_12' title="bbox 495 1382 2798 1479; baseline -0.001 -26"><span class='ocrx_word' id='word_1_98' title='bbox 495 1384 624 1453; x_wconf 79' lang='grc' dir='ltr'><em>ἀπὸ</em></span> <span class='ocrx_word' id='word_1_99' title='bbox 672 1383 916 1453; x_wconf 83' lang='grc' dir='ltr'><em>τούτου</em></span> <span class='ocrx_word' id='word_1_100' title='bbox 960 1384 1071 1451; x_wconf 83' lang='grc' dir='ltr'><em>καὶ</em></span> <span class='ocrx_word' id='word_1_101' title='bbox 1119 1384 1433 1472; x_wconf 83' lang='grc' dir='ltr'><em>βατραχὶς</em></span> <span class='ocrx_word' id='word_1_102' title='bbox 1481 1382 1765 1470; x_wconf 78' lang='grc' dir='ltr'><em>ἱμάτιον.</em></span> <span class='ocrx_word' id='word_1_103' title='bbox 1832 1386 2134 1471; x_wconf 84' lang='grc' dir='ltr'><em>ἐχρίοντο</em></span> <span class='ocrx_word' id='word_1_104' title='bbox 2176 1384 2249 1453; x_wconf 73' lang='grc' dir='ltr'><em>δὲ</em></span> <span class='ocrx_word' id='word_1_105' title='bbox 2285 1390 2377 1479; x_wconf 76' lang='grc' dir='ltr'><em>τῷ</em></span> <span class='ocrx_word' id='word_1_106' title='bbox 2418 1391 2798 1476; x_wconf 85' lang='grc' dir='ltr'><em>βατραχείῳ</em></span> 
     </span>
     <span class='ocr_line' id='line_1_13' title="bbox 494 1488 2268 1579; baseline -0.002 -17"><span class='ocrx_word' id='word_1_107' title='bbox 494 1495 573 1563; x_wconf 80' lang='grc' dir='ltr'><em>τὰ</em></span> <span class='ocrx_word' id='word_1_108' title='bbox 619 1493 970 1579; x_wconf 86' lang='grc' dir='ltr'><em>πρόσωπα,</em></span> <span class='ocrx_word' id='word_1_109' title='bbox 1016 1490 1177 1577; x_wconf 80' lang='grc' dir='ltr'><em>πρὶν</em></span> <span class='ocrx_word' id='word_1_110' title='bbox 1216 1493 1665 1579; x_wconf 82' lang='grc' dir='ltr'><em>ἐπινοηθῆναι</em></span> <span class='ocrx_word' id='word_1_111' title='bbox 1712 1488 1793 1557; x_wconf 78' lang='grc' dir='ltr'><em>τὰ</em></span> <span class='ocrx_word' id='word_1_112' title='bbox 1841 1498 2268 1579; x_wconf 63' lang='grc' dir='ltr'><em>προσωπεῖα]</em></span> 
     </span>
    </p>

    <p class='ocr_par' dir='ltr' id='par_1_5' title="bbox 496 1603 2808 1805">
     <span class='ocr_line' id='line_1_14' title="bbox 677 1603 2804 1697; baseline 0 -22"><span class='ocrx_word' id='word_1_113' title='bbox 677 1608 1190 1677; x_wconf 80' lang='lat' dir='ltr'><strong>CCCCXCVIII.</strong></span> <span class='ocrx_word' id='word_1_114' title='bbox 1251 1612 1538 1693; x_wconf 84' lang='grc' dir='ltr'><em>Μαΐωρ</em></span> <span class='ocrx_word' id='word_1_115' title='bbox 1580 1603 1887 1693; x_wconf 81' lang='grc' dir='ltr'><em>Ἀράβιος</em></span> <span class='ocrx_word' id='word_1_116' title='bbox 1934 1606 2272 1694; x_wconf 80' lang='grc' dir='ltr'><em>σοφιστής.</em></span> <span class='ocrx_word' id='word_1_117' title='bbox 2350 1614 2595 1696; x_wconf 81' lang='grc' dir='ltr'><em>ἔγραψε</em></span> <span class='ocrx_word' id='word_1_118' title='bbox 2646 1610 2804 1697; x_wconf 85' lang='grc' dir='ltr'><em>περὶ</em></span> 
     </span>
     <span class='ocr_line' id='line_1_15' title="bbox 496 1712 2808 1805; baseline -0.001 -19"><span class='ocrx_word' id='word_1_119' title='bbox 496 1718 796 1787; x_wconf 89' lang='grc' dir='ltr'><em>στάσεων</em></span> <span class='ocrx_word' id='word_1_120' title='bbox 849 1720 1076 1801; x_wconf 84' lang='grc' dir='ltr'><em>βιβλία</em></span> <span class='ocrx_word' id='word_1_121' title='bbox 1133 1714 1244 1801; x_wconf 84' lang='grc' dir='ltr'><em>ιγ’.</em></span> <span class='ocrx_word' id='word_1_122' title='bbox 1337 1714 1773 1803; x_wconf 89' lang='grc' dir='ltr'><em>συνεχρόνισε</em></span> <span class='ocrx_word' id='word_1_123' title='bbox 1840 1714 1915 1783; x_wconf 76' lang='grc' dir='ltr'><em>δὲ</em></span> <span class='ocrx_word' id='word_1_124' title='bbox 1977 1712 2210 1804; x_wconf 77' lang='grc' dir='ltr'><em>Ἀψίνῃ</em></span> <span class='ocrx_word' id='word_1_125' title='bbox 2272 1716 2382 1783; x_wconf 80' lang='grc' dir='ltr'><em>καὶ</em></span> <span class='ocrx_word' id='word_1_126' title='bbox 2442 1714 2808 1805; x_wconf 78' lang='grc' dir='ltr'><em>Νικαγόρᾳ</em></span> 
     </span>
    </p>

    <p class='ocr_par' dir='ltr' id='par_1_6' title="bbox 419 1820 1999 1907">
     <span class='ocr_line' id='line_1_16' title="bbox 419 1820 1999 1907; baseline -0.003 -14"><span class='ocrx_word' id='word_1_127' title='bbox 419 1847 469 1885; x_wconf 85' lang='lat'><em>15</em></span> <span class='ocrx_word' id='word_1_128' title='bbox 499 1826 602 1893; x_wconf 85' lang='grc' dir='ltr'><em>ἐπὶ</em></span> <span class='ocrx_word' id='word_1_129' title='bbox 655 1830 992 1892; x_wconf 87' lang='grc' dir='ltr'><em>Φιλίππου</em></span> <span class='ocrx_word' id='word_1_130' title='bbox 1037 1824 1158 1889; x_wconf 85' lang='grc' dir='ltr'><em>τοῦ</em></span> <span class='ocrx_word' id='word_1_131' title='bbox 1207 1827 1551 1907; x_wconf 86' lang='grc' dir='ltr'><em>Καίσαρος</em></span> <span class='ocrx_word' id='word_1_132' title='bbox 1597 1822 1707 1888; x_wconf 87' lang='grc' dir='ltr'><em>καὶ</em></span> <span class='ocrx_word' id='word_1_133' title='bbox 1755 1820 1999 1889; x_wconf 87' lang='grc' dir='ltr'><em>ἐπάνω.</em></span> 
     </span>
    </p>

    <p class='ocr_par' dir='ltr' id='par_1_7' title="bbox 502 1927 2816 2341">
     <span class='ocr_line' id='line_1_17' title="bbox 679 1927 2809 2018; baseline -0 -19"><span class='ocrx_word' id='word_1_134' title='bbox 679 1930 1126 1999; x_wconf 81' lang='lat' dir='ltr'><strong>CGOOXOIX.</strong></span> <span class='ocrx_word' id='word_1_135' title='bbox 1221 1927 1591 2014; x_wconf 84' lang='grc' dir='ltr'><em>Μάλχος</em></span> <span class='ocrx_word' id='word_1_136' title='bbox 1653 1927 2015 2009; x_wconf 78' lang='grc' dir='ltr'><em>Βυζάντιος</em></span> <span class='ocrx_word' id='word_1_137' title='bbox 2063 1928 2402 2015; x_wconf 87' lang='grc' dir='ltr'><em>σοφιστής.</em></span> <span class='ocrx_word' id='word_1_138' title='bbox 2504 1936 2809 2018; x_wconf 81' lang='grc' dir='ltr'><em>ἔγραψεν</em></span> 
     </span>
     <span class='ocr_line' id='line_1_18' title="bbox 502 2033 2812 2126; baseline -0.001 -20"><span class='ocrx_word' id='word_1_139' title='bbox 502 2043 805 2126; x_wconf 79' lang='grc' dir='ltr'><em>ἱστορίαν</em></span> <span class='ocrx_word' id='word_1_140' title='bbox 871 2033 999 2104; x_wconf 79' lang='grc' dir='ltr'><em>ἀπὸ</em></span> <span class='ocrx_word' id='word_1_141' title='bbox 1069 2039 1186 2122; x_wconf 83' lang='grc' dir='ltr'><em>τῆς</em></span> <span class='ocrx_word' id='word_1_142' title='bbox 1250 2039 1589 2120; x_wconf 84' lang='grc' dir='ltr'><em>βασιλείας</em></span> <span class='ocrx_word' id='word_1_143' title='bbox 1654 2040 2182 2103; x_wconf 88' lang='grc' dir='ltr'><em>Κωνσταντίνου</em></span> <span class='ocrx_word' id='word_1_144' title='bbox 2247 2036 2358 2101; x_wconf 85' lang='grc' dir='ltr'><em>καὶ</em></span> <span class='ocrx_word' id='word_1_145' title='bbox 2430 2037 2552 2115; x_wconf 79' lang='grc' dir='ltr'><em>ἕως</em></span> <span class='ocrx_word' id='word_1_146' title='bbox 2614 2034 2812 2104; x_wconf 82' lang='grc' dir='ltr'><em>Ἀνα-</em></span> 
     </span>
     <span class='ocr_line' id='line_1_19' title="bbox 502 2134 2813 2237; baseline 0 -25"><span class='ocrx_word' id='word_1_147' title='bbox 502 2150 810 2237; x_wconf 82' lang='grc' dir='ltr'><em>στασίου,</em></span> <span class='ocrx_word' id='word_1_148' title='bbox 878 2144 949 2211; x_wconf 92' lang='grc' dir='ltr'><em>ἐν</em></span> <span class='ocrx_word' id='word_1_149' title='bbox 1009 2134 1052 2230; x_wconf 82' lang='grc' dir='ltr'><strong><em>ᾖ</em></strong></span> <span class='ocrx_word' id='word_1_150' title='bbox 1116 2139 1196 2211; x_wconf 77' lang='grc' dir='ltr'><em>τὰ</em></span> <span class='ocrx_word' id='word_1_151' title='bbox 1260 2138 1425 2209; x_wconf 76' lang='grc' dir='ltr'><em>κατὰ</em></span> <span class='ocrx_word' id='word_1_152' title='bbox 1496 2138 1785 2226; x_wconf 88' lang='grc' dir='ltr'><em>Ζήνωνα</em></span> <span class='ocrx_word' id='word_1_153' title='bbox 1849 2142 1960 2209; x_wconf 80' lang='grc' dir='ltr'><em>καὶ</em></span> <span class='ocrx_word' id='word_1_154' title='bbox 1989 2232 1992 2237; x_wconf 28' lang='grc' dir='ltr'>Ι</span> <span class='ocrx_word' id='word_1_155' title='bbox 2024 2148 2443 2209; x_wconf 87' lang='grc' dir='ltr'><em>Βασιλίσκον</em></span> <span class='ocrx_word' id='word_1_156' title='bbox 2499 2143 2613 2209; x_wconf 85' lang='grc' dir='ltr'><em>καὶ</em></span> <span class='ocrx_word' id='word_1_157' title='bbox 2680 2143 2813 2212; x_wconf 86' lang='grc' dir='ltr'><em>τὸν</em></span> 
     </span>
     <span class='ocr_line' id='line_1_20' title="bbox 503 2246 2816 2341; baseline -0.001 -21"><span class='ocrx_word' id='word_1_158' title='bbox 503 2250 890 2341; x_wconf 84' lang='grc' dir='ltr'><em>ἐμπρησμὸν</em></span> <span class='ocrx_word' id='word_1_159' title='bbox 952 2254 1071 2335; x_wconf 79' lang='grc' dir='ltr'><em>τῆς</em></span> <span class='ocrx_word' id='word_1_160' title='bbox 1131 2252 1451 2335; x_wconf 89' lang='grc' dir='ltr'><em>δημοσίας</em></span> <span class='ocrx_word' id='word_1_161' title='bbox 1519 2246 1960 2335; x_wconf 81' lang='grc' dir='ltr'><em>βιβλιοθήκης</em></span> <span class='ocrx_word' id='word_1_162' title='bbox 2023 2250 2133 2315; x_wconf 82' lang='grc' dir='ltr'><em>καὶ</em></span> <span class='ocrx_word' id='word_1_163' title='bbox 2198 2252 2335 2317; x_wconf 79' lang='grc' dir='ltr'><em>τῶν</em></span> <span class='ocrx_word' id='word_1_164' title='bbox 2396 2248 2816 2337; x_wconf 79' lang='grc' dir='ltr'><em>ἀγαλμάτων</em></span> 
     </span>
    </p>

    <p class='ocr_par' dir='ltr' id='par_1_8' title="bbox 423 2351 2819 2557">
     <span class='ocr_line' id='line_1_21' title="bbox 423 2351 2819 2445; baseline -0.003 -16"><span class='ocrx_word' id='word_1_165' title='bbox 423 2380 474 2418; x_wconf 80' lang='lat'><em>2⁰</em></span> <span class='ocrx_word' id='word_1_166' title='bbox 504 2364 626 2429; x_wconf 83' lang='grc' dir='ltr'><em>τοῦ</em></span> <span class='ocrx_word' id='word_1_167' title='bbox 685 2356 1156 2445; x_wconf 81' lang='grc' dir='ltr'><em>Αὐγουσταίου</em></span> <span class='ocrx_word' id='word_1_168' title='bbox 1222 2355 1332 2422; x_wconf 88' lang='grc' dir='ltr'><em>καὶ</em></span> <span class='ocrx_word' id='word_1_169' title='bbox 1390 2352 1559 2421; x_wconf 75' lang='grc' dir='ltr'><em>ἄλλα</em></span> <span class='ocrx_word' id='word_1_170' title='bbox 1614 2351 1763 2421; x_wconf 78' lang='grc' dir='ltr'><em>τινὰ</em></span> <span class='ocrx_word' id='word_1_171' title='bbox 1822 2354 2251 2441; x_wconf 81' lang='grc' dir='ltr'><em>διεξέρχεται,</em></span> <span class='ocrx_word' id='word_1_172' title='bbox 2308 2353 2484 2442; x_wconf 91' lang='grc' dir='ltr'><em>μάλα</em></span> <span class='ocrx_word' id='word_1_173' title='bbox 2543 2361 2819 2441; x_wconf 75' lang='grc' dir='ltr'><em>σεμνῶς</em></span> 
     </span>
     <span class='ocr_line' id='line_1_22' title="bbox 503 2458 1968 2557; baseline -0.005 -22"><span class='ocrx_word' id='word_1_174' title='bbox 503 2468 612 2535; x_wconf 90' lang='grc' dir='ltr'><em>καὶ</em></span> <span class='ocrx_word' id='word_1_175' title='bbox 656 2469 1032 2557; x_wconf 79' lang='grc' dir='ltr'><em>τραγῳδίας</em></span> <span class='ocrx_word' id='word_1_176' title='bbox 1071 2467 1268 2548; x_wconf 91' lang='grc' dir='ltr'><em>δίκην</em></span> <span class='ocrx_word' id='word_1_177' title='bbox 1316 2458 1733 2547; x_wconf 81' lang='grc' dir='ltr'><em>ἆποθρηνῶν</em></span> <span class='ocrx_word' id='word_1_178' title='bbox 1781 2458 1968 2529; x_wconf 83' lang='grc' dir='ltr'><em>αὐτά.</em></span> 
     </span>
    </p>

    <p class='ocr_par' dir='ltr' id='par_1_9' title="bbox 680 2575 2819 2673">
     <span class='ocr_line' id='line_1_23' title="bbox 680 2575 2819 2673; baseline -0.001 -23"><span class='ocrx_word' id='word_1_179' title='bbox 680 2586 758 2650; x_wconf 92' lang='lat' dir='ltr'><em>D.</em></span> <span class='ocrx_word' id='word_1_180' title='bbox 821 2578 1318 2673; x_wconf 62' lang='lat' dir='ltr'><em>-Moivacmtog</em></span> <span class='ocrx_word' id='word_1_181' title='bbox 1356 2575 1986 2665; x_wconf 77' lang='grc' dir='ltr'><em>Ἀλωπεκοννήσιος,</em></span> <span class='ocrx_word' id='word_1_182' title='bbox 2030 2575 2197 2645; x_wconf 80' lang='grc' dir='ltr'><em>κατὰ</em></span> <span class='ocrx_word' id='word_1_183' title='bbox 2240 2579 2320 2645; x_wconf 80' lang='grc' dir='ltr'><em>δέ</em></span> <span class='ocrx_word' id='word_1_184' title='bbox 2360 2605 2546 2658; x_wconf 87' lang='grc' dir='ltr'><em>τινας</em></span> <span class='ocrx_word' id='word_1_185' title='bbox 2592 2587 2819 2667; x_wconf 90' lang='grc' dir='ltr'><em>Προι-</em></span> 
     </span>
    </p>
   </div>
   <div class='ocr_carea' id='block_1_3' title="bbox 654 2714 932 2720">
    <p class='ocr_par' dir='ltr' id='par_1_10' title="bbox 654 2714 932 2720">
     <span class='ocr_line' id='line_1_24' title="bbox 654 2714 932 2720; baseline 0 0"><span class='ocrx_word' id='word_1_186' title='bbox 654 2714 932 2720; x_wconf 95' lang='lat' dir='ltr'><em> </em></span> 
     </span>
    </p>
   </div>
   <div class='ocr_carea' id='block_1_4' title="bbox 505 2768 2828 3404">
    <p class='ocr_par' dir='ltr' id='par_1_11' title="bbox 505 2768 2828 3404">
     <span class='ocr_line' id='line_1_25' title="bbox 650 2768 2818 2847; baseline -0.001 -15"><span class='ocrx_word' id='word_1_187' title='bbox 650 2785 676 2831; x_wconf 90' lang='grc'>1</span> <span class='ocrx_word' id='word_1_188' title='bbox 718 2775 958 2847; x_wconf 71' lang='grc' dir='ltr'><em>ἀρχαίας</em></span> <span class='ocrx_word' id='word_1_189' title='bbox 987 2776 1284 2847; x_wconf 83' lang='grc' dir='ltr'><em>κωμῳδίας</em></span> <span class='ocrx_word' id='word_1_190' title='bbox 1311 2769 1546 2842; x_wconf 84' lang='grc' dir='ltr'><em>ποιητής</em></span> <span class='ocrx_word' id='word_1_191' title='bbox 1577 2775 1706 2827; x_wconf 73' lang='lat' dir='ltr'>ante</span> <span class='ocrx_word' id='word_1_192' title='bbox 1740 2768 1879 2826; x_wconf 84' lang='grc' dir='ltr'><em>ἐδιδ.</em></span> <span class='ocrx_word' id='word_1_193' title='bbox 1909 2772 2079 2843; x_wconf 62' lang='lat' dir='ltr'><em>Eud„</em></span> <span class='ocrx_word' id='word_1_194' title='bbox 2114 2774 2264 2842; x_wconf 84' lang='lat' dir='ltr'><strong>quod.</strong></span> <span class='ocrx_word' id='word_1_195' title='bbox 2293 2774 2351 2828; x_wconf 91' lang='lat' dir='ltr'><em>in</em></span> <span class='ocrx_word' id='word_1_196' title='bbox 2382 2773 2585 2829; x_wconf 79' lang='lat' dir='ltr'>Suidae</span> <span class='ocrx_word' id='word_1_197' title='bbox 2615 2794 2818 2830; x_wconf 83' lang='lat' dir='ltr'>exem-</span> 
     </span>
     <span class='ocr_line' id='line_1_26' title="bbox 505 2845 2817 2930; baseline -0 -18"><span class='ocrx_word' id='word_1_198' title='bbox 505 2857 754 2928; x_wconf 81' lang='lat' dir='ltr'>plaribus</span> <span class='ocrx_word' id='word_1_199' title='bbox 791 2873 1083 2926; x_wconf 81' lang='lat' dir='ltr'>perperam</span> <span class='ocrx_word' id='word_1_200' title='bbox 1114 2855 1259 2908; x_wconf 82' lang='lat' dir='ltr'>infra</span> <span class='ocrx_word' id='word_1_201' title='bbox 1290 2855 1498 2924; x_wconf 77' lang='lat' dir='ltr'>legitur</span> <span class='ocrx_word' id='word_1_202' title='bbox 1610 2845 1773 2915; x_wconf 83' lang='grc' dir='ltr'><em>οὗτος</em></span> <span class='ocrx_word' id='word_1_203' title='bbox 1809 2884 1879 2893; x_wconf 90' lang='lat'><em>-</em></span> <span class='ocrx_word' id='word_1_204' title='bbox 1918 2853 2105 2923; x_wconf 77' lang='grc' dir='ltr'><em>δρᾶμα</em></span> <span class='ocrx_word' id='word_1_205' title='bbox 2142 2872 2251 2911; x_wconf 82' lang='lat' dir='ltr'><em>om,</em></span> <span class='ocrx_word' id='word_1_206' title='bbox 2284 2856 2461 2922; x_wconf 58' lang='lat' dir='ltr'><em>Eud„</em></span> <span class='ocrx_word' id='word_1_207' title='bbox 2499 2856 2817 2930; x_wconf 67' lang='lat' dir='ltr'>ipset-uisse</span> 
     </span>
     <span class='ocr_line' id='line_1_27' title="bbox 508 2933 2828 3004; baseline -0.002 -11"><span class='ocrx_word' id='word_1_208' title='bbox 508 2938 736 2993; x_wconf 80' lang='lat' dir='ltr'>Suidam</span> <span class='ocrx_word' id='word_1_209' title='bbox 767 2954 834 2991; x_wconf 86' lang='lat' dir='ltr'><em>ex</em></span> <span class='ocrx_word' id='word_1_210' title='bbox 862 2936 1032 2990; x_wconf 79' lang='lat' dir='ltr'><strong>schol.</strong></span> <span class='ocrx_word' id='word_1_211' title='bbox 1054 2934 1148 2988; x_wconf 89' lang='lat' dir='ltr'><em>Ar.</em></span> <span class='ocrx_word' id='word_1_212' title='bbox 1171 2934 1308 3004; x_wconf 85' lang='lat' dir='ltr'><strong>Equ.</strong></span> <span class='ocrx_word' id='word_1_213' title='bbox 1334 2938 1434 2987; x_wconf 89' lang='lat'><em>518</em></span> <span class='ocrx_word' id='word_1_214' title='bbox 1465 2934 1580 2986; x_wconf 83' lang='lat' dir='ltr'>dixi</span> <span class='ocrx_word' id='word_1_215' title='bbox 1596 2934 1735 2987; x_wconf 76' lang='lat' dir='ltr'><strong>MuS.</strong></span> <span class='ocrx_word' id='word_1_216' title='bbox 1757 2933 1935 2986; x_wconf 87' lang='lat' dir='ltr'>Rhen.</span> <span class='ocrx_word' id='word_1_217' title='bbox 1956 2933 1993 2985; x_wconf 93' lang='grc'><em>1.</em></span> <span class='ocrx_word' id='word_1_218' title='bbox 2017 2950 2060 2988; x_wconf 85' lang='lat' dir='ltr'><em>e.</em></span> <span class='ocrx_word' id='word_1_219' title='bbox 2173 2940 2203 2987; x_wconf 88' lang='grc'><strong>9</strong></span> <span class='ocrx_word' id='word_1_220' title='bbox 2236 2933 2317 2988; x_wconf 90' lang='lat' dir='ltr'><em>Cf.</em></span> <span class='ocrx_word' id='word_1_221' title='bbox 2340 2934 2539 2989; x_wconf 82' lang='lat' dir='ltr'>Suidas</span> <span class='ocrx_word' id='word_1_222' title='bbox 2562 2953 2604 2991; x_wconf 82' lang='lat' dir='ltr'><em>s,</em></span> <span class='ocrx_word' id='word_1_223' title='bbox 2626 2939 2828 2989; x_wconf 87' lang='grc' dir='ltr'><em>Λυδοί</em></span> 
     </span>
     <span class='ocr_line' id='line_1_28' title="bbox 507 3010 2819 3085; baseline -0.001 -13"><span class='ocrx_word' id='word_1_224' title='bbox 507 3022 565 3073; x_wconf 71' lang='lat' dir='ltr'><em>et</em></span> <span class='ocrx_word' id='word_1_225' title='bbox 602 3018 943 3085; x_wconf 79' lang='grc' dir='ltr'><em>πτερυγίζων</em></span> <span class='ocrx_word' id='word_1_226' title='bbox 1089 3021 1155 3069; x_wconf 93' lang='grc'><em>10</em></span> <span class='ocrx_word' id='word_1_227' title='bbox 1193 3010 1530 3085; x_wconf 82' lang='grc' dir='ltr'><em>βατράχειον</em></span> <span class='ocrx_word' id='word_1_228' title='bbox 1558 3016 1605 3063; x_wconf 78' lang='lat' dir='ltr'>A</span> <span class='ocrx_word' id='word_1_229' title='bbox 1643 3010 1947 3081; x_wconf 85' lang='grc' dir='ltr'><em>βατράχιον</em></span> <span class='ocrx_word' id='word_1_230' title='bbox 1984 3015 2127 3083; x_wconf 71' lang='lat' dir='ltr'><em>vuly.</em></span> <span class='ocrx_word' id='word_1_231' title='bbox 2150 3017 2296 3083; x_wconf 69' lang='lat' dir='ltr'>&#39;posb</span> <span class='ocrx_word' id='word_1_232' title='bbox 2324 3011 2641 3085; x_wconf 81' lang='grc' dir='ltr'><em>βατράχους</em></span> <span class='ocrx_word' id='word_1_233' title='bbox 2681 3033 2819 3085; x_wconf 84' lang='lat' dir='ltr'>per-</span> 
     </span>
     <span class='ocr_line' id='line_1_29' title="bbox 506 3085 2816 3169; baseline -0.001 -18"><span class='ocrx_word' id='word_1_234' title='bbox 506 3099 594 3169; x_wconf 77' lang='lat' dir='ltr'><em>git</em></span> <span class='ocrx_word' id='word_1_235' title='bbox 613 3099 763 3152; x_wconf 75' lang='lat' dir='ltr'><em>Eud.</em></span> <span class='ocrx_word' id='word_1_236' title='bbox 803 3098 1060 3157; x_wconf 83' lang='grc' dir='ltr'><em>ποικίλας</em></span> <span class='ocrx_word' id='word_1_237' title='bbox 1087 3090 1143 3149; x_wconf 86' lang='grc' dir='ltr'><em>δ’</em></span> <span class='ocrx_word' id='word_1_238' title='bbox 1172 3092 1420 3164; x_wconf 79' lang='grc' dir='ltr'><em>ἐμιμεῖτο</em></span> <span class='ocrx_word' id='word_1_239' title='bbox 1450 3088 1648 3161; x_wconf 78' lang='grc' dir='ltr'><em>φωνὰς</em></span> <span class='ocrx_word' id='word_1_240' title='bbox 1677 3085 1840 3154; x_wconf 80' lang='grc' dir='ltr'><em>οὗτος</em></span> <span class='ocrx_word' id='word_1_241' title='bbox 1868 3093 2039 3161; x_wconf 81' lang='lat' dir='ltr'><strong>(quod.</strong></span> <span class='ocrx_word' id='word_1_242' title='bbox 2067 3111 2173 3149; x_wconf 80' lang='lat' dir='ltr'><em>om,</em></span> <span class='ocrx_word' id='word_1_243' title='bbox 2206 3094 2457 3162; x_wconf 75' lang='lat' dir='ltr'><em>Suidas);</em></span> <span class='ocrx_word' id='word_1_244' title='bbox 2489 3094 2558 3149; x_wconf 88' lang='lat' dir='ltr'><em>ef.</em></span> <span class='ocrx_word' id='word_1_245' title='bbox 2579 3095 2816 3149; x_wconf 73' lang='lat' dir='ltr'><em>UnterS.</em></span> 
     </span>
     <span class='ocr_line' id='line_1_30' title="bbox 508 3174 2819 3249; baseline -0 -18"><span class='ocrx_word' id='word_1_246' title='bbox 508 3197 562 3247; x_wconf 87' lang='lat' dir='ltr'><em>p.</em></span> <span class='ocrx_word' id='word_1_247' title='bbox 594 3184 677 3233; x_wconf 82' lang='lat'><em>43.</em></span> <span class='ocrx_word' id='word_1_248' title='bbox 737 3174 942 3245; x_wconf 87' lang='grc' dir='ltr'><em>ὁμοίως</em></span> <span class='ocrx_word' id='word_1_249' title='bbox 979 3175 1074 3229; x_wconf 86' lang='grc' dir='ltr'><em>καὶ</em></span> <span class='ocrx_word' id='word_1_250' title='bbox 1113 3175 1607 3244; x_wconf 86' lang='grc' dir='ltr'><em>γαλεομυομαχίαν</em></span> <span class='ocrx_word' id='word_1_251' title='bbox 1647 3175 1809 3240; x_wconf 85' lang='lat' dir='ltr'>(quae</span> <span class='ocrx_word' id='word_1_252' title='bbox 1856 3191 2044 3227; x_wconf 79' lang='lat' dir='ltr'>rursus</span> <span class='ocrx_word' id='word_1_253' title='bbox 2082 3191 2187 3227; x_wconf 89' lang='lat' dir='ltr'><em>om.</em></span> <span class='ocrx_word' id='word_1_254' title='bbox 2229 3174 2472 3249; x_wconf 48' lang='lat' dir='ltr'><em>Suffdas).</em></span> <span class='ocrx_word' id='word_1_255' title='bbox 2548 3175 2622 3229; x_wconf 64' lang='lat' dir='ltr'><em>Ei,</em></span> <span class='ocrx_word' id='word_1_256' title='bbox 2661 3176 2819 3230; x_wconf 82' lang='lat' dir='ltr'>hanc</span> 
     </span>
     <span class='ocr_line' id='line_1_31' title="bbox 511 3252 2820 3325; baseline -0 -14"><span class='ocrx_word' id='word_1_257' title='bbox 511 3256 861 3311; x_wconf 84' lang='lat' dir='ltr'>comoediam</span> <span class='ocrx_word' id='word_1_258' title='bbox 907 3272 942 3309; x_wconf 82' lang='lat' dir='ltr'><strong>a</strong></span> <span class='ocrx_word' id='word_1_259' title='bbox 977 3253 1258 3323; x_wconf 70' lang='lat' dir='ltr'>Mag-uehis</span> <span class='ocrx_word' id='word_1_260' title='bbox 1306 3254 1532 3323; x_wconf 87' lang='lat' dir='ltr'>ingenio</span> <span class='ocrx_word' id='word_1_261' title='bbox 1581 3252 1821 3305; x_wconf 79' lang='lat' dir='ltr'>alienam</span> <span class='ocrx_word' id='word_1_262' title='bbox 1869 3271 1988 3308; x_wconf 83' lang='lat' dir='ltr'>esse</span> <span class='ocrx_word' id='word_1_263' title='bbox 2039 3254 2229 3309; x_wconf 67' lang='lat' dir='ltr'><em>docuit.</em></span> <span class='ocrx_word' id='word_1_264' title='bbox 2264 3255 2520 3309; x_wconf 86' lang='lat' dir='ltr'>Meineke</span> <span class='ocrx_word' id='word_1_265' title='bbox 2560 3257 2585 3308; x_wconf 96' lang='lat' dir='ltr'>I</span> <span class='ocrx_word' id='word_1_266' title='bbox 2622 3274 2681 3323; x_wconf 92' lang='lat' dir='ltr'><em>p.</em></span> <span class='ocrx_word' id='word_1_267' title='bbox 2726 3263 2820 3325; x_wconf 79' lang='lat'><em>35,</em></span> 
     </span>
     <span class='ocr_line' id='line_1_32' title="bbox 511 3332 2819 3404; baseline 0 -14"><span class='ocrx_word' id='word_1_268' title='bbox 511 3336 583 3390; x_wconf 84' lang='lat' dir='ltr'><em>ad</em></span> <span class='ocrx_word' id='word_1_269' title='bbox 621 3333 899 3389; x_wconf 86' lang='lat' dir='ltr'>Theodori</span> <span class='ocrx_word' id='word_1_270' title='bbox 933 3332 1222 3387; x_wconf 71' lang='lat' dir='ltr'>Prodi-omi</span> <span class='ocrx_word' id='word_1_271' title='bbox 1261 3332 1467 3400; x_wconf 90' lang='lat' dir='ltr'>(medio</span> <span class='ocrx_word' id='word_1_272' title='bbox 1506 3348 1649 3385; x_wconf 82' lang='lat' dir='ltr'>saec.</span> <span class='ocrx_word' id='word_1_273' title='bbox 1688 3332 1792 3383; x_wconf 92' lang='lat' dir='ltr'><em>XII</em></span> <span class='ocrx_word' id='word_1_274' title='bbox 1828 3334 2091 3403; x_wconf 76' lang='lat' dir='ltr'>viventis)</span> <span class='ocrx_word' id='word_1_275' title='bbox 2131 3337 2341 3389; x_wconf 76' lang='lat' dir='ltr'>temere</span> <span class='ocrx_word' id='word_1_276' title='bbox 2374 3335 2599 3389; x_wconf 64' lang='lat' dir='ltr'>retssulit</span> <span class='ocrx_word' id='word_1_277' title='bbox 2624 3334 2819 3404; x_wconf 82' lang='lat' dir='ltr'>Danh,</span> 
     </span>
    </p>
   </div>
   <div class='ocr_carea' id='block_1_5' title="bbox 507 3409 2818 3549">
    <p class='ocr_par' dir='ltr' id='par_1_12' title="bbox 507 3409 2818 3549">
     <span class='ocr_line' id='line_1_33' title="bbox 513 3409 2818 3483; baseline 0 -14"><span class='ocrx_word' id='word_1_278' title='bbox 513 3417 580 3470; x_wconf 88' lang='lat' dir='ltr'><em>de</em></span> <span class='ocrx_word' id='word_1_279' title='bbox 609 3412 756 3469; x_wconf 89' lang='lat' dir='ltr'>Viol.</span> <span class='ocrx_word' id='word_1_280' title='bbox 795 3432 848 3483; x_wconf 91' lang='lat' dir='ltr'><em>p.</em></span> <span class='ocrx_word' id='word_1_281' title='bbox 879 3420 912 3467; x_wconf 87' lang='lat'>8</span> <span class='ocrx_word' id='word_1_282' title='bbox 1059 3410 1173 3465; x_wconf 77' lang='grc' dir='ltr'><em>ἔστι</em></span> <span class='ocrx_word' id='word_1_283' title='bbox 1213 3409 1275 3465; x_wconf 77' lang='grc' dir='ltr'><em>δὲ</em></span> <span class='ocrx_word' id='word_1_284' title='bbox 1316 3442 1386 3451; x_wconf 90' lang='lat'><em>—-</em></span> <span class='ocrx_word' id='word_1_285' title='bbox 1423 3412 1553 3465; x_wconf 72' lang='lat' dir='ltr'>exit.</span> <span class='ocrx_word' id='word_1_286' title='bbox 1605 3412 1884 3480; x_wconf 77' lang='lat' dir='ltr'>Hesychio</span> <span class='ocrx_word' id='word_1_287' title='bbox 1934 3413 2067 3468; x_wconf 83' lang='lat' dir='ltr'>dare</span> <span class='ocrx_word' id='word_1_288' title='bbox 2107 3413 2386 3480; x_wconf 77' lang='lat' dir='ltr'>dubitavi;</span> <span class='ocrx_word' id='word_1_289' title='bbox 2434 3415 2617 3469; x_wconf 88' lang='lat' dir='ltr'>eidem</span> <span class='ocrx_word' id='word_1_290' title='bbox 2656 3420 2818 3470; x_wconf 73' lang='lat' dir='ltr'>certe</span> 
     </span>
     <span class='ocr_line' id='line_1_34' title="bbox 507 3492 1125 3549; baseline -0.01 0"><span class='ocrx_word' id='word_1_291' title='bbox 507 3494 682 3549; x_wconf 76' lang='lat' dir='ltr'><strong>schol.</strong></span> <span class='ocrx_word' id='word_1_292' title='bbox 721 3492 814 3547; x_wconf 91' lang='lat' dir='ltr'><em>Ar.</em></span> <span class='ocrx_word' id='word_1_293' title='bbox 855 3492 1125 3547; x_wconf 78' lang='lat' dir='ltr'>debentur</span> 
     </span>
    </p>
   </div>
   <div class='ocr_carea' id='block_1_6' title="bbox 513 3576 2822 4377">
    <p class='ocr_par' dir='ltr' id='par_1_13' title="bbox 517 3576 2814 3812">
     <span class='ocr_line' id='line_1_35' title="bbox 658 3576 2814 3652; baseline 0 -15"><span class='ocrx_word' id='word_1_294' title='bbox 658 3581 1060 3638; x_wconf 83' lang='lat' dir='ltr'>CCCOXOVIII</span> <span class='ocrx_word' id='word_1_295' title='bbox 1097 3583 1248 3637; x_wconf 74' lang='lat' dir='ltr'><em>Eud,</em></span> <span class='ocrx_word' id='word_1_296' title='bbox 1280 3601 1334 3651; x_wconf 86' lang='lat' dir='ltr'><em>p.</em></span> <span class='ocrx_word' id='word_1_297' title='bbox 1355 3586 1475 3635; x_wconf 86' lang='lat'><strong>495.</strong></span> <span class='ocrx_word' id='word_1_298' title='bbox 1524 3580 1603 3636; x_wconf 86' lang='lat' dir='ltr'><em>Cf.</em></span> <span class='ocrx_word' id='word_1_299' title='bbox 1636 3602 1686 3637; x_wconf 88' lang='lat' dir='ltr'><em>v.</em></span> <span class='ocrx_word' id='word_1_300' title='bbox 1713 3576 1933 3651; x_wconf 81' lang='grc' dir='ltr'><em>Ἀψίνης</em></span> <span class='ocrx_word' id='word_1_301' title='bbox 1965 3580 2275 3652; x_wconf 78' lang='grc' dir='ltr'><em>Γαδαρεύς.</em></span> <span class='ocrx_word' id='word_1_302' title='bbox 2318 3583 2401 3637; x_wconf 92' lang='lat' dir='ltr'><em>De</em></span> <span class='ocrx_word' id='word_1_303' title='bbox 2432 3600 2497 3638; x_wconf 83' lang='lat' dir='ltr'><em>eo</em></span> <span class='ocrx_word' id='word_1_304' title='bbox 2524 3602 2576 3639; x_wconf 82' lang='lat' dir='ltr'><em>v.</em></span> <span class='ocrx_word' id='word_1_305' title='bbox 2598 3583 2814 3640; x_wconf 73' lang='lat' dir='ltr'>Mfiller</span> 
     </span>
     <span class='ocr_line' id='line_1_36' title="bbox 517 3656 2814 3735; baseline 0 -18"><span class='ocrx_word' id='word_1_306' title='bbox 517 3664 592 3717; x_wconf 91' lang='lat' dir='ltr'><em>III</em></span> <span class='ocrx_word' id='word_1_307' title='bbox 630 3682 684 3733; x_wconf 89' lang='lat' dir='ltr'><em>p.</em></span> <span class='ocrx_word' id='word_1_308' title='bbox 725 3669 850 3730; x_wconf 73' lang='lat'><strong>6623</strong></span> <span class='ocrx_word' id='word_1_309' title='bbox 891 3662 1082 3729; x_wconf 82' lang='lat' dir='ltr'>Daub,</span> <span class='ocrx_word' id='word_1_310' title='bbox 1123 3661 1279 3715; x_wconf 73' lang='lat' dir='ltr'><strong>Stud.</strong></span> <span class='ocrx_word' id='word_1_311' title='bbox 1317 3679 1370 3729; x_wconf 86' lang='lat' dir='ltr'><em>p.</em></span> <span class='ocrx_word' id='word_1_312' title='bbox 1412 3664 1479 3716; x_wconf 83' lang='lat'><em>65</em></span> <span class='ocrx_word' id='word_1_313' title='bbox 1665 3668 1728 3715; x_wconf 86' lang='lat'><em>13</em></span> <span class='ocrx_word' id='word_1_314' title='bbox 1765 3656 2053 3735; x_wconf 71' lang='grc' dir='ltr'><em>Ἀρράβιος</em></span> <span class='ocrx_word' id='word_1_315' title='bbox 2078 3667 2176 3715; x_wconf 78' lang='lat' dir='ltr'><em>BV</em></span> <span class='ocrx_word' id='word_1_316' title='bbox 2361 3670 2426 3717; x_wconf 80' lang='lat'><em>14</em></span> <span class='ocrx_word' id='word_1_317' title='bbox 2475 3659 2729 3727; x_wconf 81' lang='grc' dir='ltr'><em>στάσεως</em></span> <span class='ocrx_word' id='word_1_318' title='bbox 2767 3670 2814 3717; x_wconf 80' lang='lat' dir='ltr'><strong>V</strong></span> 
     </span>
     <span class='ocr_line' id='line_1_37' title="bbox 517 3740 1259 3812; baseline -0.004 -15"><span class='ocrx_word' id='word_1_319' title='bbox 517 3760 754 3812; x_wconf 80' lang='lat' dir='ltr'>sequens</span> <span class='ocrx_word' id='word_1_320' title='bbox 791 3740 853 3797; x_wconf 80' lang='grc' dir='ltr'><em>δὲ</em></span> <span class='ocrx_word' id='word_1_321' title='bbox 896 3760 1002 3796; x_wconf 91' lang='lat' dir='ltr'><em>om.</em></span> <span class='ocrx_word' id='word_1_322' title='bbox 1043 3742 1195 3795; x_wconf 78' lang='lat' dir='ltr'><em>Eud.</em></span> <span class='ocrx_word' id='word_1_323' title='bbox 1248 3786 1259 3793; x_wconf 71' lang='grc'><strong><em>,</em></strong></span> 
     </span>
    </p>

    <p class='ocr_par' dir='ltr' id='par_1_14' title="bbox 513 3821 2819 4205">
     <span class='ocr_line' id='line_1_38' title="bbox 655 3821 2816 3893; baseline 0.001 -15"><span class='ocrx_word' id='word_1_324' title='bbox 655 3822 1007 3879; x_wconf 87' lang='lat' dir='ltr'>CCCCXCIX</span> <span class='ocrx_word' id='word_1_325' title='bbox 1044 3821 1193 3875; x_wconf 78' lang='lat' dir='ltr'><em>Eud.</em></span> <span class='ocrx_word' id='word_1_326' title='bbox 1234 3840 1288 3891; x_wconf 87' lang='lat' dir='ltr'><em>p.</em></span> <span class='ocrx_word' id='word_1_327' title='bbox 1319 3828 1440 3877; x_wconf 85' lang='grc'><strong>496.</strong></span> <span class='ocrx_word' id='word_1_328' title='bbox 1507 3822 1777 3878; x_wconf 75' lang='lat' dir='ltr'>Tractant</span> <span class='ocrx_word' id='word_1_329' title='bbox 1815 3823 2021 3877; x_wconf 69' lang='lat' dir='ltr'>Mt‘iller</span> <span class='ocrx_word' id='word_1_330' title='bbox 2056 3822 2135 3877; x_wconf 91' lang='lat' dir='ltr'><em>IV</em></span> <span class='ocrx_word' id='word_1_331' title='bbox 2164 3844 2215 3893; x_wconf 90' lang='lat' dir='ltr'><em>p.</em></span> <span class='ocrx_word' id='word_1_332' title='bbox 2253 3830 2378 3890; x_wconf 83' lang='lat'><em>1113</em></span> <span class='ocrx_word' id='word_1_333' title='bbox 2419 3824 2607 3893; x_wconf 76' lang='lat' dir='ltr'><strong>nauh,</strong></span> <span class='ocrx_word' id='word_1_334' title='bbox 2648 3824 2816 3881; x_wconf 72' lang='lat' dir='ltr'><strong>Stud.</strong></span> 
     </span>
     <span class='ocr_line' id='line_1_39' title="bbox 513 3894 2817 3975; baseline 0 -16"><span class='ocrx_word' id='word_1_335' title='bbox 513 3924 566 3975; x_wconf 86' lang='lat' dir='ltr'><em>p.</em></span> <span class='ocrx_word' id='word_1_336' title='bbox 606 3912 672 3961; x_wconf 82' lang='lat'><em>66</em></span> <span class='ocrx_word' id='word_1_337' title='bbox 821 3910 886 3957; x_wconf 83' lang='lat'><em>16</em></span> <span class='ocrx_word' id='word_1_338' title='bbox 926 3898 1280 3968; x_wconf 68' lang='grc' dir='ltr'><em>Βυζαντιακά</em></span> <span class='ocrx_word' id='word_1_339' title='bbox 1317 3902 1377 3957; x_wconf 83' lang='lat' dir='ltr'><em>in</em></span> <span class='ocrx_word' id='word_1_340' title='bbox 1415 3905 1633 3972; x_wconf 77' lang='lat' dir='ltr'>septem</span> <span class='ocrx_word' id='word_1_341' title='bbox 1669 3902 1827 3957; x_wconf 79' lang='lat' dir='ltr'>libris</span> <span class='ocrx_word' id='word_1_342' title='bbox 1864 3894 2063 3957; x_wconf 72' lang='lat' dir='ltr'><strong>laudat</strong></span> <span class='ocrx_word' id='word_1_343' title='bbox 2097 3905 2258 3959; x_wconf 75' lang='lat' dir='ltr'><strong>Phot.</strong></span> <span class='ocrx_word' id='word_1_344' title='bbox 2298 3903 2536 3972; x_wconf 64' lang='lat' dir='ltr'><strong>cod.‚78,</strong></span> <span class='ocrx_word' id='word_1_345' title='bbox 2575 3906 2646 3959; x_wconf 80' lang='lat' dir='ltr'><em>de</em></span> <span class='ocrx_word' id='word_1_346' title='bbox 2688 3907 2817 3975; x_wconf 85' lang='lat' dir='ltr'>qui-</span> 
     </span>
     <span class='ocr_line' id='line_1_40' title="bbox 515 3970 2704 4054; baseline 0 -15"><span class='ocrx_word' id='word_1_347' title='bbox 515 3985 618 4039; x_wconf 82' lang='lat' dir='ltr'><em>bus</em></span> <span class='ocrx_word' id='word_1_348' title='bbox 657 4003 709 4039; x_wconf 83' lang='lat' dir='ltr'><em>v.</em></span> <span class='ocrx_word' id='word_1_349' title='bbox 742 3970 903 4037; x_wconf 82' lang='lat' dir='ltr'>Daub</span> <span class='ocrx_word' id='word_1_350' title='bbox 931 3984 966 4036; x_wconf 93' lang='lat' dir='ltr'><em>l.</em></span> <span class='ocrx_word' id='word_1_351' title='bbox 998 4000 1043 4037; x_wconf 85' lang='lat' dir='ltr'><em>e.</em></span> <span class='ocrx_word' id='word_1_352' title='bbox 1195 3988 1259 4037; x_wconf 80' lang='lat'><em>17</em></span> <span class='ocrx_word' id='word_1_353' title='bbox 1298 3982 1394 4037; x_wconf 81' lang='grc' dir='ltr'><em>καὶ</em></span> <span class='ocrx_word' id='word_1_354' title='bbox 1434 4000 1542 4036; x_wconf 92' lang='lat' dir='ltr'><em>om.</em></span> <span class='ocrx_word' id='word_1_355' title='bbox 1582 3982 1761 4049; x_wconf 72' lang='lat' dir='ltr'><strong>Eud.;</strong></span> <span class='ocrx_word' id='word_1_356' title='bbox 1801 3984 1869 4038; x_wconf 86' lang='lat' dir='ltr'><em>de</em></span> <span class='ocrx_word' id='word_1_357' title='bbox 1908 4002 1973 4037; x_wconf 92' lang='lat' dir='ltr'><em>eo</em></span> <span class='ocrx_word' id='word_1_358' title='bbox 2014 3984 2081 4038; x_wconf 83' lang='lat' dir='ltr'><em>cf.</em></span> <span class='ocrx_word' id='word_1_359' title='bbox 2122 3984 2309 4052; x_wconf 81' lang='lat' dir='ltr'>Daub,</span> <span class='ocrx_word' id='word_1_360' title='bbox 2350 3982 2505 4041; x_wconf 74' lang='lat' dir='ltr'><strong>Stud.</strong></span> <span class='ocrx_word' id='word_1_361' title='bbox 2544 4004 2600 4054; x_wconf 91' lang='lat' dir='ltr'><em>p.</em></span> <span class='ocrx_word' id='word_1_362' title='bbox 2632 3993 2704 4040; x_wconf 83' lang='lat'><em>25</em></span> 
     </span>
     <span class='ocr_line' id='line_1_41' title="bbox 520 4054 2819 4143; baseline 0.002 -25"><span class='ocrx_word' id='word_1_363' title='bbox 520 4072 584 4119; x_wconf 89' lang='grc'><em>18</em></span> <span class='ocrx_word' id='word_1_364' title='bbox 635 4060 698 4118; x_wconf 84' lang='grc' dir='ltr'><em>ἐν</em></span> <span class='ocrx_word' id='word_1_365' title='bbox 743 4054 777 4135; x_wconf 86' lang='grc' dir='ltr'>ᾗ</span> <span class='ocrx_word' id='word_1_366' title='bbox 821 4094 888 4143; x_wconf 46' lang='lat'><em>—5</em></span> <span class='ocrx_word' id='word_1_367' title='bbox 925 4062 1055 4117; x_wconf 74' lang='lat' dir='ltr'>exit.</span> <span class='ocrx_word' id='word_1_368' title='bbox 1102 4062 1328 4117; x_wconf 74' lang='lat' dir='ltr'>lectoris</span> <span class='ocrx_word' id='word_1_369' title='bbox 1376 4062 1611 4117; x_wconf 82' lang='lat' dir='ltr'>alicuius</span> <span class='ocrx_word' id='word_1_370' title='bbox 1657 4080 1827 4118; x_wconf 83' lang='lat' dir='ltr'>manu</span> <span class='ocrx_word' id='word_1_371' title='bbox 1872 4063 2065 4119; x_wconf 75' lang='lat' dir='ltr'>addita</span> <span class='ocrx_word' id='word_1_372' title='bbox 2111 4064 2371 4119; x_wconf 72' lang='lat' dir='ltr'>videntur</span> <span class='ocrx_word' id='word_1_373' title='bbox 2525 4071 2592 4118; x_wconf 89' lang='grc'><em>19</em></span> <span class='ocrx_word' id='word_1_374' title='bbox 2642 4068 2819 4137; x_wconf 83' lang='grc' dir='ltr'><em>δημο-</em></span> 
     </span>
     <span class='ocr_line' id='line_1_42' title="bbox 517 4144 865 4205; baseline -0.009 -8"><span class='ocrx_word' id='word_1_375' title='bbox 517 4144 639 4205; x_wconf 77' lang='grc' dir='ltr'><em>σίας</em></span> <span class='ocrx_word' id='word_1_376' title='bbox 677 4161 784 4198; x_wconf 90' lang='lat' dir='ltr'><em>om.</em></span> <span class='ocrx_word' id='word_1_377' title='bbox 822 4149 865 4194; x_wconf 76' lang='lat' dir='ltr'>E</span> 
     </span>
    </p>

    <p class='ocr_par' dir='ltr' id='par_1_15' title="bbox 517 4220 2822 4377">
     <span class='ocr_line' id='line_1_43' title="bbox 660 4220 2822 4297; baseline 0.003 -21"><span class='ocrx_word' id='word_1_378' title='bbox 660 4224 707 4276; x_wconf 94' lang='lat' dir='ltr'><strong>D</strong></span> <span class='ocrx_word' id='word_1_379' title='bbox 745 4224 896 4277; x_wconf 73' lang='lat' dir='ltr'><em>Eud.</em></span> <span class='ocrx_word' id='word_1_380' title='bbox 943 4242 998 4292; x_wconf 88' lang='lat' dir='ltr'><em>p.</em></span> <span class='ocrx_word' id='word_1_381' title='bbox 1038 4228 1142 4287; x_wconf 72' lang='lat'><em>494</em></span> <span class='ocrx_word' id='word_1_382' title='bbox 1297 4230 1362 4277; x_wconf 81' lang='lat'><em>22</em></span> <span class='ocrx_word' id='word_1_383' title='bbox 1411 4221 1753 4295; x_wconf 86' lang='grc' dir='ltr'><em>Μάναιχμος</em></span> <span class='ocrx_word' id='word_1_384' title='bbox 1789 4228 1938 4276; x_wconf 79' lang='lat' dir='ltr'><em>ABE</em></span> <span class='ocrx_word' id='word_1_385' title='bbox 1975 4228 2092 4277; x_wconf 72' lang='lat' dir='ltr'><em>Ala.</em></span> <span class='ocrx_word' id='word_1_386' title='bbox 2132 4223 2284 4279; x_wconf 75' lang='lat' dir='ltr'><em>Eud.</em></span> <span class='ocrx_word' id='word_1_387' title='bbox 2336 4220 2651 4293; x_wconf 81' lang='grc' dir='ltr'><em>Μάνεχμος</em></span> <span class='ocrx_word' id='word_1_388' title='bbox 2698 4228 2822 4297; x_wconf 88' lang='lat' dir='ltr'>rel.,</span> 
     </span>
     <span class='ocr_line' id='line_1_44' title="bbox 517 4299 2820 4377; baseline 0.004 -24"><span class='ocrx_word' id='word_1_389' title='bbox 517 4299 847 4370; x_wconf 82' lang='grc' dir='ltr'><em>Μέναιχμος</em></span> <span class='ocrx_word' id='word_1_390' title='bbox 893 4319 1030 4355; x_wconf 84' lang='lat' dir='ltr'>corr.</span> <span class='ocrx_word' id='word_1_391' title='bbox 1082 4304 1320 4371; x_wconf 68' lang='lat' dir='ltr'><em>M‘t&#39;iller,</em></span> <span class='ocrx_word' id='word_1_392' title='bbox 1368 4304 1573 4373; x_wconf 70' lang='lat' dir='ltr'><em>Script.</em></span> <span class='ocrx_word' id='word_1_393' title='bbox 1610 4306 1764 4359; x_wconf 87' lang='lat' dir='ltr'><strong>Alex.</strong></span> <span class='ocrx_word' id='word_1_394' title='bbox 1803 4323 1856 4374; x_wconf 88' lang='lat' dir='ltr'><em>p.</em></span> <span class='ocrx_word' id='word_1_395' title='bbox 1900 4311 1999 4359; x_wconf 85' lang='lat'><em>145</em></span> <span class='ocrx_word' id='word_1_396' title='bbox 2051 4346 2058 4353; x_wconf 92' lang='lat'><strong>.</strong></span> <span class='ocrx_word' id='word_1_397' title='bbox 2188 4300 2334 4358; x_wconf 73' lang='grc' dir='ltr'><em>κατὰ</em></span> <span class='ocrx_word' id='word_1_398' title='bbox 2380 4301 2443 4358; x_wconf 78' lang='grc' dir='ltr'><em>δὲ</em></span> <span class='ocrx_word' id='word_1_399' title='bbox 2492 4334 2559 4345; x_wconf 86' lang='lat'><em>—-·</em></span> <span class='ocrx_word' id='word_1_400' title='bbox 2612 4310 2820 4377; x_wconf 82' lang='grc' dir='ltr'><em>Προικ.</em></span> 
     </span>
    </p>
   </div>
   <div class='ocr_carea' id='block_1_7' title="bbox 2989 2351 3001 2611">
    <p class='ocr_par' dir='ltr' id='par_1_16' title="bbox 2989 2218 3001 2611">
     <span class='ocr_line' id='line_1_45' title="bbox 2989 2351 3001 2611; baseline 0 -306"><span class='ocrx_word' id='word_1_401' title='bbox 2989 2351 3001 2611; x_wconf 39' lang='lat'>⁴</span> 
     </span>
    </p>
   </div>
   <div class='ocr_carea' id='block_1_8' title="bbox 2991 2612 3001 3009">
    <p class='ocr_par' dir='ltr' id='par_1_17' title="bbox 2991 2612 3001 3009">
     <span class='ocr_line' id='line_1_46' title="bbox 2991 2612 3001 3009; baseline 0 0"><span class='ocrx_word' id='word_1_402' title='bbox 2991 2612 3001 3009; x_wconf 65' lang='grc' dir='ltr'><strong>ἰ</strong></span> 
     </span>
    </p>
   </div>
  </div>
 </body>
</html>
