3025 4892
536 211 624 275 32
1470 209 1897 268 HESYCHIUS.

716 371 981 439 CXXII.
1042 369 1469 458 ’Ἀρχιππος
1516 369 1905 457 Ἀθηναῖος,
1964 368 2253 458 κωμικὸς
2305 366 2594 459 άρχαῖος.
2697 373 2839 440 ἐνί-

528 496 733 563 κησεν
781 473 952 558 ἅπαξ
999 476 1104 545 ἐπὶ
1147 481 1266 564 τῆς
1301 477 1411 556 qoe'
1459 475 1891 565 ὀλυμπιάδος.

711 582 1067 651 ΟΧΧΧΙΙΙ.
1119 579 1490 671 Ἀρχύτας
1534 591 1967 671 Ταραντῖνος,
1994 582 2334 655 Ἑστιαίου
2368 585 2515 665 υίὸς
2552 581 2594 672 ἢ
2634 593 2840 672 Μνη·

531 689 786 777 σάρχου
840 685 883 776 ἢ
932 691 1386 776 Μνασαγέτου
1429 687 1471 776 ἢ
1521 691 2020 778 Μνασαγόρου,
2077 691 2454 779 φιλόσοφος
2496 700 2838 777 Πυθαγο-

476 826 503 866 5
531 796 732 885 ρικός.
806 788 1003 877 οὗτος
1037 797 1374 867 Πλάτωνα
1423 803 1631 868 ἔσωσε
1680 797 1770 886 μὴ
1808 802 2237 885 φονευθῆναι
2273 795 2405 868 ὑπὸ
2447 801 2839 866 Διόνυσίου

529 910 650 974 τοῦ
680 903 1042 993 τυράννου.
1097 909 1218 974 τοῦ
1245 909 1483 975 κοινοῦ
1514 904 1589 974 δὲ
1616 909 1755 974 τῶν
1775 902 2169 974 Ἰταλιωτῶν
2196 907 2507 993 προέστη,
2548 924 2838 992 στρατη-

527 1010 646 1098 γὸς
709 1011 1007 1099 αἱρεθεὶς
1069 1008 1498 1099 αὐτοκράτωρ
1564 1007 1695 1080 ὑπὸ
1760 1014 1899 1080 τῶν
1958 1015 2251 1081 πολιτῶν
2304 1012 2417 1080 καὶ
2475 1016 2611 1080 τῶν
2674 1012 2837 1098 περὶ

529 1120 790 1188 ἐκεῖνον
854 1116 975 1186 τὸν
1040 1116 1250 1187 τόπον
1301 1114 1663 1204 Ἑλλήνων.
1762 1115 1899 1206 ἅμα
1956 1117 2031 1186 δὲ
2082 1118 2195 1186 καὶ
2252 1124 2667 1204 φιλοσοφίαν
2722 1122 2837 1186 ἐκ-

527 1223 870 1294 παιδεύων
936 1223 1245 1312 μαθητάς
1301 1222 1360 1292 τ’
1421 1225 1740 1306 ἐνδόξους
1795 1230 1943 1312 ἔσχε
1996 1225 2108 1294 καὶ
2164 1230 2393 1311 βιβλία
2446 1226 2837 1312 συνέγραψε

450 1362 503 1400 ιο
528 1330 760 1400 πολλά.
836 1335 1103 1415 [τοῦτον
1142 1334 1450 1417 φανερῶς
1478 1332 1799 1416 γενέσθαι
1838 1329 2250 1400 διδάσκαλον
2286 1329 2835 1419 Ἐμπεδοκλέους.

528 1438 640 1507 καὶ
712 1443 1032 1526 παροιμία
1093 1435 1439 1525 εἈρχύτου
1505 1435 1859 1525 πλαταγή’,
1932 1435 2034 1506 ὅτι
2097 1435 2413 1526 Ἀρχύτας
2476 1439 2833 1526 πλαταγὴν

527 1537 748 1631 εὗρεν,
776 1542 921 1632 ἥτις
949 1543 1128 1612 ἐστὶν
1157 1541 1336 1622 εἶδος
1365 1539 1667 1628 ὀργάνου
1694 1535 1865 1630 ἦχον
1890 1545 2002 1612 καὶ
2029 1545 2267 1630 ψόφον
2286 1543 2828 1630 άποτελοῦντος.]

707 1652 996 1720 CXXIV.
1046 1646 1396 1727 Ἀσίνιος
1433 1654 1727 1717 Πωλίων
1751 1647 2090 1737 Ρωμαῖος.
2147 1650 2474 1741 ἱστορίας
2475 1651 2837 1740 Ρωμαϊκᾶς

528 1759 884 1840 συνέταξεν
931 1757 1004 1824 ἐν
1051 1759 1338 1841 βιβλίοις
1383 1752 1488 1837 ιζ’.
1565 1745 1761 1835 οὗτος
1806 1759 2067 1842 πρῶτος
2113 1758 2468 1846 ἑλληνικὴν
2516 1762 2833 1845 ἱστορίαν

449 1895 500 1934 15
529 1866 879 1952 ρωμαϊκῶς
923 1860 1408 1951 συνεγράψατο.

705 1971 964 2040 CXXV.
1024 1966 1595 2056 Ἀσκληπιάδης
1643 1973 1977 2056 Διοτίμου
2020 1971 2430 2060 Μυρλεανὸς
2474 1972 2698 2063 (πόλις
2747 1976 2836 2042 δέ

525 2199 693 2252 hosce
729 2209 1015 2264 nunquam
1053 2189 1306 2247 extifiisse
1345 2187 1649 2254 somniavit
1688 2190 1868 2248 Pulch
1900 2209 1955 2262 Ρ.
1986 2199 2055 2249 82
2174 2199 2241 2250 26
2278 2195 2563 2267 μηχανικὰ
2602 2199 2825 2256 mathe-

526 2275 721 2332 matici
763 2291 882 2330 esse
919 2275 1113 2329 monet
1148 2271 1471 2326 Gutschmid

667 2354 868 2412 CXXII
904 2354 1054 2410 Eud.
1094 2372 1148 2445 p.
1183 2358 1301 2407 117.
1375 2349 1609 2405 Τιἀοίῑειίῑ
1642 2349 1901 2407 Meineke
1938 2353 1964 2406 I
2000 2372 2056 2424 p.
2086 2359 2190 2410 205
2332 2362 2358 2410 1
2402 2354 2661 2427 ἐνίκησεν
2702 2375 2823 2427 seq.

523 2454 632 2493 om.
671 2434 852 2502 Eud„
889 2434 1064 2490 vibam
1102 2431 1404 2486 inseruisse
1440 2429 1501 2484 in
1538 2429 1851 2486 Violarium
1895 2431 2317 2504 interpolatoris
2362 2455 2590 2493 manum
2627 2438 2831 2493 docuit

535 2517 870 2577 Volkmann,
911 2515 1136 2580 Quaesss.
1175 2529 1300 2567 nov.
1339 2529 1394 2581 p.
1427 2511 1504 2566 VI

669 2595 893 2652 CXXIII
930 2588 1762 2663 cf.Steph.Byz.v.Tn'10oeae,·;
1809 2592 2269 2664 Diog.V111,79
2435 2604 2469 2653 3
2505 2592 2541 2668 ἢ
2579 2601 2827 2655 Μνασα-

523 2678 691 2749 γε’του
730 2696 796 2733 ex
832 2681 1035 2730 ABVE
1074 2673 1200 2729 add.
1243 2673 1514 2740 Gaisford
1629 2679 1662 2728 8
1704 2669 1938 2730 ἑκεινων
1974 2677 2074 2731 sed
2111 2694 2144 2731 o
2182 2694 2456 2746 suprascr.
2494 2683 2540 2731 A
2646 2684 2679 2732 9
2720 2678 2828 2734 καὶ

523 2762 654 2814 anhe
684 2760 823 2830 βιβλ.
854 2774 959 2812 om.
990 2761 1051 2809 A.
1097 2753 1177 2808 Cf.
1207 2753 1349 2808 Mus.
1377 2753 1555 2808 Rhen.
1586 2753 1792 2809 XXXV
1819 2774 1876 2825 p.
1905 2761 2011 2810 205
2122 2762 2189 2811 10
2217 2758 2418 2812 τοῦτον
2443 2789 2517 2798 —-
2543 2758 2672 2814 exii..
2704 2776 2828 2813 non

523 2838 593 2894 ab
621 2837 902 2907 Hesychio
939 2837 1194 2908 profecta
1231 2836 1384 2901 sunt3
1423 2835 1671 2890 ceterum
1709 2837 1973 2906 φανερῶς
2002 2838 2333 2892 mendosum
2372 2855 2494 2895 esse
2530 2840 2828 2910 perspexit

521 2919 878 2989 Bernhardy,
918 2918 1014 2972 sed
1043 2915 1194 2986 quod
1218 2913 1514 2986 proposuit
1542 2915 1681 2987 φησὶ
1711 2919 1925 2980 Φανίας
1961 2913 1992 2973 ὁ
2027 2912 2277 2987 Ἐρέσιος
2313 2918 2406 2972 vix
2437 2919 2571 2974 ferri
2596 2920 2821 2989 potest3

521 2995 728 3053 τοῦτόν
766 3017 908 3067 φασι
945 3017 1080 3066 φαν.
1109 2996 1280 3050 Daub
1317 2997 1519 3050 τοῦτον
1558 2993 1812 3065 φανερὸν
1850 2995 2175 3053 Gutschmid
2357 3003 2419 3053 11
2462 2999 2530 3053 de
2569 2997 2818 3068 crepita-

522 3080 649 3135 culo
685 3080 850 3134 Arch.
891 3078 960 3132 cf.
1001 3076 1167 3132 Arist.
1208 3075 1325 3130 Pol.
1354 3075 1512 3141 VIII,
1550 3081 1583 3131 6
1731 3082 1796 3131 12
1834 3079 1899 3132 εἴ
1924 3097 2008 3140 τις
2043 3083 2089 3131 A
2125 3071 2161 3147 ἢ
2199 3079 2346 3147 vuly.
2384 3077 2484 3132 καὶ
2520 3083 2621 3131 Av

664 3157 888 3214 CXXIV
918 3157 998 3213 cf.
1021 3156 1291 3211 Suidasv.
1315 3157 1567 3209 Πωλίων.
1588 3155 1739 3213 Eud.
1758 3176 1816 3229 p.
1827 3164 1959 3226 5923
1991 3158 2259 3227 Thouret‚
2278 3160 2349 3213 de
2370 3157 2481 3213 Cic.
2500 3158 2651 3213 Asin.
2667 3159 2819 3214 Poll.

521 3238 1038 3310 etc.(Lips.1878).
1078 3234 1333 3304 Of.quae
1371 3235 1440 3288 de
1468 3234 1815 3293 Pollionibus
1853 3237 1970 3292 dixi
1997 3236 2139 3293 Mus.
2167 3238 2343 3296 Rhen.
2373 3238 2605 3294 XXXVI
2633 3258 2687 3309 Ρ.
2706 3246 2820 3294 316

522 3337 633 3388 seq.
724 3325 789 3374 13
815 3314 1111 3379 Ἀσσίννιος
1129 3321 1175 3369 A
1209 3311 1466 3378 Ἀσίννιος
1492 3317 1797 3386 vwly.14
1826 3308 2077 3380 οὖτος-
2100 3317 2229 3374 exit.
2260 3334 2327 3373 ex
2357 3318 2611 3373 uberiore
2640 3336 2815 3389 expo-

521 3401 721 3456 sitione
751 3398 1056 3470 compilata
1083 3399 1140 3452 et
1165 3397 1232 3451 de
1257 3395 1525 3466 Pompeio
1555 3397 1738 3469 Trogo
1765 3397 2149 3469 intellegenda
2178 3414 2297 3452 esse
2328 3397 2467 3453 coni.
2491 3397 2820 3455 Gutschmid

663 3478 862 3535 CXXV
898 3479 1050 3533 Eud.
1089 3495 1143 3547 p.
1177 3482 1304 3542 109,
1343 3494 1486 3546 quae
1525 3494 1634 3532 om.
1671 3478 1770 3533 καὶ
1799 3473 2095 3547 Εὐμενοῦς
2132 3509 2199 3518 -
2240 3475 2515 3551 βασιλέων
2553 3478 2613 3531 et
2648 3474 2819 3534 ἐπαί-

519 3563 684 3615 δευσε
734 3590 804 3600 —
851 3558 983 3614 exit.
1067 3557 1323 3612 Ceterum
1378 3556 1447 3610 cf.
1497 3555 1689 3627 Steph.
1736 3558 1869 3629 Byz.
1921 3578 1974 3615 v.
2022 3554 2309 3627 Μόρλεια;
2360 3559 2560 3625 LekrS,
2610 3559 2821 3616 Herod.

520 3660 573 3711 p.
601 3647 731 3706 4293
769 3639 985 3705 Rome,
1021 3636 1162 3692 Mus,
1199 3635 1376 3690 Rhen.
1412 3635 1648 3691 XXXIII
1682 3656 1737 3708 p.
1770 3645 1873 3694 173
1911 3642 2025 3695 not.
2055 3645 2118 3707 4,
2154 3637 2390 3694 XXXIV
2425 3657 2479 3710 p.
2511 3645 2630 3696 571.
2687 3639 2821 3709 Ipse

520 3721 590 3776 de
625 3721 747 3776 vita
782 3719 876 3789 egi
903 3719 1043 3774 Mus.
1070 3715 1247 3772 Bhen.
1277 3715 1484 3770 XXXV
1511 3735 1566 3786 p.
1597 3723 1701 3773 206
1732 3736 1846 3790 seq.
1913 3719 2401 3776 Pei-{zurbationem
2430 3719 2654 3774 articuli
2683 3719 2820 3774 inde

520 3803 704 3860 ortam
742 3815 886 3868 esse,
932 3796 1084 3866 quod
1118 3794 1434 3865 Hesychius
1470 3797 1622 3866 apud
1657 3797 1954 3855 Philonem
1992 3801 2132 3855 duos
2168 3799 2447 3854 invenerit
2483 3799 2819 3870 grammati-

521 3897 613 3934 cos
651 3879 900 3934 eiusdem
937 3875 1201 3945 nominis,
1239 3893 1410 3931 unum
1448 3877 1817 3934 Nicaeensem
1853 3880 2070 3949 (Steph.
2099 3877 2231 3947 Byz.
2263 3877 2536 3948 Νίκαια),
2573 3877 2819 3947 Myrlea-

517 3979 652 4016 num
679 3960 938 4028 alterum,
975 3973 1212 4027 quorum
1240 3955 1388 4012 vitas
1417 3973 1608 4012 errans
1637 3957 1970 4029 confuderit,
1997 3958 2144 4014 vidit
2170 3957 2375 4013 Rohde.
2423 3958 2551 4028 Ipse
2579 3959 2818 4015 iunioris

516 4041 693 4096 vitam
722 4040 802 4094 sic
828 4038 1077 4094 restitui:
1112 4032 1274 4092 Ἄσκλ.
1306 4068 1372 4077 -
1401 4040 1535 4094 Νικ.
1565 4057 1768 4108 γραμμ.
1810 4034 2244 4109 (Κρατήτειοςῖ).
2285 4037 2486 4108 γέγονε
2517 4035 2613 4094 ἐπὶ
2636 4034 2820 4096 Ἀττά-

516 4126 619 4177 λου
655 4121 996 4190 (138—133)
1036 4117 1134 4172 καὶ
1173 4114 1509 4174 ἐπαίδευσεν
1549 4114 1612 4174 ἐν
1649 4113 1949 4190 Περγάμῳ.
2009 4113 2311 4174 ἐπαίδευσε
2349 4118 2447 4173 καὶ
2485 4117 2568 4182 εἰς
2596 4114 2819 4189 Ῥώμην

520 4197 616 4256 ἐπὶ
644 4200 945 4270 Πομπηίου
974 4199 1076 4252 τοῦ
1109 4217 1229 4270 μεγ.
1263 4196 1476 4267 ἔγραψε
1505 4196 1710 4269 πολλά,
1748 4198 2081 4268 antiquioris
2119 4196 2478 4268 grammatici
2506 4199 2611 4254 sic:
2645 4195 2817 4254 Ἅσκλ.

521 4313 586 4320 -
624 4283 805 4349 Μυρλ.
845 4297 1068 4350 γραμμ.,
1105 4275 1368 4350 μαθητὴς
1399 4275 1505 4333 ’Am
1536 4277 1735 4348 γέγονε
1774 4276 1839 4333 δὲ
1879 4275 1976 4333 ἐπὶ
2003 4273 2299 4349 Εὐμενοῦς
2334 4280 2664 4349 (197—159)
2703 4281 2809 4334 τοῦ

522 4355 584 4413 ἒν
614 4355 895 4432 Περγάμῳ
924 4353 1193 4431 βασιλέως
1219 4359 1316 4413 καὶ
1347 4355 1685 4415 ἐπαίδευσεν
1715 4354 1778 4414 ἐν
1810 4353 2209 4435 Ἀλεξανδρείᾳ,
2249 4354 2346 4413 ἐπὶ
2378 4360 2479 4414 τοῦ
2510 4357 2569 4412 δ’
2602 4362 2817 4416 Πτολε-
