3025 4892
553 200 640 263 90
1484 199 1910 257 HESYOHIUS.

553 379 725 445 σιος,
789 356 879 439 ὥς
935 359 1009 427 δὲ
1058 355 1453 445 Ἡρόδοτος,
1521 362 1787 445 Φοῖνιξ,
1843 360 2136 447 γεγονώς
2189 358 2318 446 πρὸ
2380 366 2679 449 Κροίσου
2727 362 2831 429 ἐπὶ

550 472 667 555 τῆς
712 466 810 535 λε’
860 465 1292 553 ὀλυμπιάδος,
1339 463 1505 534 κατὰ
1551 466 1626 535 δὲ
1668 468 2009 553 Φλέγοντα
2043 466 2537 555 γνωριζόμενος
2573 466 2698 555 ἤδη
2731 470 2833 536 ε’πὶ

550 578 667 660 τῆς
715 572 786 653 ζ’.
879 577 1124 659 ἔγραψε
1170 573 1320 657 περὶ
1358 572 1709 661 μετεώρων
1756 576 1830 641 ἐν
1877 580 2087 660 ἔπεσι,
2154 574 2300 663 περὶ
2349 579 2689 662 ἰσημερίας
2728 576 2833 642 καὶ

552 680 718 749 ἄλλα
754 678 990 774 πολλά.
1044 679 1423 768 ἐτελεύτησε
1453 680 1529 749 δὲ
1557 681 1833 769 γηραιὸς
1860 681 2205 769 θεώμενος
2232 682 2565 769 γυμνικὸν
2594 679 2833 768 ἀγῶνα,

497 807 524 847 5
550 787 857 875 πιληθεὶς
913 786 988 855 δὲ
1037 784 1169 855 ὑπὸ
1215 791 1337 855 τοῦ
1386 786 1594 875 ὄχλου
1639 788 1751 855 καὶ
1798 788 2104 868 ε’κλυθεὶς
2146 786 2276 857 ὑπὸ
2322 793 2447 857 τοῦ
2491 790 2831 877 καύματος.

552 897 841 982 [πρώτος
895 893 971 962 δὲ
1027 897 1249 982 Θαλῆς
1301 892 1376 963 τὸ
1432 896 1556 963 τοῦ
1614 898 1835 982 σοφοῦ
1884 900 2073 982 ἔσχεν
2121 894 2369 983 ὄνομα,
2428 897 2538 964 καὶ
2584 900 2835 983 πρῶτος

549 1028 675 1089 την
723 998 944 1090 ψυχὴν
983 999 1165 1070 εἶπεν
1203 998 1575 1088 ἀθάνατον,
1624 1002 1945 1084 ἐκλείψεις
1988 1027 2059 1070 τε
2106 1003 2217 1071 καὶ
2256 1007 2601 1091 ἰσημερίας
2635 1009 2830 1071 κατεί-

551 1117 781 1196 ληφεν.
857 1106 1344 1197 ἀποφθέγματα
1392 1108 1468 1177 δὲ
1513 1106 1725 1178 αὐτοῦ
1770 1118 2064 1196 πλεῖστα,
2101 1111 2212 1178 καὶ
2256 1109 2333 1179 τὸ
2368 1112 2833 1199 θρυλούμενον

552 1219 804 1303 (γνῶθι
854 1215 1166 1285 σαυτόν’
1212 1215 1287 1285 τὸ
1336 1214 1463 1306 γὰρ
1512 1216 1763 1303 *ἐγγύῃ
1809 1216 1993 1305 πάρα
2040 1214 2104 1285 δ’
2158 1215 2311 1285 ἄτα’
2358 1218 2665 1299 Χίλωνός
2707 1220 2833 1286 ἐστι

478 1342 531 1381 1⁰
555 1325 840 1410 μᾶλλον,
889 1324 1485 1412 ἰδιοποιησαμένου
1533 1320 1697 1391 αὐτὸ
1742 1324 1854 1391 καὶ
1900 1322 1974 1392 τὸ
2025 1322 2260 1410 (μηδὲν
2307 1322 2547 1410 ἄγαν.’]

729 1429 1190 1499 CCCXXXIV.
1263 1429 1621 1527 Θαλήτας
1677 1429 1863 1518 Κρὴς
1913 1429 2244 1519 Ἐλύριος,
2300 1430 2603 1519 λυρικός,
2659 1458 2832 1518 γεγο-

550 1534 684 1615 νὼς
728 1535 856 1625 πρὸ
894 1533 1206 1626 Ὁμήρου.
1296 1537 1478 1624 μέλη.

729 1644 1156 1712 CCCXXXV.
1230 1638 1588 1731 Θαλήτας
1644 1643 2026 1728 Κνώσσιος,
2083 1644 2415 1737 ῥαψῳδός.
2514 1645 2834 1734 ποιήματά

548 1777 702 1820 τινα
749 1750 1025 1840 μυθικά.

472 1875 523 1914 ¹⁵
731 1859 1192 1928 GCOXXXVI.
1265 1857 1622 1947 Θάμυρις
1665 1855 1706 1945 ἢ
1754 1857 2159 1948 Θαμύρας,
2205 1864 2386 1951 Θρᾷξ,
2426 1863 2493 1943 ἐξ
2525 1859 2833 1929 Ἠδωνῶν

549 1969 665 2054 τῆς
703 1969 777 2034 ἐν
813 1971 1087 2053 Βρίγοις
1121 1964 1398 2051 πόλεως,
1449 1969 1524 2034 oc
1556 1965 1629 2033 δὲ
1666 1962 1798 2034 ἀπὸ
1832 1962 2175 2055 Ὀδρύσης,
2212 1965 2360 2047 υίὸς
2402 1967 2835 2056 Φιλάμμωνος

546 2073 657 2141 καὶ
690 2069 1062 2169 Ἀρσινόης,
1109 2069 1420 2151 ἐποποιὸς
1467 2070 1712 2158 ὄγδοος
1757 2072 1885 2161 πρὸ
1916 2070 2229 2161 Ὁμήρου,
2276 2072 2441 2142 κατὰ
2492 2075 2566 2143 δὲ
2604 2073 2835 2155 ἄλλους

548 2180 854 2267 πέμπτος.
946 2170 1144 2259 οὗτος
1193 2179 1228 2247 ὁ
1277 2178 1609 2268 Θάμυρις,
1665 2178 1889 2266 ἐπειδὴ
1936 2185 2030 2260 είς
2074 2178 2191 2260 τὰς
2244 2180 2500 2269 μούσας
2546 2180 2834 2270 ὕβρισεν,

549 2285 884 2375 ἐπηρώθη.
995 2288 1266 2375 φέρεται
1341 2285 1416 2354 δὲ
1490 2282 1699 2355 αὐτοῦ
1774 2292 2094 2373 θεολογιά
2163 2292 2257 2368 εἰς
2320 2292 2441 2376 ἔπη
2511 2317 2599 2381 ly.
2708 2289 2834 2374 [καὶ

693 2518 722 2566 1
763 2511 842 2567 sic
879 2515 1088 2565 Anvl:
1116 2504 1400 2582 Ἡροδότῳ
1439 2512 1610 2565 δοκεῖ
1635 2512 1778 2579 ναῖς.
1819 2510 1889 2565 cf.
1926 2509 2131 2567 Herod.
2171 2512 2221 2579 Ι,
2263 2516 2367 2569 170,
2510 2520 2543 2567 3
2580 2517 2712 2583 post
2745 2514 2837 2583 τῆς

549 2592 824 2647 nonnulla
861 2591 1134 2661 excidi-sse
1173 2592 1232 2645 et
1277 2588 1428 2658 quod
1465 2592 1721 2659 superest
1758 2585 1808 2656 ζ’
1846 2590 2149 2645 frustulum
2188 2607 2309 2645 esse
2345 2590 2583 2653 membri
2619 2591 2837 2647 huiusce

550 2671 632 2735 εἷς
669 2673 781 2727 τῶν
819 2667 870 2738 ζ’
911 2671 1107 2740 σοφῶν
1128 2670 1459 2739 ‘suspicatus
1497 2672 1585 2724 est
1611 2671 1975 2741 Bernhardy3
2012 2670 2113 2727 sed
2148 2670 2216 2725 cf.
2249 2688 2393 2739 quae
2420 2672 2491 2726 de
2518 2672 2836 2743 Phlegontis

551 2769 734 2807 errore
772 2750 1083 2822 disputavit
1117 2749 1339 2818 Rohde,
1377 2750 1518 2804 Mus.
1548 2749 1725 2806 Rhen.
1756 2751 1991 2806 XXXIII
2018 2770 2072 2821 p.
2105 2758 2238 2817 2113
2276 2751 2477 2821 fragm.
2516 2753 2836 2823 Phlegontis

549 2849 658 2887 om.
696 2831 902 2886 Miiller
1045 2838 1080 2886 4
1125 2826 1450 2899 ἐτελεύτησε
1491 2862 1555 2871 —-
1608 2830 1739 2885 exit.
1780 2848 1887 2885 om.
1925 2830 2077 2886 Eud.
2122 2846 2264 2899 quae
2310 2834 2504 2886 tamen
2551 2832 2837 2903 descripsit

549 2912 768 2981 πρῶτος
795 2944 862 2952 -
891 2906 1191 2966 ἀθάνατον
1311 2916 1342 2964 6
1381 2910 1598 2979 πρῶτος
1626 2941 1692 2949 -
1723 2910 1853 2966 exit.
1892 2904 2171 2965 addidisse
2203 2910 2435 2967 Suidam
2472 2929 2538 2967 ex
2576 2912 2835 2968 historico

552 2992 856 3062 Byzantino
885 2991 1053 3046 docet
1079 2990 1311 3045 Cedren.
1337 2991 1363 3043 I
1390 3007 1445 3058 p.
1465 2995 1570 3044 275
1610 2988 1699 3058 (cf.
1730 2991 1868 3044 Mus.
1894 2990 2069 3045 Rhen.
2090 2990 2298 3045 XXXV
2327 3010 2381 3061 p.
2404 2994 2548 3061 212).
2585 2994 2835 3047 Fortasse

551 3068 874 3142 ἐτελεύτησε
917 3103 981 3112 —-
1020 3071 1151 3127 exit.
1197 3071 1308 3141 ipsi
1347 3068 1553 3124 Suidae
1596 3069 1883 3125 debentur.
1956 3069 2111 3125 Inter
2146 3069 2399 3127 Thaletis
2446 3073 2656 3141 scripta
2691 3073 2833 3128 Eud.

548 3150 719 3206 refert
754 3150 885 3219 περὶ
923 3146 1244 3221 ἐκλείψεως.
1320 3148 1400 3204 Cf.
1439 3149 1659 3203 Unters.
1698 3168 1753 3217 p.
1793 3155 1861 3203 43
1900 3152 1959 3203 et
1994 3154 2090 3215 883
2128 3149 2309 3219 Daub‚
2349 3150 2419 3205 de
2457 3151 2604 3209 Viol.
2643 3170 2696 3221 Ρ.
2728 3159 2795 3207 24

692 3231 1057 3287 CCCXXXIV
1094 3232 1243 3287 Eud.
1283 3250 1337 3301 p.
1369 3235 1488 3285 374.
1554 3229 1635 3284 cf.
1676 3230 1878 3285 Strabo
1915 3230 1965 3283 X
2002 3246 2057 3298 p.
2088 3233 2192 3284 482
2232 3229 2328 3298 qui
2365 3247 2495 3285 eum
2534 3228 2721 3301 Θάλης
2751 3250 2834 3288 vo-

551 3311 669 3377 cat,
708 3310 859 3379 quod
894 3312 987 3366 hic
1023 3311 1432 3367 restituendum
1469 3309 1697 3380 putavit
1722 3310 2067 3381 Bernhardy.
2128 3309 2386 3365 Ceterum
2423 3330 2475 3366 v.
2514 3312 2732 3384 Menag.
2771 3314 2837 3369 ad

552 3391 716 3461 Diog.
755 3393 804 3460 Ι,
845 3398 913 3447 38
1026 3400 1088 3447 11
1129 3387 1164 3463 ἢ
1200 3387 1450 3462 Ἐλύριος
1488 3409 1627 3449 corr.
1670 3391 1960 3445 Meursius
1998 3390 2141 3446 Cret.
2183 3391 2233 3458 Ι,
2263 3396 2294 3444 9
2334 3391 2459 3448 coll.
2492 3391 2684 3463 Steph.
2716 3396 2833 3466 Byz.

550 3489 604 3526 v.
629 3465 891 3542 Ἔλυρος,
929 3466 964 3543 ἢ
1005 3467 1266 3543 ’Ῑλλνριός
1299 3471 1432 3528 libri
1469 3476 1530 3528 et
1564 3474 1745 3539 Eud„
1782 3464 1819 3541 ἢ
1859 3472 2289 3541 expungendum
2328 3488 2447 3527 esse
2485 3472 2632 3529 vidit
2666 3475 2834 3529 Bern—

551 3553 730 3623 hardy
876 3558 941 3606 12
982 3551 1196 3623 ἔγραψε
1235 3551 1372 3623 μέλη
1410 3554 1552 3609 Eud.

693 3631 1029 3687 CCCXXXV
1069 3633 1220 3689 Eud.
1249 3634 1288 3689 l.
1319 3651 1365 3688 c.
1422 3634 1675 3703 Utraque
1712 3634 1773 3687 in
1809 3634 1997 3703 glossa
2032 3631 2103 3687 de
2133 3632 2327 3687 eodem
2358 3633 2529 3702 poeta
2556 3634 2652 3704 agi
2686 3635 2837 3704 patet

557 3718 618 3765 13
655 3713 752 3766 καὶ
791 3710 980 3783 ἕτερος
1014 3711 1198 3769 Κνώσ.
1238 3716 1296 3769 et
1331 3712 1617 3782 συνέθηκε
1661 3733 1717 3770 π.
1757 3713 1908 3768 Eud.

694 3792 1059 3848 CCCXXXVI
1097 3811 1206 3850 om.
1247 3793 1521 3849 Westerm.
1672 3801 1737 3849 16
1782 3795 2008 3864 Βρίγοις
2055 3811 2122 3849 ex
2158 3794 2349 3863 Steph.
2390 3793 2517 3861 Byz.
2554 3811 2607 3847 v.
2648 3795 2836 3861 Βρίγες

549 3874 838 3929 revocavit
882 3873 1216 3944 Bernhardy
1261 3875 1467 3944 Βρίγης
1510 3877 1558 3925 Δ
1604 3875 1863 3944 Βρίγκοις
1907 3875 2052 3944 vuly.
2099 3873 2269 3928 verba
2315 3869 2375 3927 οἴ
2420 3870 2485 3926 δὲ
2537 3866 2656 3925 α’πό
2699 3867 2833 3940 Ὀδρ.

549 3969 692 4021 quae
730 3953 864 4008 libri
891 3956 1020 4024 post
1055 3950 1306 4023 πέμπτος
1341 3953 1628 4023 praebent,
1667 3952 1873 4008 rectius
1909 3957 2042 4023 post
2076 3950 2290 4015 πόλεως
2327 3951 2620 4019 collocavi,
2654 3947 2835 4020 Ὀδρύ-

551 4050 650 4101 σης
697 4049 834 4088 corr.
883 4034 1186 4100 Kusterus,
1225 4028 1527 4103 Ὀδρύσσης
1571 4034 1716 4103 vulg.
1765 4032 2021 4103 Δρύσσης
2058 4037 2151 4085 ΒΕ
2337 4038 2401 4087 17
2446 4027 2734 4102 Ἀργιόπης
2780 4050 2837 4087 ex

550 4111 896 4181 Apollodoro
945 4115 1003 4168 et
1047 4112 1282 4167 Pausan.
1330 4112 1424 4181 IV,
1471 4118 1538 4166 33
1588 4113 1978 4183 corrigendum
2023 4113 2242 4168 monuit
2285 4113 2585 4180 Kusterus,
2638 4109 2837 4183 Ἄρσίου

551 4194 785 4262 praebet
822 4193 974 4248 Eud.
1013 4213 1066 4264 p.
1106 4199 1214 4248 364
1252 4194 1342 4261 (ex
1377 4194 1550 4249 schol.
1590 4194 1728 4249 Ven.
1767 4193 1832 4246 Il.
1867 4192 1945 4261 ΙΙ,
1976 4194 2129 4261 595),
2165 4192 2265 4246 ubi
2302 4192 2361 4245 in
2398 4192 2653 4262 margine
2690 4192 2837 4247 addi-

549 4276 671 4326 tum
707 4293 791 4342 γρ.
838 4266 1115 4341 Ἀρσινόης
1253 4278 1318 4327 19
1357 4272 1426 4327 de
1464 4272 1759 4343 theologia
1794 4273 2172 4342 Thamyridis‚
2219 4289 2363 4341 quae
2399 4288 2687 4341 nunquam
2726 4274 2837 4327 fue-

521 4350 650 4419 ·rit‚
700 4351 770 4406 cf.
817 4352 1018 4421 Bergk.
1066 4351 1177 4409 Lit.
1225 4351 1318 4407 Gr.
1355 4352 1381 4404 I
1417 4370 1470 4422 Ρ.
1514 4358 1646 4422 404ς
1700 4352 1906 4422 Hiller‚
1950 4351 2095 4408 Mus.
2137 4351 2315 4407 Rhen.
2352 4350 2584 4407 XXXIII
2629 4371 2687 4423 p.
2724 4358 2838 4407 522.
