3025 4892
564 223 693 287 150
1486 217 1915 272 HEsYcfflUs

563 382 780 468 ρικός,
825 379 1117 467 rernm-235·
1162 380 1266 448 ἐπὶ
1311 384 1429 465 τῆς
1473 376 1785 457 ἁλώσεως
1828 377 2190 462 Σάρδεων,
2244 378 2577 460 Λυδιακά,
2625 378 2848 460 βιβλία

564 491 649 556 δ’.
725 489 827 571 [ἐν
855 486 938 555 δὲ
985 490 1078 579 τῷ
1129 486 1198 572 β’
1237 485 1498 554 τούτων
1553 489 1807 571 ἱστορεῖ
1840 481 1930 563 ὡς
1966 486 2227 572 πρῶτος
2263 482 2485 568 Γύγης
2522 480 2557 549 ὁ
2602 484 2851 550 Λυδῶν

564 592 875 682 βασιλεὺς
928 608 1251 679 γυναῖκας
1307 591 1734 680 εὐνούχισεν,
1790 589 1972 669 ὅπως
2016 587 2250 669 αὐταῖς
2295 594 2508 681 χρῷτο
2556 586 2663 657 ἀεὶ
2711 614 2853 655 νεα-

564 701 878 784 ζούσαις.]
956 691 1180 784 [οὗτος
1227 702 1480 785 ἱστορεῖ
1524 696 1559 767 ὁ
1608 697 1880 777 Ξάνθος
1907 694 2234 783 ’Ἀλκιμόν
2277 722 2428 763 τινα
2465 698 2854 782 βασιλεῦσαι

515 836 540 875 5
567 811 686 894 τῆς
742 807 969 875 ἐκεῖσε·
1004 806 1251 896 χώρας,
1314 804 1792 892 εὐσεβέστατον
1847 805 1958 872 καὶ
2012 801 2391 892 πραότατον
2447 802 2697 892 ἄνδρα·
2750 802 2856 869 καὶ
2944 830 2949 839 ·

568 910 668 982 ἐπ’
733 910 944 981 αὐτοῦ
1008 914 1325 1000 γενέσθαι
1390 911 1667 999 εἰρήνην
1733 917 2022 996 βαθεῖαν
2085 910 2196 977 καὶ
2259 913 2554 979 πλοῦτον
2618 908 2856 992 πολύν,

570 1017 781 1099 ἀδεῶς
837 1019 912 1089 δὲ
965 1019 1076 1086 καὶ
1131 1015 1705 1104 ἄνεπιβουλεύτως
1766 1019 1883 1103 ζῆν
1940 1018 2235 1086 ἕκαστον.
2328 1013 2467 1083 εἶτα
2523 1013 2751 1101 ἐπειδὴ
2800 1014 2852 1095 ζ’

573 1131 682 1212 ἔτη
741 1118 828 1213 ἦν
881 1130 972 1216 τῷ
1015 1124 1326 1216 Ἀλκίμῳ,
1381 1124 1843 1213 προελθόντας
1897 1123 2058 1205 τοὺς
2102 1122 2376 1203 Λυδοὺς
2430 1126 2755 1208 παγγενεί
2793 1146 2855 1187 τε

573 1232 683 1299 καὶ
731 1232 1061 1319 πανδημεὶ
1107 1230 1610 1320 προσεύξασθαι
1656 1231 1767 1299 καὶ
1814 1234 2079 1317 αἰτῆσαι
2127 1235 2218 1324 τῷ
2260 1229 2542 1321 Ἀλκίμςο
2591 1231 2858 1297 τοιαῦτα

499 1367 550 1406 10
579 1342 689 1424 ἔτη
753 1341 1045 1425 δοθῆναι
1105 1338 1170 1417 ἐς
1227 1336 1303 1405 τὸ
1365 1340 1621 1405 Λυδῶν
1680 1336 1973 1424 ἀγαθόν·
2037 1333 2073 1405 ὃ
2134 1339 2245 1407 καὶ
2301 1338 2567 1424 γέγονε,
2626 1335 2739 1403 καὶ
2792 1335 2859 1401 ἐν

577 1441 902 1534 εὐποτμίᾳ
945 1470 1016 1512 τε
1061 1446 1171 1512 καὶ
1219 1441 1619 1533 εὐδαιμονίᾳ
1666 1448 1875 1533 πολλῇ
1925 1448 2211 1531 διῆγον]

751 1571 1038 1637 DLXXI.
1128 1570 1595 1655 Ξέναρχος
1657 1568 1963 1655 κωμικός.
2053 1573 2189 1637 τῶν
2248 1566 2607 1654 δραμάτων
2652 1564 2857 1635 αὐτοῦ

575 1680 711 1746 ἐστι
769 1681 1192 1761 Βουταλίων,
1250 1674 1340 1755 ὥς
1388 1672 1751 1762 Ἀθήναιός
1806 1695 2016 1761 φησιν
2073 1678 2147 1743 ἐν
2202 1673 2273 1760 β’
2307 1677 2445 1742 τῶν
2495 1682 2855 1742 Δειπνοσο-

579 1787 860 1871 φιστῶν,
905 1783 1016 1851 καὶ
1065 1782 1394 1870 Πορφύρα
1441 1783 1552 1850 καὶ
1592 1780 1886 1867 Σκύθαι,
1935 1778 2025 1862 ὥς
2073 1778 2109 1849 ὁ
2148 1778 2371 1866 αὐτός,
2418 1781 2530 1848 καὶ
2568 1784 2858 1866 Δίδυμοι

502 1916 550 1957 15
577 1890 688 1958 καὶ
735 1890 1130 1969 Πένταθλος
1175 1888 1286 1955 καὶ
1334 1894 1671 1976 Πρίαπος,
1702 1886 1979 1973 “Yawog,
2027 1887 2472 1977 Στρατιώτης.

754 2014 1077 2081 DLXXII.
1177 2014 1344 2089 Ξεν
1369 2009 1704 2099 οκράτη
1728 2039 1761 2091 ς
1830 2008 2217 2098 Ἀγάθωνος
2284 2007 2325 2097 ἢ
2388 2009 2857 2097 Ἀγαθάνορος,

579 2119 1074 2207 Χαλκηδόνιος,
1120 2116 1427 2207 μαθητὴς
1471 2119 1583 2186 καὶ
1631 2118 1948 2205 διάδοχος
1993 2116 2155 2204 μετὰ
2201 2116 2644 2186 Σπεύσιππον
2689 2114 2860 2183 Πλά-

575 2255 790 2307 τωνος
835 2227 985 2317 (τοῦ
1033 2226 1107 2294 δὲ
1153 2227 1516 2313 Πολέμων,
1576 2228 1697 2293 τοῦ
1745 2224 1819 2292 δὲ
1866 2223 2247 2313 Κράντωρ).
2330 2224 2441 2292 καὶ
2493 2225 2860 2311 πέμψαντος

579 2332 759 2426 αὐτῷ
795 2336 919 2402 τοῦ
964 2331 1365 2421 Μακεδόνος
1405 2328 1846 2417 Ἀλεξάνδρου
1902 2334 2157 2418 χρυσοῦ
2206 2330 2498 2399 τάλαντα
2544 2332 2609 2400 λ’
2675 2328 2862 2408 αὐτὸς

499 2451 552 2491 ²⁰
581 2438 984 2528 ἀπέπεμψεν,
1031 2438 1238 2507 είπών
1283 2440 1559 2526 βασιλέα
1607 2441 1876 2505 δεῖσθαι
1923 2439 2299 2526 χρημάτων,
2348 2435 2430 2506 οὐ
2473 2438 2861 2526 φιλόσοφον.

583 2554 828 2636 ἔγραψε
873 2547 1023 2635 περὶ
1068 2550 1184 2633 τῆς
1230 2544 1601 2625 Πλάτωνος
1644 2550 1994 2625 πολιτείας.

706 2659 722 2672 ’
759 2664 1116 2730 DLXXIII.
1178 2658 1726 2749 <Ξενοκράτης
1760 2660 2281 2750 Ἀφροδισιεύς.)
2332 2654 2526 2743 οὗτος
2554 2657 2862 2746 συνεγρά-

729 2937 755 2984 1
796 2926 881 2984 ἀλ.
915 2924 1162 2998 Ἀθηνῶν
1193 2928 1488 2983 Greuzerus
1516 2945 1647 2982 nam
1676 2922 1950 2997 Σάρδεων
1979 2928 2241 2984 vitiosum
2274 2947 2393 2985 esse
2432 2931 2655 2985 constat
2688 2928 2861 2983 nostro

582 3011 807 3066 Xantho
846 3028 969 3065 cum
1009 3010 1186 3063 altero
1229 3008 1402 3078 (Suid.
1431 3028 1483 3063 v.
1514 3010 1789 3075 Αἴσωπος)
1826 3008 2072 3077 confuso,
2111 3009 2207 3078 qui
2244 3011 2303 3063 et
2338 3010 2459 3080 ipse
2488 3010 2676 3079 Lydus
2716 3007 2859 3064 audit

583 3099 616 3146 2
666 3087 728 3146 ἐν
775 3089 839 3145 δὲ
887 3090 961 3161 τῷ
1007 3086 1062 3163 β’
1105 3120 1172 3129 -
1215 3084 1549 3154 νεαζούσαις
1600 3088 1899 3158 descripsit
1938 3088 2429 3161 Pseudo-Hesych.
2468 3110 2513 3147 e.
2546 3098 2643 3157 493
2693 3093 2862 3147 locum

583 3170 833 3226 hausisse
864 3169 1094 3224 Suidam
1131 3185 1200 3222 ex
1228 3169 1422 3223 eodem
1451 3170 1628 3240 fonte,
1666 3185 1776 3239 quo
1813 3187 1945 3223 usus
1984 3171 2070 3224 est
2107 3171 2309 3225 Athen.
2344 3170 2449 3225 XII
2487 3190 2541 3241 p.
2576 3177 2695 3239 515,
2738 3168 2859 3225 coni.

587 3250 934 3318 Gutschmid,
972 3248 1324 3304 Athenaeum
1361 3266 1492 3303 vero
1522 3248 1914 3320 neglegentius
1952 3250 2313 3323 describendo
2346 3250 2583 3305 duorum
2619 3252 2861 3319 logogra-

584 3331 825 3401 phorum
861 3328 1090 3383 nomina
1126 3332 1468 3398 permutasse
1614 3336 1648 3383 4
1686 3320 1851 3392 οὗτος
1890 3361 1957 3369 -
1994 3330 2124 3384 exit.
2162 3329 2439 3385 iterantur
2483 3350 2537 3386 v.
2581 3330 2861 3400 πανδημεί,

585 3410 712 3465 add.
752 3408 959 3463 Swidas
996 3426 1064 3463 ex
1098 3408 1324 3463 Nicolai
1357 3408 1693 3464 Damasceni
1729 3409 1977 3465 historiis
2014 3410 2127 3480 (vel
2163 3409 2350 3479 potius
2387 3427 2455 3465 ex
2492 3410 2715 3465 Aeliani
2752 3407 2860 3474 περὶ

585 3490 856 3557 προνοίας
891 3490 1036 3543 libro
1049 3530 1062 3557 ,
1109 3490 1257 3558 quod
1299 3489 1612 3559 suspicatur
1648 3490 1991 3559 Gutschmid)
2004 3532 2020 3559 ,
2066 3490 2265 3544 merito
2304 3490 2575 3559 expunxit
2603 3490 2861 3545 Weeterm.

587 3569 668 3624 Cf.
698 3570 837 3623 Mus,
873 3570 1048 3624 Rhen.
1080 3568 1286 3623 XXXV
1314 3589 1367 3640 p.
1404 3576 1502 3624 192
1651 3575 1683 3625 5
1721 3566 2033 3639 ἄνθρωπον
2069 3570 2216 3640 moly.
2255 3565 2441 3639 ἄνδρα
2478 3575 2631 3624 ARV

729 3648 954 3703 DLXXI
993 3650 1227 3705 Tractat
1251 3649 1508 3703 Meineke
1530 3651 1554 3703 I
1574 3668 1628 3719 p.
1650 3656 1781 3716 4343
1812 3650 1881 3705 de
1909 3649 2031 3704 vita
2058 3649 2201 3703 dixit
2218 3648 2401 3717 Daub,
2430 3650 2498 3704 de
2529 3650 2680 3705 Suid.
2703 3669 2757 3720 p.
2778 3653 2863 3703 483

591 3734 654 3783 12
684 3727 955 3800 κωμῳδός
983 3736 1028 3783 V
1141 3736 1206 3783 13
1235 3731 1557 3783 Βουταλίων
1588 3746 1722 3785 corr.
1750 3730 2039 3785 Reinesius
2076 3731 2386 3799 βουκολίων
2415 3735 2517 3783 Av
2559 3731 2863 3785 Βονκαλίων

583 3811 729 3878 vulq.
780 3811 1100 3864 Βουταλίων
1148 3808 1416 3865 excidisse
1463 3811 1628 3878 putat
1672 3811 1933 3877 Dindorf
1979 3808 2216 3863 eundem
2262 3807 2488 3863 fabulae
2541 3808 2771 3862 titulum
2813 3824 2866 3861 ex

587 3888 794 3943 Suidae
831 3889 952 3944 vita
987 3889 1138 3959 apud
1173 3890 1376 3945 Athen.
1415 3889 1466 3942 II
1503 3907 1557 3958 p.
1589 3896 1655 3944 63
1694 3889 2101 3945 restituendum
2138 3905 2256 3943 esse
2294 3888 2439 3943 vidit
2478 3887 2831 3944 casaubonus

728 3968 984 4023 DLXXII
1041 3976 1108 4024 16
1140 3964 1516 4039 Ἀγαθήνορος
1544 3987 1651 4024 om.
1688 3964 1731 4039 ἢ
1758 3965 2137 4039 Ἀγαθάνορος
2164 3969 2328 4038 Dioy.
2358 3968 2453 4036 IV,
2487 3975 2512 4022 1
2631 3972 2693 4021 18
2734 3972 2865 4035 Καρ-

586 4044 853 4121 χηδόνιος
885 4055 929 4102 E
966 4050 1038 4104 de
1074 4051 1180 4104 hoc
1216 4065 1398 4104 errore
1437 4049 1504 4104 cf.
1545 4050 1717 4105 etiam
1753 4048 1935 4117 Diels,
1972 4048 2215 4117 Doxogr.
2253 4067 2308 4117 p.
2342 4054 2443 4103 129
2482 4050 2599 4105 not.
2629 4054 2661 4103 3
2832 4058 2841 4067 '

587 4124 854 4191 διάκονος
891 4135 938 4182 Δ
1086 4136 1148 4184 19
1187 4130 1346 4183 Hanc
1382 4129 1632 4183 fabulam
1679 4129 2009 4198 compilavit
2047 4127 2525 4197 Pseudo-Hesych.
2566 4143 2611 4182 c.
2641 4132 2737 4194 603
2776 4128 2867 4181 He·

587 4210 781 4280 sychio
827 4209 1211 4280 suppeditavit
1245 4210 1408 4281 Diog.
1448 4210 1543 4278 IV,
1566 4214 1617 4279 8,
1658 4226 1997 4279 quamquam
2032 4210 2207 4279 negat
2245 4208 2697 4263 Wilamowitzius
2736 4206 2869 4278 apud

587 4290 799 4359 Maass,
837 4291 1024 4359 Biogr.
1062 4308 1116 4359 p.
1150 4295 1249 4343 161
2969 4292 2970 4299 ’

733 4370 1010 4423 DLXXIII
1075 4374 1141 4422 22
1181 4365 1544 4437 Ξενοκράτης
1577 4364 1957 4440 Ἀφροδισιεύς
2000 4370 2122 4441 ipse
2166 4367 2426 4440 supplevi
2462 4368 2588 4423 coll.
2631 4366 2787 4424 Suid.
2825 4387 2865 4422 v.
