3025 4892
553 192 586 255 1
597 191 681 255 82
1469 186 1899 247 HESYCHIUS.

731 351 862 438 [ὅτι
906 349 982 420 τὸ
1022 354 1290 438 βιβλίον
1333 354 1725 437 Προκοπίου
1761 346 1835 418 τὸ
1880 348 2299 436 καλούμενον
2329 345 2668 416 ’Λνέκδοτα
2699 346 2805 429 ψό-

549 490 711 550 γους
766 462 876 530 καὶ
927 464 1284 549 κωμῳδίαν
1326 456 1812 526 Ἰουστινιανοῦ
1873 459 2199 543 βασιλέως
2242 458 2525 545 περιέχει
2568 457 2670 525 καὶ
2708 458 2808 542 τῆς

551 567 760 638 αὐτοῦ
809 563 1129 653 γυναικὸς
1175 564 1560 650 Θεοδώρας,
1616 562 1786 633 άλλὰ
1843 562 1975 716 μὴν
2022 565 2133 632 καὶ
2180 560 2392 632 αὐτοῦ
2440 569 2809 650 Βελισαρίου

548 676 660 744 καὶ
697 678 812 761 τῆς
857 676 1142 759 γαμετῆς
1189 668 1443 756 αὐτοῦ]

495 800 522 841 ⁵
725 781 1167 851 DCLXXVII.
1223 777 1763 866 Πρωταγόρας
1802 775 2213 872 Ἀβδηρίτης,
2261 776 2408 857 υίὸς
2438 776 2815 864 ’Λρτέμωνος

548 886 608 977 ἢ·
663 888 774 956 καὶ
838 889 1302 970 Μαιανδρίου·
1386 884 1563 965 τινὲς
1637 885 1712 954 δὲ
1775 881 1985 953 αὐτὸν
2058 886 2170 952 καὶ
2244 888 2452 972 Τήιον
2528 890 2819 972 ἔγραψαν.

550 988 748 1076 οὗτος
799 994 1127 1084 πρότερον
1173 987 1260 1081 ἦν
1307 993 1919 1082 φορτοβαστάκτης,
1975 990 2273 1079 ἐντυχὼν
2319 992 2394 1061 δὲ
2443 997 2815 1082 Δημοκρίτῳ

551 1102 822 1191 ἠράσθη
870 1101 1112 1187 λόγων,
1159 1102 1270 1168 καὶ
1317 1098 1782 1187 φιλοσοφήσας
1828 1100 1930 1168 ἐπὶ
1980 1101 2332 1187 ῥητορείαν
2380 1098 2639 1188 ἐτράπη.
2718 1100 2815 1167 καὶ

553 1211 887 1297 ἐπεκλήθη
935 1212 1195 1296 πρῶτος
1233 1202 1429 1287 οὗτος
1467 1206 1808 1294 σοφιστής.
1879 1210 2138 1291 πρῶτος
2176 1207 2250 1277 δὲ
2289 1199 2487 1287 οὗτος
2519 1207 2671 1287 τοὺς
2703 1210 2816 1293 ἐρι-

473 1339 524 1377 10
553 1316 820 1395 στικοὶς
868 1315 1111 1401 λόγους
1156 1305 1308 1403 εὗρε
1353 1316 1462 1383 καὶ
1516 1312 1744 1399 άγῶνα
1792 1312 2013 1400 λόγων
2054 1314 2406 1402 ἐποιήσατο
2444 1316 2555 1383 καὶ
2593 1311 2818 1402 μισθὸν

553 1425 789 1510 ἔπραξε
833 1419 990 1501 τοὺς
1036 1418 1340 1509 μαθητὰς
1382 1425 1552 1508 μνᾶς
1589 1420 1683 1506 ρ’·
1734 1419 1841 1488 διὸ
1881 1422 1991 1489 καὶ
2030 1420 2362 1509 ἐπεκλήθη
2402 1421 2623 1507 Λόγος
2656 1426 2816 1508 ἔμμι-

552 1540 738 1610 σθος.
834 1526 1238 1607 διδάσκαλος
1304 1526 1377 1595 δὲ
1441 1528 1679 1613 γε’γονε
1732 1527 1843 1595 καὶ
1903 1529 2024 1595 τοῦ
2082 1526 2364 1616 ῥήτορος
2414 1524 2819 1617 Ἰσοκράτους.

552 1637 789 1724 [διεῖλέ
810 1662 880 1704 τε
908 1633 1126 1703 πάντα
1154 1632 1360 1721 λόγον
1389 1638 1651 1718 πρῶτος
1680 1626 1876 1714 οὗτος
1904 1639 1997 1714 εἰς
2026 1634 2120 1720 δ’,
2149 1632 2471 1721 εὐχωλήν,
2502 1634 2820 1722 ἐρώτησιν,

549 1743 932 1830 ἀπόκρισιν,
972 1740 1278 1828 ἐντολήν·
1319 1740 1478 1828 μετὰ
1509 1741 1583 1810 δὲ
1611 1744 1853 1810 τοῦτον
1886 1743 2097 1828 ἕτεροι
2127 1746 2219 1821 εἰς
2250 1741 2302 1823 ζ’
2335 1747 2589 1810 διεῖλον
2616 1746 2820 1826 ταῦτα,

471 1872 520 1913 15
551 1850 899 1937 διήγησιν,
953 1850 1307 1937 ἐρώτησιν,
1356 1845 1742 1934 ἀπόκρισιν,
1792 1847 2101 1934 ἐντολήν,
2148 1853 2602 1935 εἰσαγγελίαν,
2647 1848 2821 1935 εὐχω-

549 1956 702 2044 λήν,
738 1961 996 2042 κλῆσιν.
1049 1953 1443 2041 Ἀλκιδάμας
1481 1954 1556 2022 δὲ
1586 1953 1653 2021 δ’
1685 1953 1865 2022 εἷναί
1886 1976 2097 2042 φησιν
2128 1957 2307 2035 ἰδέας
2335 1955 2581 2043 λόγων,
2618 1954 2823 2041 φάσιν,

551 2061 917 2149 ἀπόφασιν,
957 2061 1302 2149 ἐρώτησιν,
1344 2060 1926 2151 προσαγόρευσιν.]
1992 2065 2113 2130 τοῦ
2151 2060 2225 2129 δὲ
2261 2062 2718 2151 Πρωταγόρου
2756 2058 2824 2126 τὰ

550 2174 778 2257 βιβλία
825 2166 954 2236 ὑπὸ
997 2167 1378 2255 Ἀθηναίων
1419 2168 1708 2255 ἐκαύθη,
1762 2167 1936 2237 διότι
1979 2168 2184 2255 λόγον
2222 2169 2379 2237 ποτε
2418 2168 2600 2238 εἶπεν
2640 2166 2827 2247 οὕτως

551 2275 919 2364 ἀρξάμενος
956 2277 1138 2363 επερὶ
1176 2278 1362 2343 θεῶν
1399 2272 1524 2343 οὐκ
1560 2280 1688 2363 ἔχω
1727 2276 2001 2362 εἰδέναι,
2041 2274 2194 2344 οὔτε
2234 2273 2322 2356 ὡς
2359 2277 2533 2345 εἰσὶν
2573 2276 2719 2345 οὔτε
2750 2272 2828 2353 ὡς

471 2406 524 2445 20
555 2380 676 2452 οὐκ
734 2385 910 2451 εἰσί’.
1002 2383 1114 2451 καὶ
1172 2381 1619 2471 πρεσβύτερός
1676 2385 1810 2451 ἐστι
1858 2381 2225 2463 Πλάτωνος
2280 2388 2401 2451 τοῦ
2449 2382 2828 2471 φιλοσόφου.

555 2489 986 2576 [διδάσκαλος
1036 2488 1110 2557 δὲ
1160 2494 1510 2577 Προδίκου
1557 2493 1678 2557 τοῦ
1726 2496 1938 2558 Κείου
1982 2491 2093 2557 καὶ
2140 2488 2365 2559 ἄλλων
2410 2494 2718 2574 πολλῶν]

554 2676 908 2747 diligeniziam
945 2674 1185 2730 studiosi
1220 2675 1463 2731 hominis
1497 2676 1734 2745 prodere
1771 2676 2107 2733 videbantur
2137 2678 2517 2748 Bernhardyo.
2590 2676 2828 2732 Ceterum

555 2758 740 2831 βιβλία
769 2753 828 2825 η’
862 2760 992 2825 post
1023 2753 1272 2826 ἴστορίαν
1302 2753 1619 2826 Ῥωμαικὴν
1648 2756 1784 2811 olim
1812 2758 1872 2812 in
1899 2757 2057 2812 libris
2086 2758 2259 2813 fuisse
2290 2760 2479 2813 censet
2508 2757 2831 2812 G'utschmid.

558 2846 582 2891 1
626 2839 942 2906 Sequunizur
984 2840 1245 2907 excerpta
1275 2836 1495 2904 Suidae,
1536 2837 1605 2891 de
1641 2838 1841 2906 quibus
1878 2839 1994 2893 dixi
2022 2840 2163 2895 Mus,
2193 2838 2367 2895 Rhen.
2405 2839 2439 2892 l.
2472 2856 2518 2892 ο.
2549 2857 2605 2908 p.
2636 2843 2731 2892 221

553 2914 874 2972 Ἅνέκδοτον
904 2922 1004 2970 Av

695 2997 1046 3052 DCLXXVII
1075 3000 1227 3053 Eud.
1249 3016 1303 3068 p.
1323 3004 1443 3053 594.
1467 2997 1549 3053 Cf.
1572 2997 1891 3054 Philosssrat.
1907 2999 2017 3054 vit.
2040 3000 2083 3067 Ι,
2100 3005 2181 3067 10,
2206 2993 2833 3070 Steph.Byz.v.”Ass8nQa

553 3082 612 3133 et
635 3078 814 3143 Τέωςς
845 3079 1006 3149 Diog.
1028 3079 1124 3147 IX,
1145 3085 1214 3133 50
1236 3096 1348 3147 seq.
1380 3078 1651 3133 Tractant
1677 3079 1851 3148 Blass,
1882 3079 2000 3134 Att.
2024 3081 2145 3134 Ber.
2166 3079 2192 3131 Ι
2210 3098 2265 3149 p.
2288 3087 2355 3133 23
2387 3081 2445 3134 et
2467 3080 2681 3148 Rohde,
2708 3078 2831 3131 Mus,

553 3159 731 3211 Rhen.
752 3158 984 3213 XXXIV
1005 3158 1061 3227 p.
1083 3165 1212 3226 5693
1243 3158 1586 3228 Hesychium
1607 3158 1903 3226 descripsit
1921 3160 2103 3213 etiam
2124 3159 2296 3214 schol.
2317 3158 2535 3214 Platon.
2549 3158 2628 3213 VI
2647 3178 2699 3229 p.
2722 3164 2834 3212 361:

553 3235 936 3307 Πρωταγόρας
969 3235 1323 3309 Ἀρτέμωνος,
1358 3236 1686 3310 Ἀβδηρίτης.
1747 3229 1914 3301 οὗτος
1941 3234 2435 3309 φορτοβαστάκτης
2461 3230 2559 3309 ἦν,
2602 3234 2833 3307 ἐντυχών

555 3316 617 3371 δὲ
640 3319 972 3413 Δημοκρίτῳ
1003 3314 1381 3388 ἐφιλοσόφησε
1415 3318 1512 3373 καὶ
1544 3314 1699 3373 ἐπὶ“”
1666 3322 1962 3388 ρητορείαν
1994 3318 2117 3389 ἔσχε
2144 3319 2243 3373 καὶ
2261 3320 2479 3389 πρῶτος
2506 3316 2707 3386 λόγους
2736 3315 2833 3384 ἐρι-

555 3416 781 3460 στικους
808 3389 940 3467 εὗρε
971 3399 1068 3453 καὶ
1097 3397 1306 3470 μισθὸν
1339 3399 1545 3468 ἔπραξε
1573 3420 1706 3461 τους
1734 3395 1999 3468 μαθητὰς
2028 3420 2171 3469 μνας
2199 3395 2272 3469 ρ.
2304 3395 2394 3453 διὸ
2426 3397 2524 3452 καὶ
2555 3394 2831 3467 ἐπεκλήθη

555 3474 732 3547 λόγος.
767 3474 970 3533 τούτου
1000 3477 1263 3550 μαθητὴς
1286 3476 1603 3549 Ἰσοκράτης
1631 3476 1661 3535 ὁ
1692 3475 1873 3549 ρήτωρ
1903 3479 2000 3533 καὶ
2021 3475 2357 3548 Πρόδικος
2333 3500 2363 3533 ο
2394 3483 2583 3542 Κεῖος.
2620 3476 2832 3547 ἐκαυθη

555 3556 617 3612 δε
647 3556 716 3612 τὰ
746 3557 949 3613 τούτου
981 3562 1166 3633 βιβλία
1202 3556 1302 3615 ὑπ’
1326 3557 1654 3629 Ἀθηναίων.
1695 3557 1815 3614 εἶπε
1848 3555 1980 3628 γάρ·
2011 3560 2141 3629 περὶ
2166 3560 2325 3615 θεῶν
2357 3555 2460 3615 οὐκ
2486 3558 2602 3628 ,ἔχω
2630 3558 2833 3614 εἰδέναι

555 3634 684 3692 οὔτε
724 3635 798 3701 ὡς
837 3638 976 3693 εἰσὶν
1017 3636 1145 3695 οὔτε
1185 3636 1260 3702 ὡς
1297 3635 1403 3694 οὐκ
1443 3638 1601 3696 εἰσίν.
1680 3638 1892 3709 ἔγραψε
1932 3639 1996 3695 δὲ
2039 3639 2119 3703 εἰς
2155 3635 2335 3695 αὐτὸν
2373 3636 2403 3693 ὁ
2442 3636 2685 3693 Πλάτων
2723 3635 2833 3693 διά-

554 3723 736 3788 λογον.
802 3719 1068 3781 πλέοντος
1125 3718 1188 3775 δὲ
1247 3715 1424 3775 αὐτοῦ
1483 3718 1564 3781 εἰς
1610 3722 1880 3774 Σικελίαν
1938 3716 2260 3787 ἐτελεύτησε
2318 3716 2647 3788 ναυαγήσας
2708 3717 2834 3775 ἐτοῖν

556 3795 919 3869 ἐνενήκοντα,
958 3795 1334 3868 σοφιστεύσας
1374 3798 1469 3867 ἔτη
1507 3798 1943 3867 τεσσαράκοντα.
2002 3800 2377 3855 Scholiastam
2415 3816 2482 3854 ex
2518 3800 2681 3867 parte
2718 3802 2835 3854 ube·

553 3879 758 3934 riorem
796 3896 913 3934 esse
951 3882 1126 3949 patet,
1164 3880 1354 3948 itaque
1393 3881 1604 3935 erravit
1636 3882 1823 3949 Daub‚
1861 3883 1931 3936 de
1968 3882 2113 3935 Viol.
2153 3899 2206 3949 p.
2239 3886 2307 3933 24
2416 3886 2447 3933 5
2488 3883 2835 3949 Δημοκρίτου

550 3977 652 4029 pro
664 3955 793 4028 Ἄρτ.
815 3959 1032 4014 Aeliam.
1056 3962 1121 4015 V.
1147 3961 1215 4013 H.
1239 3962 1287 4030 1,
1314 3969 1381 4015 23
1526 3968 1557 4015 6
1599 3962 1961 4030 Μαιανδρίου
1992 3963 2157 4031 (vuly.
2185 3961 2360 4028 Eud.)
2390 3959 2484 4014 vel
2504 3956 2835 4028 Μαιάνδρου

551 4039 685 4093 libri
711 4041 877 4109 Dioy.
919 4036 954 4109 ἢ
985 4039 1083 4093 καὶ
1119 4044 1519 4110 Μαιανδρίδου
1555 4042 1690 4096 Par.
1716 4042 1879 4096 Kust.
1910 4036 2252 4109 Μαιάνδρου
2288 4039 2550 4093 Philostr.
2592 4034 2627 4107 ἢ
2658 4045 2836 4096 Νεαν-

553 4122 749 4188 δρίδου
788 4121 914 4176 add.
935 4125 980 4172 V
1009 4113 1042 4189 ἢ
1073 4122 1402 4191 ,Νεανδρίου
1437 4126 1585 4174 ABE
1717 4129 1745 4176 7
1786 4113 1951 4184 οὗτος
1983 4153 2045 4161 -
2078 4115 2368 4189 σοφιστής,
2407 4117 2504 4172 καὶ
2533 4116 2749 4188 μισθὸν
2784 4151 2836 4161 --

549 4193 899 4268 Ἰσοκράτους
927 4202 985 4253 et
1010 4204 1139 4269 post
1167 4198 1399 4269 ἐντολήν
1429 4202 1620 4256 omnia.
1648 4220 1754 4257 om.
1786 4203 1937 4258 Eud
2051 4207 2116 4255 13
2146 4216 2288 4271 quae
2318 4198 2521 4253 seclusi
2550 4214 2659 4253 om.
2685 4201 2835 4256 schol.

557 4278 778 4332 Platon.
794 4279 1128 4348 ‚descripta
1165 4299 1231 4336 ex
1268 4282 1429 4352 Diog.
1461 4281 1540 4335 IX
1567 4288 1654 4349 ‚54
1691 4282 1782 4337 vel
1818 4281 1979 4337 illata
2016 4300 2082 4337 ex
2114 4281 2316 4335 Suidae
2346 4281 2531 4349 glossa
2576 4278 2839 4350 πυθμήνς

553 4354 743 4411 πάντα
781 4362 827 4411 λ.
865 4378 957 4428 πρ.
997 4379 1160 4423 ουτος
1197 4367 1242 4415 A
1415 4368 1483 4417 20
1524 4364 1633 4417 εἴτε
1676 4395 1741 4402 -
1784 4365 1893 4419 εἴτε
1934 4368 1974 4417 Β
2122 4370 2187 4419 21
2233 4357 2569 4423 διδάσκαλος
2607 4390 2673 4399 -—
2720 4362 2835 4417 exit.
