3025 4892
1093 235 1519 290 HESYCHIUS.
1574 297 1581 314 ,
2362 235 2447 298 27

91 417 100 422 ·
155 399 376 482 σικοῦ,
409 394 540 464 ἀπὸ
589 397 925 484 Τάραντος
960 400 1077 482 τῆς
1110 394 1406 476 Ἰταλίας.
1465 399 1817 481 διατρίψας
1856 395 1931 464 δὲ
1968 398 2043 464 ἐν
2078 401 2456 486 Μαντινείᾳ

157 503 536 590 φιλόσοφος
561 506 818 591 γέγονε,
847 505 955 572 καὶ
985 509 1270 594 μουσικῇ
1281 505 1685 592 ’ἐπιθέμενος
1707 501 1829 572 οὐκ
1849 501 2239 590 ήστόχησεν,
2260 501 2454 571 ἀκου-

155 609 316 696 στὴς
343 614 466 678 τοῦ
491 637 562 678 τε
593 607 840 696 πατρὸς
863 611 975 678 καὶ
999 610 1329 698 Λάμπρου
1345 616 1469 679 τοῦ
1487 609 1900 700 Ἐρυθραίου
1920 609 2057 679 εἶτα
2076 613 2458 696 Ξενοφίλου

157 723 278 786 τοῦ
317 724 804 805 Πυθαγορείου
839 718 950 784 καὶ
988 719 1175 799 τέλος
1203 716 1726 804 Ἀριστοτέλους,
1769 719 1864 797 εἰς
1900 713 1983 785 ὃν
2020 715 2455 786 ἀποθανόντα
2520 703 2529 710 .

156 823 416 910 ὕβρισε,
445 823 622 892 διότι
649 825 952 892 κατέλιπε
979 828 1098 910 τῆς
1125 829 1367 911 σχολῆς
1397 823 1721 911 διάδοχον
1750 823 2212 912 Θεάφραστον,
2242 824 2455 894 αὐτοῦ
2482 845 2509 884 5

159 932 368 1013 δόξαν
416 930 724 1020 μεγάλην
767 934 843 1000 ἐν
885 946 1027 1011 τοῖς
1067 931 1424 1019 ἀκροαταῖς
1463 945 1607 1011 τοῖς
1644 928 2139 1020 Ἀριστοτέλους
2188 939 2461 1021 ἔχοντος

157 1041 394 1126 γέγονε
435 1037 508 1106 δὲ
551 1038 656 1106 ἐπὶ
697 1045 833 1106 τῶν
865 1036 1308 1125 Ἀλεξάνδρου
1342 1039 1452 1106 καὶ
1491 1043 1627 1107 τῶν
1663 1041 2003 1125 μετέπειτα
2044 1039 2331 1126 χρόνων,
2368 1037 2459 1119 ὥς

160 1145 332 1213 εἶναι
373 1143 502 1214 ἀπὸ
543 1149 660 1231 τῆς
689 1144 830 1230 ρια’
857 1143 1295 1232 ὀλυμπιάδος,
1317 1145 1705 1232 ·σύγχρονος
1734 1146 2123 1238 Δικαιάρχῳ
2153 1151 2243 1239 τῷ
2278 1153 2456 1216 Μεσ-

161 1260 388 1344 σηνίςο.
469 1251 873 1332 συνετάξατο
918 1252 993 1320 δὲ
1033 1253 1318 1340 μουσικά
1359 1279 1430 1322 τε
1475 1253 1585 1320 καὶ
1630 1253 1975 1340 φιλόσοφοι
2014 1254 2125 1322 καὶ
2165 1257 2459 1342 ἱστορίας

161 1362 266 1428 καὶ
313 1360 564 1439 παντὸς
599 1362 826 1440 εἴδους
861 1362 1186 1445 παιδείας,
1222 1359 1332 1428 καὶ
1369 1357 1823 1448 ἀριθμοῦνται
1862 1357 2071 1428 αὐτοῦ
2102 1359 2183 1428 τὰ
2230 1355 2539 1446 βιβλίαω

167 1473 256 1547 εἰς
301 1493 390 1536 υν
443 1467 480 1536 '.

346 1495 448 1634 ΟΊΙΙ.
507 1563 1048 1652 Ἀριστοτέλης
1093 1562 1240 1643 υίὸς
1277 1564 1675 1653 Νικομάχου
1717 1567 1829 1634 καὶ
1873 1570 2234 1645 Φαιστίδος
2280 1564 2345 1652 (ὁ
2386 1566 2461 1634 δὲ

169 1672 555 1760 Νικόμαχος
610 1671 836 1760 ἰατρὸς
898 1664 986 1759 ἦν
1048 1675 1171 1739 τοῦ
1235 1676 1372 1740 τῶν
1431 1671 1932 1760 Ἀσκληπιαδῶν
1996 1673 2266 1760 γένους,
2330 1671 2459 1740 ἀπὸ

171 1779 572 1866 Νικομάχου
609 1783 730 1848 τοῦ
771 1779 1164 1868 Μαχάονος)
1203 1781 1274 1847 ἐκ
1311 1785 1703 1866 Σταγείρων
1740 1779 1995 1859 πόλεως
2031 1784 2149 1866 τῆς
2174 1779 2461 1868 Θρᾴκης,

167 1887 576 1974 φιλόσοφος,
642 1885 946 1974 μαθητὴς
1002 1886 1400 1971 Πλάτωνος,
1463 1885 1749 1974 τραυλὸς
1814 1884 1938 1973 τὴν
1993 1887 2250 1974 φωνήν.
2348 1888 2459 1955 καὶ
2490 1913 2541 1952 15

169 1991 506 2081 ἀδελφοὺς
542 1992 664 2080 μὲν
695 1998 884 2080 ἔσχεν
910 1991 1349 2081 Ἀρίμνηστον
1377 1994 1488 2061 καὶ
1512 1991 1979 2082 Ἀριμνήστην,
2016 1987 2357 2082 θυγατέρα
2387 1995 2461 2063 δὲ

167 2099 294 2168 ἀπὸ
346 2098 708 2181 Πυθιάδος
752 2104 869 2186 τῆς
911 2099 1253 2188 θυγατρὸς
1286 2098 1599 2188 Ἑρμείου
1642 2106 1767 2169 τοῦ
1810 2099 2176 2188 εὐνούχου,
2233 2100 2309 2181 ὃς
2352 2103 2462 2170 καὶ

172 2213 458 2288 θλαδίας
505 2204 604 2275 ὢν
651 2205 867 2294 αὐτὴν
913 2213 1189 2292 ἔσπειρε.
1265 2210 1610 2295 γημαμένη
1659 2207 1731 2275 δὲ
1769 2209 1991 2291 τρισὶν
2028 2205 2069 2294 ἡ
2102 2207 2462 2294 Ἀριστοτέ-

169 2323 324 2395 λους
380 2314 720 2401 θυγάτηρ,
776 2314 1162 2382 τεκνώσασα
1208 2313 1764 2402 προετελεύτησεν
1805 2316 2297 2403 Ἀριστοτέλους
2341 2326 2465 2384 τοῦ

169 2423 426 2509 πατρός.
519 2427 666 2509 ἔσχε
714 2422 788 2490 δὲ
832 2423 942 2490 καὶ
989 2420 1145 2490 υίὸν
1191 2421 1589 2509 Νικόμαχον
1637 2423 1703 2506 ἐξ
1741 2419 2179 2507 Ἑρπυλλίδος
2222 2429 2462 2490 παλλα-
2492 2448 2546 2486 20

168 2534 304 2615 κῆς,
349 2525 438 2616 ἣν
483 2525 824 2614 [ἠγάγετο]
874 2526 1034 2615 μετὰ
1071 2529 1404 2598 Πυθιάδα
1439 2527 1602 2615 παρ’
1626 2526 1937 2616 Ἑρμείου
1972 2533 2097 2598 τοῦ
2132 2527 2463 2615 εὐνούχου

171 2634 376 2724 (ὅστις
414 2628 501 2721 ἦν
531 2634 756 2722 ἄρχων
780 2634 1168 2722 Ἀταρνέως·
1207 2636 1388 2724 χώρα
1419 2637 1492 2705 δὲ
1522 2636 1688 2724 αὕτη
1726 2636 2063 2723 Τρωάδος,
2101 2634 2465 2723 Εὐβούλου

172 2742 240 2810 δὲ
285 2746 408 2811 τοῦ
457 2746 771 2810 Βιθυνοῦ
817 2746 1062 2823 δοῦλος
1106 2741 1427 2833 γεγονὼς)
1467 2749 1691 2832 ἔλαβε,
1747 2746 1858 2811 καὶ
1904 2742 2116 2813 αὐτοῦ
2150 2741 2463 2830 Ἑρμείου

173 2847 440 2918 παιδικὰ
486 2848 858 2935 γενομένου
899 2846 1405 2934 Ἀριστοτέλους.
1497 2843 1653 2938 ἦρξε
1701 2851 1777 2920 δὲ
1823 2857 1933 2939 ἔτη
1982 2849 2076 2936 ιγ’
2121 2855 2240 2937 τῆς
2282 2875 2462 2936 περι-

171 2961 523 3044 πατητικῆς
585 2961 945 3041 κληθείσης
1008 2963 1414 3044 φιλοσοφίας
1475 2957 1587 3024 διὰ
1646 2958 1722 3026 τὸ
1787 2958 1861 3026 ἐν
1918 2957 2255 3048 περιπάτῳ
2310 2955 2459 3044 ἤτοι
2489 2982 2542 3020 25

172 3063 350 3156 κήπῳ
404 3061 668 3144 διδάξαι
715 3059 1242 3150 ἀναχωρήσαντα
1289 3069 1406 3150 τῆς
1446 3062 1907 3153 Ἀκαδημείας,
1962 3066 2035 3132 ἐν
2083 3055 2123 3153 ᾖ
2171 3059 2461 3130 Πλάτων

174 3173 502 3255 ἐδίδαξεν,
557 3168 894 3256 ἐγεννήθη
954 3169 1028 3237 δὲ
1084 3172 1158 3238 ἐν
1212 3175 1292 3259 τῇ
1350 3172 1468 3250 (ἦθ’
1516 3169 1906 3258 ὀλυμπιάδι,
1961 3171 2073 3238 καὶ
2120 3167 2462 3238 ἀπέθανεν

181 3275 500 3345 ἀκόνιτον
563 3273 735 3343 πιὼν
802 3277 876 3344 ἐν
903 3280 1252 3364 -Χαλκίδι,
1323 3278 1496 3345 διότι
1560 3279 1852 3346 ἐκαλεῖτο
1916 3275 2082 3363 πρὸς
2146 3275 2461 3363 εὐθύνας,

309 3445 343 3492 4
374 3431 454 3499 εἰς
483 3431 550 3490 ὃν
579 3467 644 3476 —-
673 3431 1022 3507 ὀλυμπιάδος
1049 3438 1108 3492 et
1133 3438 1234 3491 καὶ
1259 3433 1473 3499 παντὸς
1492 3469 1559 3476 --
1581 3438 1709 3492 exit.
1736 3455 1842 3493 om.
1864 3439 2014 3494 Eud.
2116 3445 2147 3492 6
2176 3438 2275 3505 τῆς
2300 3433 2395 3506 Ἅρ.
2416 3442 2462 3489 A

177 3524 285 3580 τοῖς
316 3513 418 3586 Ἀρ.
448 3523 492 3570 V
528 3524 645 3579 τοῖς
673 3517 780 3571 del.
811 3517 982 3571 Daub
1090 3523 1122 3572 8
1154 3513 1246 3571 ἐπὶ
1274 3518 1376 3586 τῆς
1403 3513 1523 3586 ρια’
1564 3513 1643 3575 ὄλ.
1672 3519 1955 3587 flagitavit
1980 3519 2339 3588 Bernhardy,
2380 3535 2462 3572 re-

181 3599 391 3654 futatus
429 3617 464 3654 a.
491 3600 740 3664 Rohdw,
776 3597 914 3652 Mus.
945 3596 1122 3654 Rben.
1150 3596 1387 3652 XXXIII
1418 3616 1472 3668 p.
1507 3604 1609 3652 166
1638 3600 1773 3667 not„
1810 3599 1907 3668 qui
1940 3599 2099 3654 codd.
2131 3597 2465 3667 scripturam

185 3681 366 3734 tuetur
495 3685 559 3733 10
588 3680 852 3740 παιδείας
880 3694 947 3730 ex
976 3678 1191 3732 duobus
1218 3679 1341 3732 Par.
1370 3679 1645 3733 Κιιεΐεναε
1673 3678 1769 3733 καὶ
1796 3681 1961 3733 παιδί
1981 3681 2126 3748 vuly.
2153 3677 2283 3744 περὶ
2320 3696 2462 3730 παν-

184 3755 274 3821 τὸς
304 3761 496 3821 εἴδους
521 3759 880 3828 Bernhardy,
918 3758 1016 3811 sed
1047 3760 1232 3830 βιβλία
1261 3759 1636 3828 supplendum
1664 3762 1855 3814 censet
1881 3761 2051 3814 Daub
2152 3753 2464 3828 ἀριθμοῦν-

181 3857 265 3892 ται
304 3855 445 3893 eorr.
480 3840 796 3894 Pam-sonus
825 3840 883 3892 et
907 3838 1198 3906 Κμειενιιε,
1236 3833 1492 3909 ἀριθμοῦ
1530 3839 1661 3893 libri
1675 3881 1687 3904 ‚
1726 3834 1981 3909 ἀριθμὸν
2008 3839 2177 3893 Daub

313 3918 383 3972 CI
422 3918 501 3974 Cf.
533 3917 727 3987 Steph.
751 3917 879 3986 Byz.
910 3935 961 3971 v.
985 3914 1284 3986 Στάγειρα.
1326 3918 1513 3973 Vissam
1547 3918 1844 3988 descripsit
1872 3919 2069 3973 auctor
2097 3917 2247 3972 vitae
2271 3915 2461 3970 Mena-

182 3998 372 4066 gizmae
494 4005 558 4052 12
593 3999 890 4059 Φαιστίδος
928 3997 1201 4053 Westerm.
1245 3996 1583 4060 Φαιστιάδος
1618 4001 1762 4068 vulq.
1892 4004 1957 4052 14
1984 3998 2309 4067 Μαχαῶνος
2336 4001 2376 4048 B
2406 4000 2464 4050 eh

179 4082 217 4128 E
251 4095 322 4132 m.
353 4079 378 4132 I
416 4073 739 4147 Μαχάωνος
776 4081 830 4130 11
978 4083 1042 4130 16
1079 4075 1185 4146 μὲν
1225 4095 1331 4132 om.
1363 4083 1456 4132 BE
1608 4085 1671 4133 17
1702 4074 1934 4147 Ἑρμίου
1972 4079 2064 4132 hio
2102 4081 2161 4132 et
2194 4077 2343 4130 infra
2381 4080 2427 4129 A

186 4163 244 4212 18
276 4160 506 4226 θλιβίας
545 4174 647 4227 pro
682 4158 926 4218 θλαδίας
962 4157 1082 4212 cod.
1117 4159 1342 4228 Menay.
1381 4161 1651 4220 θλαιδίας
1684 4163 1730 4210 A
1857 4155 2042 4225 ἔπειρε
2082 4162 2128 4209 A
2168 4153 2339 4223 ἕπηρε
2369 4159 2463 4209 BE

182 4236 498 4307 γαμουμένη
527 4242 583 4289 u
611 4253 718 4291 om.
747 4241 842 4290 BE
951 4243 1020 4291 20
1060 4235 1172 4307 εἶχε
1205 4239 1323 4293 cod.
1354 4244 1573 4308 Menay.
1689 4233 1981 4304 ἕρπόλιδος
2016 4241 2110 4290 ΒΕ
2224 4241 2289 4288 21
2322 4229 2463 4304 ἠγά-

181 4337 298 4383 γετο
338 4335 446 4372 om.
486 4317 607 4373 cod.
650 4317 872 4387 Menay.
913 4319 1104 4372 tuetur
1139 4318 1496 4390 Bernhardy,
1534 4315 1891 4388 parensshesin
1931 4320 2060 4386 post
2091 4315 2253 4391 ἔλαβε
2293 4318 2463 4372 collo-

185 4413 308 4452 cans
455 4403 525 4454 24
565 4398 833 4452 παιδικοῦ
868 4403 914 4450 A
1060 4405 1128 4453 26
1165 4393 1490 4468 ἀκαδημίας
1525 4402 1571 4449 A
1716 4401 1785 4450 28
1821 4392 2063 4466 χαλκήδι
2095 4403 2141 4450 A
2344 4386 2357 4397 ’
