3025 4892
1313 1042 1371 1109 Ι.

791 1184 1000 1253 Vitae
1045 1182 1418 1268 Apollonii
1461 1183 1539 1249 et
1582 1181 1977 1251 Herodiani

363 1340 892 1425 Ἀπολλώνιος
939 1333 1135 1422 οὗτος
1174 1338 1640 1427 Ἀλεξανδρεὺς
1676 1340 1799 1428 μὲν
1838 1334 1927 1428 ἦν
1972 1341 2045 1410 τὸ
2093 1343 2319 1428 γένος,
2366 1368 2487 1429 μη-

167 1451 345 1535 τρὸς
403 1450 530 1537 μὲν
588 1448 968 1538 Ἀριάδνης,
1032 1446 1280 1537 πατρὸς
1340 1447 1415 1516 δὲ
1474 1450 1898 1535 Μνησιθέου.
1997 1452 2143 1536 ἔσχε
2201 1449 2276 1517 δὲ
2330 1447 2485 1517 υἱὸν

160 1555 618 1643 Ἠρωδιανόν
662 1556 1138 1645 γραμματικόν.
1229 1553 1384 1647 ᾤκει
1433 1554 1508 1622 δὲ
1551 1557 1625 1623 έν
1661 1559 1751 1645 τῷ
1791 1560 2141 1646 Προυχείῳ
2177 1556 2328 1642 περὶ
2366 1555 2486 1623 τὸν

171 1664 457 1754 δρόμον
522 1666 594 1733 ἐν
659 1663 840 1755 τόπῳ
903 1662 1078 1733 οὕτω
1131 1662 1522 1755 καλουμένῳ
1580 1663 1731 1750 περὶ
1784 1660 1907 1749 τὴν
1960 1660 2485 1747 Ἀλεξάνδρειαν,

173 1778 366 1839 ἔνθα
425 1770 536 1839 καὶ
594 1770 822 1857 ἐτάφη.
917 1776 1162 1857 ἔγραψε
1219 1770 1292 1837 δὲ
1341 1770 1453 1838 καὶ
1499 1770 1651 1853 περὶ
1696 1772 1833 1837 τῶν
1881 1764 2050 1838 ὀκτὼ
2096 1773 2321 1857 μερῶν
2364 1772 2487 1837 τοῦ
2514 1805 2541 1845 5

173 1881 403 1965 λόγου
469 1878 578 1944 καὶ
633 1878 784 1964 περὶ
846 1877 1235 1959 συντάξεως.
1338 1874 1589 1962 ἐκλήθη
1632 1875 1706 1944 δὲ
1755 1875 2135 1963 Δύσκολος,
2192 1878 2330 1944 ἐπεὶ
2376 1878 2487 1945 καὶ

177 1983 524 2072 δυσχερής
598 1986 734 2053 ἐστι
799 1984 963 2052 κατὰ
1029 1983 1154 2071 τὴν
1220 1983 1474 2070 φράσιν
1542 1980 1662 2071 (δι’
1732 1981 1981 2069 ὀλίγων
2048 1983 2175 2071 γὰρ
2243 1986 2487 2068 λέξεων

175 2090 412 2160 πολλὰ
460 2096 746 2181 παριστᾷ
791 2090 1122 2180 νοήματα)
1171 2087 1218 2177 ἢ
1260 2088 1361 2158 ὅτι
1399 2083 1967 2176 κακότροποςεῆν,
2014 2086 2055 2177 ἢ
2096 2090 2197 2160 ὅτι
2236 2093 2311 2161 ἐν
2345 2105 2489 2170 ταῖς

175 2202 601 2285 γυμνασίαις
665 2196 1038 2277 δυσλύτους
1099 2194 1382 2284 ἀπορίας
1447 2202 1688 2283 ἔλεγεν.
1782 2202 1941 2276 ἔθος
2003 2195 2130 2283 γὰρ
2196 2188 2283 2283 ἦν
2348 2212 2489 2277 τοῖς

177 2304 504 2391 ἄρχαίοις
561 2318 829 2392 σοφοῖς,
883 2310 980 2383 εἰς
1035 2306 1152 2372 ἕνα
1208 2303 1418 2372 τόπον
1467 2305 1914 2391 συνέρχεσθαι
1960 2304 2070 2371 καὶ
2117 2311 2490 2391 γυμνασίας
2517 2340 2569 2379 ιο

65 2429 68 2430 ’
117 2493 126 2499 ,
174 2410 394 2499 χάριν
449 2410 960 2498 αἰνιγματώδεις
1014 2409 1203 2490 τινὰς
1257 2410 1364 2477 καὶ
1421 2408 1702 2497 ἀσαφεῖς
1756 2409 1999 2496 λόγους
2046 2411 2487 2497 φθέγγεσθαι.

175 2523 524 2587 τοσοῦτον
583 2518 657 2586 δὲ
715 2510 797 2604 ἦν
851 2520 1056 2604 πένης
1110 2514 1145 2584 ὅ
1187 2514 1665 2603 Ἀπολλώνιος,
1723 2514 1811 2597 ὡς
1862 2519 1935 2585 έν
1983 2516 2284 2609 ὀστράκῳ
2331 2518 2486 2607 γρά-

180 2652 354 2712 φειν
412 2627 492 2693 τὰ
561 2626 804 2693 ἑαυτοῦ
871 2622 1351 2710 συγγράμματα
1417 2623 1531 2690 διὰ
1597 2622 1673 2692 τὸ
1729 2621 1819 2711 μὴ
1876 2623 2189 2707 εὐπορεῖν
2244 2624 2525 2714 χάρτας,

189 2738 548 2819 πρίασθαι.
641 2734 988 2800 ἐπαίδευσε
1047 2730 1121 2798 δὲ
1165 2728 1286 2798 τὸν
1333 2730 1491 2798 υἱὸν
1538 2728 1747 2799 αὑτοῦ
1784 2729 2208 2818 Ἡρωδιανὸν
2250 2735 2488 2805 ,τοσοῦ-

183 2866 350 2924 τον,
405 2838 571 2908 ὅσον
626 2838 707 2906 τὰ
766 2838 918 2924 τέλη
963 2841 1082 2924 τῆς
1125 2835 1539 2916 παιδεύσεως
1584 2837 1903 2925 εἰληφότα
1950 2835 2319 2926 ἀποστῆναι
2368 2836 2481 2905 ἀπ’
2517 2871 2568 2911 15

190 2944 410 3014 αὐτοῦ
485 2944 598 3015 διὰ
663 2943 740 3013 τὸ
809 2947 1072 3013 ἐκείνου
1137 2938 1430 3029 σκληρὸν
1494 2937 1536 3029 ἢ
1602 2940 1717 3009 διὰ
1778 2941 1853 3011 τὸ
1916 2942 2249 3032 μητρυιὰν
2306 2940 2485 3035 αὐτῷ

191 3056 676 3139 ἐπεισαγαγεῖν.
766 3049 1040 3137 ἄφίκετο
1100 3050 1173 3117 δὲ
1228 3054 1323 3129 εἰς
1367 3046 1628 3136 Ῥώμην
1684 3051 1789 3117 ἐπὶ
1851 3050 2143 3137 Μάρκου
2183 3046 2486 3119 ’Λντωνί-

193 3186 328 3227 νου
372 3159 508 3243 [καὶ
556 3160 918 3245 διέγραψεν
964 3158 1171 3225 ἐκεῖσε
1215 3154 1298 3225 τὰ
1341 3154 1685 3241 κάλλιστα]
1733 3158 1842 3225 καὶ
1878 3160 2207 3227 τοσοῦτον
2244 3155 2487 3245 (ηὐδο-

191 3268 554 3353 κίμησεν>,
603 3262 768 3351 ὅσον
804 3263 914 3363 καὶ
954 3268 1152 3348 φίλος
1185 3265 1275 3353 τῷ
1316 3261 1578 3354 Μάρκῳ
1622 3264 1917 3350 γέγονεν.
1992 3270 2163 3334 ἔνθα
2208 3266 2327 3333 καὶ
2364 3264 2488 3353 τὴν

343 3488 371 3535 1
411 3475 442 3533 ὁ
471 3471 818 3548 “Ηρωδιανός
853 3472 977 3537 υἱὸς
1004 3474 1109 3546 μὲν
1137 3475 1375 3546 γέγονεν
1406 3472 1767 3532 Ἀπολλωνίου
1798 3473 2031 3547 ἐπίκλην
2062 3474 2355 3533 Δυσκόλου
2383 3479 2486 3533 τοῦ

192 3559 294 3614 καὶ
333 3558 412 3622 εἰς
448 3556 517 3614 τὰ
549 3554 694 3613 ὀκτώ
725 3556 866 3628 μέρη
895 3555 1374 3626 συγγραψαμένου
1411 3557 1510 3611 καὶ
1548 3556 1630 3621 εἰς
1665 3553 1767 3625 τὴν
1797 3554 2076 3622 σύνταξιν.
2132 3558 2207 3630 τῷ
2236 3555 2392 3627 γένει
2420 3556 2485 3613 δὲ

193 3631 268 3709 ἦν
302 3635 690 3711 Ἀλεξανδρεὺς
735 3637 833 3693 καὶ
878 3632 1015 3709 ᾤκει
1064 3632 1126 3691 ἐν
1166 3639 1272 3707 Πρ.
1313 3670 1376 3677 -
1423 3634 1623 3705 ἐτάφη.
1699 3632 1913 3705 ἐκλήθη
1962 3634 2027 3690 δὲ
2075 3632 2487 3705 πατηρ·αύτοῦ

190 3715 300 3773 ’Am
340 3724 514 3775 Δυσκ.
553 3736 669 3789 seq.
701 3718 831 3772 Par.
871 3716 929 3770 in
958 3732 1068 3784 quo
1098 3716 1302 3771 desunt
1330 3710 1490 3779 οὗτος
1514 3712 1607 3772 Ἇλ.
1640 3748 1707 3757 -
1736 3714 2078 3784 Μνησιθέου
2188 3722 2221 3769 3
2257 3716 2323 3787 τῇ
2354 3720 2486 3771 ante

199 3800 492 3870 Προυχείῳ
531 3798 660 3853 add.
703 3798 824 3851 cod.
865 3797 1020 3866 Sylb.
1062 3815 1169 3853 om.
1206 3799 1340 3853 Par.
1387 3798 1464 3871 τῷ
1502 3796 1705 3867 scripsi
1772 3822 1785 3835 ·
1846 3803 1878 3851 6
1918 3791 2115 3864 ἐπειδὴ
2156 3796 2311 3864 δυσχ.
2348 3798 2485 3851 Par.

199 3886 228 3934 7
267 3876 375 3948 γὰρ
413 3879 532 3934 cod.
567 3878 736 3949 Sylb„
775 3875 839 3931 δὲ
878 3876 1028 3947 Sylb.
1139 3884 1173 3933 8
1213 3875 1276 3933 ἔν
1311 3884 1436 3939 ταῖς
1471 3897 1636 3947 γυμν.
1675 3876 1846 3931 etiam
1891 3875 2026 3931 Par.
2138 3881 2203 3928 11
2243 3870 2487 3944 ἀσαφεῖς

193 3958 397 4027 λόγους
435 3959 570 4013 Par.
611 3953 699 4012 ἄσ.
736 3954 914 4022 λέξεις
962 3957 1080 4011 cod.
1121 3958 1270 4028 Syzb.
1434 3963 1499 4010 14
1546 3952 1901 4024 πριάσασθαι
1940 3956 2075 4009 Par.
2116 3950 2146 4010 ὁ
2192 3956 2334 4024 γοῦν
2368 3952 2485 4025 Ἡρ.

194 4038 536 4101 παιδευθεὶς
573 4070 639 4079 -
681 4034 924 4105 εἰληφώς
961 4066 1030 4075 -
1067 4030 1282 4107 ἀπέστη
1325 4037 1460 4091 Par.
1622 4042 1687 4091 16
1735 4032 1831 4091 διὰ
1870 4032 1933 4091 τὸ
1984 4032 2208 4091 ἐκείνου
2248 4029 2487 4104 σκληρὸν

195 4120 330 4173 Par.
370 4115 466 4173 διὰ
503 4115 602 4173 τὸν
647 4116 860 4173 οἰκεῖον
899 4116 1104 4185 κλῆρον
1132 4115 1283 4185 Sylb.
1434 4123 1498 4172 17
1542 4114 1939 4186 ἐπεισαγαγεῖν
1976 4115 2108 4170 Par.
2150 4110 2487 4183 ἐπισυναγω-

195 4206 320 4267 γεῖν
348 4199 498 4268 Sylb.
616 4199 743 4253 fort.
781 4215 918 4252 corr.
949 4188 1014 4259 ὃς
1049 4197 1140 4251 vel
1179 4188 1342 4258 οὗτος
1379 4190 1649 4265 ἄφίκετο,
1687 4196 1887 4251 deinde
1925 4190 1988 4249 ἐν
2018 4190 2199 4265 Ῥώμῃ
2230 4194 2362 4249 Par.

200 4284 266 4332 18
307 4280 405 4337 καὶ
436 4280 610 4348 διεγρ.
651 4310 716 4317 -
754 4274 1021 4331 κάλλιστα
1059 4292 1168 4330 om.
1211 4277 1346 4333 Par.
1393 4276 1521 4332 fort.
1557 4276 1656 4330 καὶ
1698 4272 1769 4344 δὴ
1816 4273 2057 4346 ἔγραφες
2102 4271 2488 4347 ηὖδοκίμησεν

197 4377 358 4429 supp.
401 4358 590 4413 Rohde
623 4374 753 4411 mox
791 4374 928 4411 corr.
969 4358 1136 4425 φίλον
1174 4388 1240 4396 -
1279 4356 1581 4426 γεγονέναι

1958 4444 2063 4500 16*
