3025 4892
519 218 602 280 14
1451 213 1877 272 HESYCHIUS.

693 379 920 444 XLIX.
989 333 1452 458 Ἀνάξιππος
1506 375 1795 464 κωμικὸς
1846 387 1963 463 τῆς
2008 377 2162 454 νέας
2205 379 2617 467 κωμῳδιᾞας
2650 373 2805 461 ,ήκ
2814 419 2837 428 -

513 503 722 571 μασεν
771 485 876 552 ἐπὶ
918 481 1311 571 Ἀντιγόνου
1356 485 1468 552 καὶ
1516 489 1913 572 Δημητρίου
1958 487 2079 552 τοῦ
2127 487 2614 570 Πολιορκητοῦ.

691 613 758 677 L.
827 605 1288 696 Ἀνοὲχαρσις
1328 608 1661 696 Γνούρου,
1700 607 1949 696 μητρὸς
1988 607 2063 676 δὲ
2078 605 2490 695 Ἑλληνίδος,
2530 608 2833 694 Σκύθης

513 714 911 802 φιλόσοφος,
959 713 1253 802 ἀδελφὸς
1302 713 1587 782 Καδούα
1632 719 1753 783 τοῦ
1790 719 2091 784 Σκυθῶν
2137 715 2477 800 βασιλέως.
2568 719 2835 804 ἔγραψε

461 841 486 880 5
515 825 766 911 νόμιμα
813 820 1130 890 Σκυθικὰ
1188 819 1284 889 δι’
1347 823 1557 907 ἐπῶν,
1613 822 1765 905 περὶ
1819 819 2149 901 εὐτελείας
2208 826 2345 890 τῶν
2392 826 2487 901 είς
2530 820 2651 889 τὸν
2674 819 2836 948 jW‘

513 929 870 1017 θρωπινον
947 935 1138 1015 βίον,
1189 933 1420 1014 ..ἔπη
1475 926 1693 994 πάντα
1758 923 2134 995 ὀκτακόσια.
2236 919 2415 1015 [εὗρε
2481 925 2557 994 δὲ
2622 917 2840 1006 οὗτος

519 1035 824 1123 ἄγκυραν
871 1036 982 1104 καὶ
1028 1034 1149 1105 τὸν
1196 1031 1558 1124 κεραμικὸν
1602 1031 1865 1121 τροχόν.
1930 1025 2017 1120 ἦν
2065 1033 2140 1102 δὲ
2185 1035 2311 1102 ἐπὶ.
2334 1039 2660 1119 Κροίσου,
2708 1035 2837 1101 καὶ

513 1142 972 1229 τετελεύτηκεν
1022 1138 1415 1228 Ἑλληνικὰς
1459 1137 1719 1219 τελετὰς
1774 1142 2089 1208 ἐπιτελῶν
2146 1142 2219 1208 ἐν
2273 1142 2613 1226 Σκύθαις,
2679 1143 2834 1207 ε’πι-

513 1248 1005 1335 βουλεύσαντος
1064 1245 1277 1338 αὐτῶ·
1301 1249 1424 1315 τοῦ
1480 1244 1813 1332 ἀδελφοῦ,
1867 1272 2031 1314 κατα
2096 1248 2177 1314 δέ
2223 1273 2443 1332 τινας,
2512 1248 2587 1314 ἐν
2641 1245 2835 1336 γήρα

435 1373 487 1411 10
517 1361 722 1448 βαθεῖ
761 1357 874 1424 καὶ
919 1358 1144 1443 μέχρις
1191 1355 1361 1422 ἐτῶν
1406 1352 1691 1437 ἕκατόν].

693 1483 798 1548 LI.
868 1477 1330 1567 Ἀνδοκίδης
1386 1475 1769 1564 Ἀθηναῖος,
1836 1477 2058 1566 ρήτωρ
2123 1483 2259 1548 τῶν
2325 1477 2828 1564 πρωτευόντων

512 1589 672 1655 δέκα
716 1581 830 1672 εἷς,
868 1585 1015 1666 υίὸς
1053 1584 1438 1671 Λεωγόρου,
1485 1581 1824 1670 απόγονος
1869 1584 2259 1672 Τηλεμαχου
2294 1590 2417 1653 τοῦ
2448 1584 2830 1664 Ὀδυσσέως

511 1695 624 1761 καὶ
671 1691 1087 1778 Ναυσικάας,
1136 1689 1225 1770 ῶς
1268 1711 1479 1777 φησιν
1520 1688 1924 1770 (Ελλανικος.

691 1820 831 1886 LII.
898 1815 1500 1903 Ἀνδροκλείδης
1556 1813 1592 1882 6
1650 1819 1770 1883 τοῦ
1829 1822 2170 1885 Συνεσίου
2223 1821 2345 1886 τοῦ
2404 1822 2636 1887 Λυδοῦ
2694 1821 2830 1888 τοῦ

435 1940 486 1980 15
519 1925 990 2010 Φιλαδελφέως
1035 1923 1198 2004 υίός.
1292 1913 1486 2000 οὗτος
1534 1921 1609 1989 δὲ
1656 1924 1761 1989 ἐπὶ
1810 1928 2214 2013 Πορφυρίου
2260 1928 2383 1993 τοῦ
2427 1925 2827 2012 φιλοσόφου

514 2227 814 2298 Porphyrii
851 2224 1183 2282 sententiam
1224 2241 1350 2280 esse
1387 2225 1699 2295 suspicatus
1738 2226 1849 2294 est,
1886 2226 2127 2281 alterum
2156 2224 2241 2293 (ἐν
2270 2229 2337 2297 τῇ
2367 2223 2641 2297 Σαρδεων
2670 2223 2825 2283 ἁλῶ

515 2309 620 2376 σει)
648 2306 978 2378 Apollodori
1049 2303 1133 2376 νη’
1168 2306 1436 2375 Origenes
1473 2305 1746 2360 Philos.1
1776 2324 1831 2375 p.
1860 2310 1963 2360 88¹1
2002 2307 2377 2363 reo.01inton
2412 2327 2466 2378 p.
2496 2314 2528 2362 5
2556 2309 2653 2362 Kr.
2718 2306 2819 2363 νθ’

511 2387 778 2458 Βοαῑίρεν,
816 2387 1111 2443 Animadv.
1155 2387 1215 2440 in
1243 2387 1372 2440 Eus
1403 2404 1456 2455 p.
1487 2391 1574 2439 94.
1647 2385 1905 2441 Fortasse
1942 2387 2117 2441 verba
2156 2383 2219 2440 ἐν
2254 2388 2323 2457 τῇ
2362 2385 2635 2458 Σαρδεων
2672 2384 2822 2443 ἁλῶ-

511 2485 596 2521 σει
636 2497 700 2507 -—
742 2468 872 2522 exit.
912 2486 947 2522 a
991 2466 1325 2536 neglegente
1363 2466 1573 2521 lectore
1616 2481 1683 2519 ex
1720 2465 2048 2536 Apollodori
2098 2467 2468 2538 chronologia
2510 2467 2819 2538 adscripta,

515 2547 614 2615 qui
650 2547 993 2616 Hesychium
1030 2547 1326 2601 emendare
1363 2547 1595 2601 volebat

655 2637 831 2691 XLIX
875 2637 1027 2691 Eud.
1064 2654 1120 2704 p.
1160 2641 1278 2691 103.
1343 2634 1619 2704 Equidem
1665 2635 1866 2691 comici
1913 2636 2259 2692 mentionem
2306 2638 2558 2693 fecerunt
2594 2637 2819 2707 Pollux,

510 2718 837 2772 Athenaeus
875 2716 947 2771 31.
1013 2714 1095 2769 Cf.
1136 2714 1359 2771 Clinton
1398 2733 1450 2784 p.
1493 2720 1594 2769 187
1623 2714 1747 2780 Kr.;
1784 2715 2041 2772 Meineke
2077 2719 2103 2772 I
2138 2735 2193 2787 p.
2232 2725 2337 2773 469
2366 2734 2482 2785 seq.

652 2816 695 2867 L
737 2813 887 2868 Eud.
925 2831 978 2882 p.
1019 2818 1120 2866 126
1159 2811 1456 2882 descripsit
1491 2809 1655 2880 Diog.
1685 2813 1729 2880 Ι,
1762 2820 1880 2882 101,
1918 2832 2083 2884 quem
2115 2816 2323 2886 partim
2358 2814 2618 2874 adhibuit
2653 2816 2817 2869 scho-

509 2894 682 2948 liasta
716 2894 943 2947 Platon.
972 2891 1051 2945 VI
1079 2910 1132 2961 p.
1163 2898 1269 2946 360
1306 2891 1514 2960 Herm.
1554 2892 1711 2946 cuius
1746 2893 1921 2948 vitam
1961 2896 2302 2952 subscribere
2338 2896 2520 2950 iuvat:
2554 2890 2811 2964 Ἀνάχαρ-

512 2992 620 3042 σις,
664 2969 917 3042 Γνούρου
955 2967 1079 3034 υἱὸς
1116 2972 1216 3025 τοῦ
1259 2968 1529 3044 βασιλέως
1556 2973 1833 3043 Σκυθῶν,
1873 2972 2079 3044 μητρὸς
2115 2971 2171 3031 δ’
2196 2973 2543 3045 Ελληνίδος,
2581 2972 2671 3028 διὸ
2712 2977 2814 3028 και

511 3057 812 3124 δίγλωσσος
847 3073 935 3121 ην.
1010 3041 1175 3113 οὗτος
1223 3045 1478 3117 ἐξενώθη
1528 3045 1591 3104 ἒν
1634 3045 1895 3120 Ἀθήναις
1932 3051 2152 3110 Σόλωνι
2197 3055 2295 3111 καὶ
2342 3051 2679 3110 ἐπανελθὼν
2728 3053 2815 3116 εἰς

509 3131 614 3204 τὴν
660 3135 926 3188 Σκυθίαν
977 3131 1085 3202 ἔθη
1125 3125 1424 3199 Ελληνικὰ
1471 3126 1859 3199 παραδιδαξαι
1907 3128 2185 3204 ἐτοξεύθη
2232 3130 2347 3189 υπὸ
2398 3135 2497 3188 τοῦ
2550 3129 2813 3202 αδελφοῦ

511 3215 609 3272 καὶ
646 3209 950 3268 αποπνέων
989 3210 1126 3282 ἔφη·
1166 3207 1263 3266 δια
1301 3208 1405 3281 μὲν
1443 3205 1546 3263 τὸν
1583 3205 1750 3278 λόγον
1788 3206 1852 3264 ἐκ
1880 3211 1979 3279 τῆς
2007 3208 2276 3277 Ἑλλάδος
2313 3210 2569 3284 ἒσῶθην,
2607 3209 2702 3267 διὰ
2744 3212 2811 3268 δε

510 3291 609 3348 τὸν
647 3289 878 3364 φθόνον
910 3289 972 3347 ἔν
1009 3293 1075 3363 τῇ
1114 3292 1347 3360 πατρίδι
1373 3285 1687 3361 ἀνῃρέθην.
1755 3287 1833 3344 Cf.
1873 3289 2096 3348 UnterS.
2132 3312 2186 3364 p.
2218 3301 2302 3348 89.
2363 3293 2586 3348 Erravit
2618 3294 2812 3361 Βαιιὺ,

512 3373 580 3446 de
610 3373 758 3430 Viol.
789 3391 844 3443 p.
877 3378 946 3428 24
1060 3379 1091 3427 3
1133 3368 1389 3442 Γνούρου
1428 3368 1645 3426 correxi
1681 3386 1749 3424 ex
1785 3370 1947 3441 Diog.
1990 3374 2164 3430 schol.
2211 3374 2347 3429 Plat.
2388 3374 2540 3429 Eud.
2585 3371 2813 3441 Γνύρου

511 3454 644 3509 libri
672 3455 830 3509 Suid.
950 3460 984 3507 4
1021 3443 1320 3507 Καδουΐδα
1353 3449 1626 3522 Dioyemes
1652 3452 1913 3506 Καδουία
1952 3454 2085 3508 libri
2121 3455 2281 3510 Suid.
2393 3460 2426 3508 5
2464 3450 2730 3510 Σκυθικά
2763 3459 2812 3505 A

511 3534 822 3590 Σκυθικῶν
854 3538 895 3587 Β
932 3533 1186 3588 Σκυθῶν
1221 3537 1264 3584 Ε
1301 3533 1446 3601 vuly.
1583 3524 1683 3583 τὸν
1721 3528 1804 3593 εἰς
1839 3528 1939 3586 τὸν
1973 3538 2019 3587 A
2176 3541 2207 3588 6
2245 3537 2373 3604 post
2410 3531 2535 3605 βίον
2571 3532 2811 3587 lacunae

511 3614 731 3682 signum
781 3613 1089 3684 posuerunt
1131 3610 1466 3680 Bernhardy
1513 3608 1786 3665 Westerm.
1984 3633 2111 3685 ευρε
2154 3647 2219 3654 -
2260 3615 2390 3670 exit.
2432 3631 2499 3668 ex
2537 3614 2811 3683 Diogenis

510 3694 633 3748 loco
673 3693 845 3748 citato
884 3691 1183 3761 adscripsit
1220 3690 1420 3745 Suidas

649 3781 722 3837 LI
759 3782 911 3838 Eud.
950 3800 1002 3851 p.
1041 3785 1144 3836 100
1277 3786 1341 3835 13
1379 3779 1449 3834 de
1485 3779 1766 3836 Hellanici
1804 3783 2108 3854 sententia,
2148 3801 2316 3854 quam
2352 3784 2603 3839 invenies
2632 3783 2806 3839 etiam

509 3862 660 3932 apud
697 3863 862 3920 Phot.
899 3861 1037 3916 bibl.
1072 3879 1125 3930 p.
1165 3866 1308 3930 488,-
1337 3860 1405 3915 cf.
1447 3859 1635 3930 Sturz,
1670 3863 1890 3921 Hellan
1931 3885 1984 3936 p.
2028 3873 2129 3921 123
2160 3883 2273 3934 seq.
2337 3864 2543 3921 Miiller
2578 3866 2604 3919 I
2640 3883 2693 3935 p.
2733 3870 2806 3920 55

508 3942 597 4014 (fr.
639 3946 728 4010 ’18)
809 3982 816 3986 -

649 4030 748 4086 LII
785 4032 937 4088 Eud.
967 4048 1020 4102 p.
1047 4037 1143 4086 101
1168 4033 1302 4102 etp.
1326 4037 1445 4100 127,
1474 4048 1585 4100 quo
1612 4032 1735 4090 loco
1764 4035 1891 4090 add.
1924 4032 1985 4090 ἐν
2010 4031 2411 4108 Ἀλεξανδρείᾳ,
2440 4051 2583 4102 quae
2607 4051 2675 4089 ex
2702 4052 2806 4089 suo

504 4112 664 4168 illam
693 4113 976 4167 addidisse
1004 4129 1117 4166 non
1144 4111 1350 4181 probat
1371 4112 1604 4181 Pulc-hp.
1626 4118 1711 4170 82.
1740 4116 1873 4170 Inde
1903 4118 2028 4170 orta
2056 4114 2260 4168 Suidae
2289 4112 2364 4183 gl.
2398 4109 2806 4182 Φιλαδελφεύς,

509 4191 930 4261 Φιλαδελφέως,
964 4189 1089 4254 vtae
1122 4187 1593 4262 Ἀνδροκλείδους,
1631 4211 1799 4262 quam
1836 4212 1943 4251 om.
1974 4199 2020 4248 A
2056 4191 2327 4264 expunxit
2362 4193 2695 4263 Bernhardy

510 4277 577 4325 14
613 4274 713 4327 τοῦ
752 4273 944 4328 Λυδοῦ
983 4274 1084 4328 τοῦ
1123 4277 1338 4328 ΔΒΕΜ
1375 4277 1491 4327 Ald.
1530 4273 1631 4326 τοῦ
1668 4275 1861 4328 Λυδοῦ
1905 4275 2110 4329 Portus
2150 4273 2345 4327 Λυδοῦ
2384 4273 2485 4327 τοῦ
2525 4275 2807 4328 Kusterws

508 4351 608 4404 τοῦ
646 4355 837 4420 Ληδοῦ
875 4354 976 4408 τοῦ
1016 4354 1166 4409 Eud.
1205 4372 1257 4422 p.
1301 4359 1398 4406 101
1439 4353 1633 4405 Λυδοῦ
1671 4353 1882 4422 Eud.*)
1929 4354 2029 4407 τόὖ
2067 4352 2359 4408 Λυδευτοῦ
2401 4353 2551 4407 Eud.
2603 4372 2656 4423 p.
2700 4360 2803 4409 127

2991 0 3005 572 ¹
