3025 4892
1081 163 1506 218 HESYCHIUS.
2310 164 2431 227 127

157 319 292 389 ἀντὶ
351 322 808 409 Περιάνδρου.
909 327 1170 410 πρῶτος
1235 323 1308 391 δε
1376 314 1572 403 οὗτος
1634 323 1781 407 περὶ
1845 328 2169 411 μουσικῆς
2232 323 2435 409 λόγον

152 435 382 515 ἔγραψε
419 430 532 497 καὶ
571 428 1004 516 διθύραμβον
1047 433 1146 509 εἰς
1192 427 1423 514 ἀγῶνα
1469 427 1779 516 εἰσήγαγε
1834 430 1945 497 καὶ
1991 427 2147 509 τοὺς
2195 431 2433 517 ἐριστι-

151 535 296 615 κοὺς
341 536 744 622 εἰσηγήσατο
793 537 1054 623 λόγους.
2480 535 2487 543 ’

316 642 830 711 CCCCLXXVI.
870 643 1238 731 Λαχάρης
1267 643 1678 733 [Λαχάρους]
1707 640 2065 730 Ἀθηναῖος
2092 643 2434 730 σοφιστής,

153 741 448 837 μαθητὴς
503 746 964 839 Ἡρακλέωνος
1013 748 1412 836 Ἀθηναίου,
1479 750 1881 829 διδάσκαλος
1945 749 2019 817 δὲ
2084 756 2433 836 πλείστων,
2462 786 2487 825 5

153 856 441 938 ἐνδόξων
491 857 566 925 δὲ
604 855 990 945 Εύστεφίου
1036 858 1148 924 καὶ
1187 857 1537 951 Νικολάου
1581 858 1692 925 καὶ
1732 854 2089 946 Ἀστερίου,
2140 855 2438 944 ἀκμάσας

152 964 250 1030 ἐπί
297 991 366 1031 τε
415 968 828 1052 Μαρκιανοῦ
873 964 982 1033 καὶ
1033 966 1328 1043 Λέοντος
1371 968 1506 1032 τῶν
1552 967 1899 1050 βασιλέων.
1994 966 2239 1050 ἔγραψε
2285 965 2434 1051 περὶ

150 1069 362 1138 κώλου
419 1072 532 1139 καὶ
589 1070 926 1158 κόμματος
977 1071 1090 1138 καὶ
1145 1070 1498 1158 περιόδου,
1556 1072 1905 1155 διαλέξεις,
1964 1074 2266 1158 ἱστορίαν
2311 1070 2435 1157 τὴν

154 1177 306 1245 κατὰ
353 1181 796 1264 Κορνοῦτον,
845 1177 1119 1264 ἐκλογὰς
1165 1176 1519 1265 ῥητορικὰς
1564 1176 1728 1245 κατὰ
1778 1192 2125 1266 στοιχεῖον.

317 1286 865 1355 CCCCLXXVH.
919 1286 1446 1370 Λεσβωναξ
1511 1292 1974 1371 Μυτιληναῖος
2038 1284 2435 1371 φιλόσοφος,
2465 1321 2517 1361 ιο

154 1391 441 1476 γεγονὼς
500 1392 608 1459 ἐπὶ
655 1389 1085 1478 Αὐγούστου,
1143 1388 1355 1478 πατὴρ
1404 1389 1820 1478 Ποτάμωνος
1865 1397 1988 1459 τοῦ
2036 1391 2434 1479 φιλοσόφου.

158 1503 393 1586 ἔγραψε
441 1508 716 1567 πλεῖστα
762 1500 1124 1586 φιλόσοφα.

315 1590 894 1675 CCCCLXXVIII.
951 1609 1346 1692 Λεσχίδης
1393 1608 1571 1673 ἐπῶν
1619 1604 1916 1692 ποιητής,
1965 1602 2039 1686 ὃς
2077 1605 2437 1694 συνεστρά-

151 1716 370 1781 τευοᾨ
419 1710 722 1801 Εὐμενεῖ
761 1716 850 1803 τῷ
899 1718 1189 1798 βασιλεῖ,
1249 1708 1324 1792 ὃς
1368 1704 1454 1799 ἦν
1504 1714 2022 1797 ἐπιφανέστατος
2066 1716 2202 1780 τῶν
2248 1737 2431 1799 ποιη-

148 1823 290 1885 τῶν.
367 1823 589 1907 συνῆν
644 1818 718 1887 δὲ
755 1818 972 1912 τούτῳ
1007 1819 1118 1887 καὶ
1155 1818 1433 1898 Πυθέας
1473 1815 1508 1885 ὁ
1550 1817 1979 1907 συγγραφεὺς
2016 1820 2127 1887 καὶ
2167 1822 2435 1889 Μέναν-
2467 1850 2517 1890 15

153 1928 298 2011 δρος
345 1925 592 2013 ἰατρός.

315 2034 834 2102 CGCOLXXIX.
937 2032 1305 2101 Λεύκων
1352 2030 1725 2119 Ἅγνωνος,
1790 2033 2083 2121 γεγονὼς
2156 2037 2229 2104 έν
2298 2048 2438 2114 τοῖς

151 2147 826 2228 Πελοποννησιακοῖς.
916 2143 1052 2208 τῶν
1101 2128 1486 2227 δραμάτων·
1520 2137 1729 2209 αὐτοῦ
1786 2142 1921 2209 ἐστι
1966 2145 2200 2210 ταῦτα·
2238 2140 2440 2220 ’Όνος

149 2243 561 2335 άσκοφόρος,
614 2249 960 2337 Φράτερες.

255 2422 259 2427 ,
320 2356 797 2424 COOOLXXX.
902 2355 1151 2423 Λέων
1227 2355 1520 2435 Λέοντος
1584 2355 1977 2439 Βυζάντιος,
2057 2355 2431 2442 φιλόσοφος
2462 2384 2515 2424 20

281 2621 690 2692 CCCCLXXVI
735 2622 885 2677 Eud.
924 2642 977 2693 p.
1018 2629 1140 2678 461.
1215 2622 1295 2679 Cf.
1333 2624 1555 2679 UnterS.
1604 2643 1659 2694 p.
1701 2632 1793 2692 613
1839 2624 1978 2680 Mus.
2018 2627 2192 2680 Rhen.
2231 2623 2437 2677 XXXV

151 2716 198 2765 p.
235 2706 362 2770 2173
402 2702 596 2773 Danb,
635 2703 792 2759 Stud.
830 2722 884 2773 p.
923 2709 993 2757 60
1121 2710 1154 2756 4
1191 2698 1414 2772 Λάχους
1450 2710 1495 2756 V
1532 2721 1640 2758 om.
1679 2710 1748 2772 A,
1787 2706 1977 2774 itaque
2016 2725 2163 2775 susp.
2251 2700 2435 2774 Ἄθην.

151 2775 320 2848 ῤ’ήτωρ
359 2784 516 2837 Eud.
664 2792 707 2836 5·
725 2779 948 2853 Ἡρακλ.
987 2784 1256 2852 σοφιστοῦ
1294 2788 1414 2838 Bu.
1444 2789 1561 2840 Ald.
1601 2786 1752 2841 Eud.
1802 2806 1928 2855 σοφ.
1968 2804 2077 2841 om.
2115 2792 2319 2839 ABVE

152 2864 180 2909 6
216 2855 464 2927 ἐνδόξων
505 2884 564 2918 τε
605 2864 1020 2919 commendavit
1051 2863 1240 2917 Rohde
1383 2870 1414 2916 8
1455 2861 1732 2934 ἱστορίαν,
1769 2864 1971 2935 τέχνην
2008 2888 2059 2921 κ.
2098 2872 2230 2934 Κορ.
2266 2867 2437 2921 Daub

151 2942 178 2988 9
222 2940 322 2995 Hic
363 2943 565 2997 Suidas
610 2945 738 2998 add.
778 2946 1038 3013 excerpta
1085 2960 1150 2997 ex
1189 2942 1486 2997 Damaseio
1526 2946 1687 3000 Phot.
1734 2964 1786 3014 p.
1827 2952 1958 3014 341,
2005 2963 2147 3013 quae
2193 2946 2339 3000 infra
2384 2965 2436 3000 v.

150 3019 542 3090 Σουπηριανός
577 3023 851 3079 iterantur

283 3101 721 3158 CCCCLXXVII
747 3104 896 3158 Eud.
926 3122 979 3172 p.
1001 3109 1121 3157 466
1162 3102 1242 3160 of.
1272 3121 1322 3157 v.
1346 3099 1642 3172 Ποτάμων.
1684 3104 1746 3157 In
1777 3106 1883 3159 hac
1912 3104 2031 3159 vita
2061 3105 2199 3159 duos
2228 3104 2433 3159 Lesbo-

151 3184 349 3251 naoten,
378 3183 783 3253 philosophum
812 3186 870 3237 et
895 3184 1174 3237 rhetorem
1205 3181 1462 3237 confusos
1491 3201 1613 3238 esse
1643 3182 1836 3239 docuit
1864 3184 2079 3250 Rohde,
2108 3185 2199 3239 Gr.
2220 3185 2437 3238 Roman

151 3276 199 3325 p.
236 3266 337 3314 342
375 3264 495 3319 not.
644 3270 706 3317 11
750 3260 844 3317 ἐπὶ
879 3257 1015 3331 Αύγ.
1054 3282 1170 3331 γεγ.
1208 3262 1359 3316 Eud.
2110 3284 2121 3295 ·

284 3342 746 3397 CUCCLXXVIII
782 3344 934 3399 Eud.
963 3362 1016 3412 p.
1047 3348 1168 3397 463.
1211 3341 1291 3396 Cf.
1324 3342 1524 3397 Suidas
1559 3362 1610 3397 v.
1642 3340 2109 3414 κρηπιδούμενος,
2148 3348 2440 3413 praeterea

153 3435 197 3471 v.
227 3425 520 3485 Μουσαῖος
551 3418 836 3494 Ἐφέσιος,
874 3424 932 3479 et
968 3441 1110 3493 quae
1151 3422 1408 3491 exposuit
1432 3423 1621 3490 Daub‚
1650 3424 1720 3477 de
1752 3424 1903 3478 Suid.
1935 3444 1987 3494 p.
2019 3431 2140 3479 417.
2208 3425 2439 3479 Tracssat

153 3496 404 3570 Dfintzen
436 3500 537 3570 Ep.
559 3500 624 3555 fr.
643 3502 696 3554 II
715 3520 769 3572 p.
791 3508 877 3570 34,
981 3509 1046 3557 14
1073 3503 1321 3570 ποιητῶν
1351 3519 1425 3556 se.
1449 3505 1838 3573 Περγαμηνῶν
1945 3511 2008 3557 15
2038 3503 2279 3568 Πυθέας
2299 3522 2436 3561 corr.

152 3576 434 3637 Reinesius
462 3583 694 3644 Πυθίας
721 3583 831 3637 duo
864 3582 1048 3637 Paris,
1082 3580 1320 3642 Πυθέας
1348 3580 1561 3650 prim-es
1591 3583 1715 3640 edd.
1737 3584 1888 3639 Eud.
1919 3580 2163 3646 Πυθόας
2181 3589 2291 3637 BE.
2340 3584 2438 3637 Ce-

151 3657 324 3713 terum
368 3664 495 3716 tota
529 3661 650 3716 vita
685 3678 720 3714 a
757 3662 975 3716 ratione
1012 3662 1370 3732 Hesychiana
1415 3663 1585 3732 paulo
1633 3664 1870 3733 recedit,
1919 3666 2261 3733 quapropter
2304 3681 2437 3716 num

155 3736 506 3809 Hesychiana
542 3741 616 3794 sib
652 3739 846 3795 dubito

287 3827 687 3883 CCCCLXXIX
725 3829 876 3884 Eud.
916 3847 970 3898 p.
1010 3836 1130 3885 464.
1199 3829 1278 3885 cf.
1319 3831 1578 3886 Meineke
1615 3832 1641 3884 Ι
1678 3849 1732 3901 Ρ.
1772 3837 1873 3886 217
1896 3850 2010 3900 seq.
2145 3839 2208 3887 17
2243 3829 2438 3901 Ἇγνώς

159 3904 286 3959 Ραν.
319 3908 577 3973 Kusteri,
613 3903 788 3978 ἁγνός
823 3912 968 3980 υαῖ9.
999 3910 1169 3979 Eud„
1193 3904 1465 3978 Αγνωνος
1507 3912 1679 3979 Zoup.
1720 3910 2251 3981 Emend.1p.382,
2291 3914 2436 3981 quod

155 3988 409 4051 probavit
450 3990 725 4055 Meineke‚
760 3985 1031 4058 ’Ἅγνωνος
1068 3990 1400 4061 Bernhardy
1442 3986 1753 4059 Ἀγνούσιος
1800 3993 1877 4045 W
1872 3993 2031 4059 Olfius
2191 3998 2252 4047 18
2290 3988 2438 4061 ὄνος,

158 4060 469 4137 ἆσκόφορες
494 4070 1068 4137 vuly.H.A1d.Eud.
1109 4070 1271 4124 unius
1310 4071 1579 4124 dramatis
1617 4070 1848 4125 titulum
1886 4088 2005 4126 esse
2044 4070 2188 4126 vidit
2221 4072 2439 4138 Portu-3,

162 4142 428 4216 Φράτορες
473 4150 617 4217 ναῖ9.
657 4150 808 4204 Eud.
870 4147 1148 4219 Φράτερες
1197 4152 1448 4204 Meineke
1504 4149 1629 4203 coll.
1680 4152 1919 4221 Hesych.
1968 4171 2019 4206 v.
2070 4147 2303 4214 Πάαπις
2346 4151 2437 4221 al„

162 4224 430 4297 Φρατέρες
465 4228 801 4299 Bernhardy
837 4230 914 4283 W
907 4237 1109 4286 esterm.

293 4306 670 4362 CCCCLXXX
711 4311 858 4367 Eud.
901 4330 954 4380 p.
988 4317 1107 4367 465.
1176 4311 1255 4366 Cf.
1293 4313 1497 4367 Mfiller
1528 4310 1579 4365 ῙΙ
1614 4330 1665 4380 p.
1697 4317 1801 4365 328
