3025 4892
1051 247 1620 306 PROLEGOMENA.
2252 245 2487 302 XXXIII

196 412 511 498 Quodque
560 416 1010 497 argumentum
1060 413 1524 496 gravissimum
1573 412 1761 478 nobis
1812 412 2066 476 videtur
2112 433 2279 495 esse,
2327 411 2485 476 omi-

193 521 283 583 sit
327 521 499 584 vitas
543 520 787 598 Heleni,
834 519 1204 584 Xenocratis
1241 519 1748 604 Aphrodisiensis
1794 517 1993 602 (quod
2040 541 2277 582 nomen
2326 519 2489 582 desi-

195 628 464 692 deratur
507 627 766 712 quidem
813 626 882 691 in
919 624 1221 691 Suidanis
1261 627 1468 710 libris,
1513 625 1625 690 sed
1672 628 1854 690 extat
1893 625 2029 690 eius
2067 626 2220 708 vita,
2268 646 2488 709 quam-

195 755 394 817 quam
429 734 596 798 hanc
625 733 880 818 quidem
912 732 1229 817 Hesychii
1265 755 1399 799 non
1437 755 1578 798 esse
1606 732 1872 816 probari
1900 729 2177 816 nequit),
2215 731 2487 794 alteram

194 840 472 924 Polletis,
517 840 857 918 Posidonii,
908 840 1205 924 Teleyoni,
1253 861 1414 924 quas
1463 862 1539 904 ex
1578 839 1985 904 uberioribus
2024 838 2211 903 lexici
2248 837 2487 922 glossis

198 947 344 1030 ipse
391 945 620 1010 Suidas
668 945 1011 1029 descripsit
1057 949 1124 1010 et
1170 945 1617 1011 conformavit.
1692 944 1876 1021 Quod
1916 945 1972 1008 si
2010 941 2241 1009 Suidae
2280 965 2488 1008 exem-

194 1055 366 1138 plari
421 1053 638 1137 aliquo
693 1051 984 1118 Eudocia
1041 1075 1158 1117 usa
1213 1058 1340 1137 est,
1403 1074 1537 1118 non
1592 1052 1906 1136 Hesychii
1966 1052 2277 1135 epitome,
2334 1073 2487 1114 sane

193 1161 524 1244 epitomen
581 1181 710 1224 non
757 1160 1092 1244 ignorasse
1141 1163 1335 1243 atque
1381 1159 1551 1223 mira
1594 1158 1814 1224 iudicii
1862 1160 2217 1243 sagacitate
2264 1179 2487 1222 omnes

195 1268 609 1352 quaestiones
648 1267 729 1330 ab
767 1266 884 1331 illo
925 1265 1350 1332 abhorrentes
1389 1288 1533 1330 eam
1580 1265 1858 1330 evitasse
1897 1265 2205 1350 sequitur.
2278 1265 2488 1341 Quam

194 1397 335 1439 rem
381 1374 484 1438 vel
530 1374 674 1438 ideo
719 1372 1066 1438 absurdam
1111 1395 1253 1439 esse
1291 1373 1543 1459 opinor,
1588 1372 1760 1459 quod
1806 1395 1919 1438 cur
1956 1370 2240 1437 Eudocia
2274 1372 2489 1455 ipsam

192 1481 523 1566 epitomen
577 1504 770 1566 quam
827 1477 1062 1546 Suidae
1121 1482 1359 1545 molem
1416 1481 1767 1566 compilare
1822 1501 1954 1545 non
2006 1479 2329 1560 maluerit,
2394 1479 2488 1542 in-

191 1587 460 1652 tellectu
519 1591 619 1652 est
675 1586 1022 1652 admodum
1069 1586 1348 1652 difficile.
1433 1585 1549 1651 Sin
1606 1589 1825 1650 autem
1880 1585 2184 1650 falsarius
2232 1583 2487 1648 Pulchii

189 1693 544 1758 Rhenanus
591 1692 962 1759 Violarium
1020 1693 1410 1776 composuit,
1467 1715 1612 1756 eum
1670 1713 1925 1777 quoque
1978 1691 2238 1756 saeculo
2298 1696 2482 1766 sexto

193 1799 445 1864 decimo
502 1799 815 1883 Hesychii
883 1800 1218 1884 epitomen.
1275 1799 1438 1864 bene
1503 1799 1765 1864 novisse
1832 1802 1898 1862 et
1950 1798 2242 1864 fraudem
2304 1821 2488 1862 suam

191 1906 609 1970 callidissime
656 1906 1018 1971 instituisse
1062 1909 1265 1990 patet.
1355 1904 1540 1981 Quod
1584 1927 1704 1969 nec
1753 1906 1965 1971 minus
2011 1905 2303 1989 ineptum
2350 1927 2490 1970 esse

200 2034 391 2077 nemo
438 2012 728 2096 negabit.
2078 2013 2087 2024 '

373 2119 496 2184 His
527 2120 870 2185 adnectam
897 2119 1072 2184 aliud
1100 2141 1282 2184 meae
1313 2119 1668 2184 sententiae
1688 2119 2163 2184 documentum.
2200 2118 2493 2184 Eudocia

188 2228 461 2312 praebet
510 2225 774 2292 Cornuti
826 2228 1027 2291 vitam
1087 2249 1218 2292 non
1275 2227 1533 2310 qualem
1590 2225 1935 2311 descripsit
1982 2223 2212 2292 Suidas
2270 2230 2489 2291 conta-

189 2335 509 2397 minatam
557 2354 696 2397 cum
746 2333 1043 2398 uberiore
1089 2333 1368 2398 rhetoris
1416 2332 1861 2416 cognominati
1906 2334 2045 2398 vita
2090 2355 2169 2398 ex
2214 2333 2488 2398 Aeliano

190 2441 535 2524 descripta,
583 2441 695 2504 sed
743 2444 1032 2505 extrema
1077 2443 1332 2506 tantum
1379 2441 1517 2504 eius
1565 2440 1824 2505 articuli
1866 2440 2083 2523 verba,
2130 2461 2293 2524 quae
2338 2462 2489 2524 pro-

187 2547 364 2612 fecto
420 2546 498 2612 de
553 2545 944 2631 philosopho
1002 2547 1174 2611 dicta
1227 2547 1438 2629 ipsius
1493 2545 1806 2630 Hesychii
1863 2549 2029 2612 sunt.
2049 2545 2098 2632 ¹)
2194 2548 2488 2622 Quonam

190 2656 411 2717 autem
459 2651 652 2718 modo
700 2653 860 2717 haec
906 2653 1052 2737 ipsa
1097 2653 1298 2717 verba
1343 2653 1697 2737 prudenter
1742 2675 1885 2718 eam
1928 2653 2321 2736 excerpsisse
2360 2657 2494 2718 sta-

185 2763 468 2841 tuemuS,
516 2760 569 2822 si
617 2781 874 2824 omnem
921 2781 998 2824 ex
1035 2759 1190 2824 Aldi
1238 2759 1517 2825 editione
1566 2759 1927 2824 doctrinam
1968 2783 2154 2824 suam
2192 2760 2489 2826 hausisse

189 2866 485 2950 putanda
551 2871 649 2932 est
663 2863 762 2950 ⁶3²)
864 2864 962 2930 De
1023 2865 1198 2931 Gesii
1261 2866 1534 2950 denique
1591 2869 1657 2930 et
1709 2865 2019 2930 Domnim‘
2074 2867 2229 2930 vitis
2285 2865 2491 2950 Hesy-

188 2973 461 3054 chianiS,
509 2995 670 3056 quae
717 2973 950 3037 desunt
985 2973 1053 3036 in
1096 2970 1330 3039 Suidae
1368 2973 1598 3058 lexicO,
1645 2973 1968 3057 disputavi
2007 2970 2266 3037 UnterS.
2294 2997 2355 3058 p.
2386 2976 2493 3038 60.

186 3079 293 3143 De
341 3079 684 3144 Menandri
729 3080 884 3162 vita,
932 3101 1128 3164 quam
1176 3080 1448 3145 tractavi
1486 3079 1749 3146 UnterS.
1776 3103 1837 3165 p.
1865 3081 1945 3144 61
1989 3083 2057 3144 et
2091 3079 2254 3145 Mus,
2284 3079 2492 3145 Rhen.

190 3185 482 3250 XXXIII
527 3210 589 3271 p.
627 3187 784 3270 229,
831 3208 967 3250 rem
1014 3207 1244 3271 parum
1293 3191 1833 3271 constaresupra
1880 3187 2028 3251 dixi.

375 3291 512 3359 Nec
551 3294 766 3357 minus
801 3293 864 3357 si·
887 3292 1178 3377 singulas
1207 3293 1598 3378 respicimus·
1616 3293 1945 3360 Eudoeiae
1970 3298 2185 3359 textus
2216 3295 2493 3379 scriptu-

188 3423 302 3472 ras
313 3450 333 3483 ,
375 3422 640 3485 prorsus
689 3399 876 3465 aliter
923 3400 1370 3484 quaestionem
1417 3401 1791 3466 solvendam
1828 3423 1968 3465 esse
2013 3401 2252 3486 iudico,
2298 3425 2491 3486 quam

189 3507 468 3572 Pulchio
506 3507 718 3572 visum
756 3510 871 3572 est.
954 3506 1244 3572 Primum
1281 3507 1452 3572 enim
1489 3508 1649 3574 haec
1686 3508 1981 3593 exempla
2016 3508 2199 3574 iuvat
2235 3529 2493 3574 enume-

191 3637 370 3699 rare,
407 3615 638 3700 quibus
677 3637 822 3680 cum
860 3614 1238 3679 melioribus
1269 3612 1500 3679 Suidae
1531 3614 1715 3679 libris
1740 3614 2107 3679 Violarium
2137 3615 2492 3700 conspiret:

345 3836 396 3900 1)
432 3835 588 3888 Idem
624 3835 863 3889 fortasse
901 3833 1254 3904 contigisset,
1295 3833 1343 3887 si
1374 3834 1687 3889 Aristarchi
1717 3835 1998 3904 Tegeatae
2036 3835 2211 3890 vitam
2248 3833 2489 3888 Violarii

191 3917 394 3970 auctor
431 3914 734 3970 memoriae
771 3912 1126 3982 prodidisset.
1201 3914 1347 3968 Nam
1383 3914 1443 3969 in
1482 3931 1550 3968 ea
1586 3932 1809 3983 quoque
1848 3915 2047 3970 Suidas
2085 3913 2353 3983 Hesychii
2394 3913 2489 3966 de-

191 4013 350 4050 mum
397 3995 576 4050 vitam
619 3994 860 4064 profert,
912 3996 1209 4062 postquam
1256 3993 1480 4063 peregit
1523 3994 2001 4050 narratiunculam
2046 3995 2117 4049 de
2163 3993 2490 4048 Aristarcho

171 4074 431 4129 aliunde
469 4075 874 4144 depromptam.

341 4157 394 4221 2)
442 4152 628 4221 Addo,
675 4152 826 4223 quod
859 4152 919 4207 in
956 4152 1162 4207 Aldina
1196 4154 1336 4208 haec
1374 4155 1572 4220 verba,
1619 4171 1747 4207 cum
1784 4153 1970 4208 media
2006 4155 2065 4208 in
2114 4155 2323 4209 lineola
2359 4172 2491 4209 con-

189 4233 344 4287 tinui
389 4235 575 4288 textus
623 4234 908 4304 legantur,
953 4233 1108 4287 nullo
1147 4234 1314 4288 modo
1353 4232 1599 4287 dilucide
1638 4235 1862 4299 signata
1898 4235 2049 4301 sunt,
2087 4234 2233 4287 unde
2271 4234 2330 4288 in
2370 4233 2491 4287 Sui-

190 4314 300 4366 dae
349 4314 587 4368 articulo
633 4314 774 4367 duas
819 4313 1034 4381 glossas
1075 4313 1208 4368 olim
1246 4314 1565 4377 distinctas,
1604 4327 1839 4380 quarum
1877 4313 2113 4381 utraque
2152 4313 2227 4386 ab
2264 4313 2487 4368 nomine

191 4391 446 4446 auctoris
481 4393 796 4460 incohavit,
834 4391 1056 4447 Aeliani
1094 4397 1152 4446 et
1187 4393 1484 4462 Hesychii,
1523 4393 1782 4447 confusas
1821 4408 1943 4446 esse
1980 4395 2159 4461 patet.

305 4501 610 4552 Hnsromus,
637 4501 706 4542 ed.
735 4500 893 4540 Flach.
2041 4497 2069 4536 Ο
