3025 4892
532 227 622 294 42
745 264 752 268 -
1465 191 1895 286 HESchms'.

713 391 996 460 CLXVI.
1079 388 1530 479 Γρηγόριος
1573 393 1952 472 Ναζιανζοῦ
1990 392 2341 472 ἐπίσκοπος
2390 388 2725 478 (σταθμὸς
2764 392 2853 458 δέ

535 501 715 570 ἐστιν
755 490 952 578 οὗτος
991 498 1522 582 Καππαδοκίας),
1560 494 1733 584 ἀνὴρ
1772 497 2313 585 ἐλλογιμώτατος,
2354 497 2723 586 ἀναγκαῖος
2765 498 2849 566 δὲ

534 613 730 694 φίλος
755 611 1144 692 Βασιλείου,
1178 608 1301 674 τοῦ
1329 608 1447 693 τῆς
1473 610 1884 693 Καισαρείας
1912 604 2274 674 ἐπισκόπου
2300 609 2417 694 τῆς
2454 609 2529 674 ἐν
2557 612 2851 673 Καππαν

536 715 745 804 δοκίᾳ.
842 705 1040 792 οὗτος
1083 709 1169 781 οὐ
1214 711 1433 799 μόνον
1477 711 1928 799 γραμματικὸς
1970 713 2082 780 καὶ
2136 711 2218 780 τὰ
2276 715 2341 793 ἐς
2384 711 2511 800 τὴν
2555 717 2847 798 ποίησιν

479 840 505 880 5
534 820 779 907 δεξιός,
835 818 1003 888 ἀλλὰ
1051 823 1274 910 πολλῷ
1321 826 1556 888 πλεῖον
1598 819 1709 886 καὶ
1756 823 1850 900 είς
1896 825 2306 906 φιλοσοφίαν
2354 819 2671 906 ἐξήσκητο
2720 821 2846 888 καὶ

533 927 751 1016 ῥήτωρ
797 920 886 1016 ἦν
930 927 1338 1015 ἀμφιδέξιος.
1413 916 1612 1005 οὗτος
1656 931 1901 1012 ἔγραψε
1938 925 2403 1013 καταλογάδην
2453 926 2666 994 πολλά
2702 927 2845 1016 (εἰς

532 1033 658 1122 γὰρ
694 1049 870 1121 τρεῖς
907 1034 1240 1124 μυριάδας
1275 1038 1520 1120 στίχων
1556 1031 1638 1102 τὰ
1671 1033 2099 1121 συντάγματα
2138 1032 2349 1102 αὐτοῦ
2395 1034 2845 1124 συνέθηκεν),

531 1141 652 1231 ἀφ’
713 1134 810 1211 ὧν
867 1147 995 1211 εἰσι
1047 1141 1232 1211 τάδε·
1303 1142 1454 1228 περὶ
1508 1145 1628 1228 τῆς
1681 1146 1983 1229 τελευτῆς
2036 1145 2157 1210 τοῦ
2217 1139 2521 1227 ἀδελφοῦ
2576 1147 2844 1208 Καισα-
2919 1178 2927 1186 -

533 1255 748 1338 ρείου,
796 1248 1139 1337 ἐπιτάφιος
1185 1253 1280 1329 εἰς
1324 1246 1443 1318 τὸν
1491 1250 1733 1317 ἑαυτοῦ
1774 1251 2054 1334 πατέρα,
2104 1251 2325 1335 ἔτερος
2353 1252 2447 1328 εἰς
2476 1246 2599 1335 τὴν
2636 1245 2844 1316 ἀδελ-

453 1380 506 1419 ιο
532 1354 671 1443 φὴν
736 1362 1148 1444 Γοργονίαν,
1215 1355 1366 1450 περὶ
1427 1361 1904 1441 φιλοπτωχίας,
1965 1357 2282 1434 ἐπαίνους
2348 1359 2484 1424 τῶν
2553 1363 2839 1424 Μακκα-

529 1469 774 1549 βαίων,
823 1465 1136 1543 ἐπαίνους
1182 1465 1614 1547 Κυπριανοῦ,
1662 1463 1978 1542 ἐπαίνους
2016 1459 2463 1548 Ἀθανασίον,
2514 1464 2847 1543 ἐπαίνους

513 1567 820 1657 “Ηρωνος
865 1571 1278 1658 φιλοσόφου,
1325 1567 1489 1637 κατὰ
1531 1565 1911 1638 Ἰουλιανοῦ
1956 1573 2080 1639 τοῦ
2123 1570 2448 1656 βασιλέως
2494 1569 2689 1656 λόγοι
2738 1570 2841 1656 β’,

527 1704 692 1746 κατα
733 1677 1081 1765 Εὐνομίου
1125 1677 1316 1764 λόγοι
1362 1675 1457 1763 β’,
1503 1677 1653 1759 περὶ
1690 1681 2049 1762 θεολογίας
2094 1675 2186 1762 α’,
2232 1677 2383 1764 περὶ
2429 1679 2589 1744 υίοῦ
2634 1675 2839 1762 λόγοι

529 1785 626 1871 β’,
662 1785 809 1871 περὶ
850 1789 970 1853 τοῦ
1009 1782 1207 1871 ἁγίου
1247 1783 1625 1871 πνεύματος
1661 1782 1859 1870 λόγος
1894 1783 1988 1868 α’,
2034 1783 2480 1871 πανηγυρικοὶ
2527 1782 2720 1869 λόγοι
2758 1783 2843 1868 ι’,

451 1915 500 1956 15
526 1892 636 1960 καὶ
694 1894 904 1978 ἕτεροι
959 1898 1252 1958 πλεῖστοι
1290 1888 1401 1958 καὶ
1460 1893 1623 1956 πᾶσι
1668 1887 2015 1976 γνώριμοι.
2106 1887 2534 1976 ἠκολούθησε
2596 1889 2670 1956 δὲ
2736 1895 2838 1982 τῷ

527 1999 932 2084 Πολέμωνος
975 1999 1336 2084 χαρακτῆρι
1380 1998 1504 2065 τοῦ
1551 1995 1933 2075 Λαοδικέως
1976 2000 2098 2064 τοῦ
2138 1995 2711 2083 σοφιστεύσαντας
2754 1999 2834 2063 ἐν

530 2104 848 2194 Σμύρνῃ,
922 2101 996 2184 ὃς
1059 2102 1350 2190 ἐγεγόνει
1405 2100 1806 2181 διδάσκαλος
1854 2099 2267 2186 Ἀριστείδου
2338 2106 2461 2171 τοῦ
2526 2101 2837 2189 ῥήτορος.

530 2210 785 2299 ἐγράφη
836 2210 909 2280 δὲ
957 2207 1135 2300 αὐτῷ
1182 2209 1292 2276 καὶ
1341 2209 1530 2297 ἑτέρα
1575 2212 1804 2292 βίβλος
1852 2203 1946 2275 δι’
2000 2209 2401 2296 ἑξαμέτρων,
2456 2215 2841 2296 παρθενίας

528 2319 637 2388 καὶ
683 2318 906 2407 γάμου
949 2314 1108 2386 καθ’
1163 2313 1442 2395 ἑαυτοὺς
1489 2314 2015 2401 διαλεγομένων,
2068 2315 2180 2383 καὶ
2238 2319 2334 2394 είς
2388 2316 2612 2403 ἑτέρας
2662 2312 2840 2382 ὑπο-

450 2449 504 2489 20
529 2429 754 2508 θέσεις
802 2429 874 2496 ἐν
921 2429 1265 2503 παντοίοις
1301 2423 1410 2491 καὶ
1450 2419 1807 2508 διαφόροις
1844 2421 2136 2508 μέτροις,
2184 2418 2380 2491 ἅτινα
2419 2420 2837 2509 συνάγονται

530 2537 625 2614 εἰς
671 2536 846 2603 ἐπῶν
893 2530 1226 2620 μυριάδας
1268 2543 1461 2616 τρεῖς.
2366 2581 2374 2589 .

709 2649 1025 2715 CLXVII.
1101 2644 1580 2734 [Γρηγόριος
1616 2642 1897 2729 Νύσσης
1942 2644 2324 2730 ἐπίσκοπος,
2373 2641 2664 2732 ἀδελφὸς
2702 2653 2845 2713 Βα-

531 2759 786 2822 σιλείου
837 2757 960 2822 τοῦ
1008 2753 1432 2838 Καισαρέως,
1489 2749 1663 2838 ἀν’ὶρ
1719 2751 1831 2818 καὶ
1886 2747 2087 2830 αὐτὸς
2142 2753 2663 2838 ἐλλογιμώτατος
2718 2755 2838 2820 καὶ

517 2861 742 2948 πάσης
785 2859 1105 2948 ὑπάρχων
1141 2862 1444 2939 παιδείας
1496 2855 1873 2954 ἀνάπλεως,
1920 2862 2398 2944 προσκείμενος
2443 2857 2517 2926 δὲ
2566 2861 2835 2945 μᾶλλον

450 2993 504 3034 2⁵
529 2981 670 3048 τοῖς
730 2971 810 3058 τῇ
877 2963 1192 3055 ῥητορικῇ
1253 2971 1589 3054 χαίρουσι·
1654 2965 1764 3031 καὶ
1829 2968 2001 3049 γοῦν
2066 2961 2421 3051 εὐδόκιμος
2483 2967 2557 3033 ἐν
2620 2963 2837 3052 ταύτῃ

530 3076 876 3162 γεγένηται
919 3075 1029 3142 καὶ
1077 3072 1404 3160 λαμπρός,
1461 3080 1529 3138 εί
1564 3097 1665 3150 τις
1709 3068 1910 3150 ἄλλος
1953 3075 2089 3139 τών
2136 3071 2339 3140 πάλαι
2392 3071 2595 3160 ταύτῃ
2645 3097 2839 3156 γεγε-

530 3182 860 3266 νημένων.
965 3172 1163 3260 οὗτος
1225 3179 1539 3260 συνέταξε
1599 3176 1739 3246 κατ’
1810 3175 2159 3264 Εὐνομίου
2226 3177 2429 3264 λόγον
2494 3179 2839 3263 ἐξαίρετον

526 3287 640 3355 καὶ
699 3290 932 3373 τεῦχος
987 3285 1376 3374 θαυμάσιον
1438 3289 1534 3364 εἰς
1592 3284 1715 3371 τὴν
1775 3287 1897 3352 τοῦ
1959 3282 2331 3370 ἀνθρώπου
2393 3281 2834 3369 κατασκευήν,

519 3381 733 3473 ’ἄλλας
777 3420 846 3462 τε
890 3391 1147 3472 πυκνὰς
1192 3393 1303 3460 καὶ
1351 3405 1650 3478 συνεχεῖς
1688 3387 1977 3478 ὁμιλίας,
2025 3400 2120 3470 είς
2163 3417 2233 3458 τε
2276 3387 2654 3480 τὰ,ᾇσματα
2690 3393 2835 3457 τῶν

678 3661 893 3716 CLXVI
940 3663 1342 3733 Hieronymus·
1360 3655 1702 3727 Sophronia&
1744 3675 1789 3712 0.
1808 3647 1959 3725 ‘117,
2006 3674 2172 3725 quem
2214 3657 2525 3726 Hesychius
2573 3672 2609 3710 a.
2642 3655 2834 3709 verbis

533 3742 614 3805 εἰς
659 3739 769 3813 γὰρ
815 3748 962 3810 τρεῖς
1009 3762 1134 3812 μυρ.
1183 3741 1253 3794 ad
1301 3739 1430 3794 exit.
1473 3737 1802 3806 compilavit
1959 3744 1991 3792 9
2043 3732 2343 3805 ἐπιτάφιος
2394 3765 2461 3776 -
2516 3736 2833 3804 Γοργονίαν

532 3841 639 3878 om.
687 3822 850 3892 δορὴ.
1017 3828 1076 3874 11
1131 3816 1316 3875 ἐπαιν.
1363 3820 1633 3887 Μαξίμου
1683 3812 2029 3886 φιλοσόφου,
2076 3812 2217 3886 μετὰ
2264 3812 2367 3885 τὴν
2415 3811 2641 3883 ἐξορίαν
2688 3809 2831 3867 ἄνα-

533 3898 856 3971 ζεύξαντος,
904 3896 972 3957 ὅν
1011 3921 1137 3955 τινα
1173 3900 1404 3968 ψευδῶς
1440 3918 1591 3960 τινες
1620 3892 1871 3965 ’Ἠρωνος
1909 3893 2241 3966 ἐπέγραψαν
2280 3897 2443 3965 Soph.
2597 3902 2660 3948 13
2698 3896 2835 3962 περὶ

530 3984 831 4048 θεολογίας
877 4013 948 4022 —-
997 3979 1126 4049 περὶ
1173 3977 1301 4034 υἴοῦ
1355 4012 1413 4019 -
1459 3978 1837 4047 πανηγυρικοὶ
1882 3975 2038 4048 λόγοι
2083 3997 2191 4034 om.
2240 3978 2404 4046 Soph.
2590 3983 2655 4030 19
2696 3972 2829 4031 κατ’

534 4057 752 4116 ἑαυτῶν
799 4063 964 4131 Soph.
997 4101 1007 4112 .
1119 4066 1187 4115 20
1235 4060 1455 4114 addidit
1498 4059 1768 4113 nonnulla.
1814 4058 2015 4113 Suidas
2062 4076 2129 4114 ex
2174 4057 2538 4126 Philostorgii
2592 4057 2833 4112 historia

533 4143 927 4278 ecclegsssxfissfi
974 4218 1659 4290 Hieronymus-Sophron.
1709 4236 1755 4272 ο.
1800 4223 1927 4286 128,
1974 4219 2070 4287 qui
2118 4235 2298 4288 pauca
2343 4215 2623 4286 Hesychio
2672 4215 2833 4271 dedit

536 4300 628 4366 (cf.
669 4291 834 4361 οὗτος
870 4300 1138 4365 συνέταξε
1178 4317 1292 4368 seq.
1323 4331 1387 4338 —
1419 4301 1478 4353 et
1513 4293 1653 4353 ἄλλα
1690 4317 1748 4352 τε
1788 4296 1964 4352 πολλὰ
2000 4295 2351 4368 γεγραφήκει
2380 4298 2515 4366 seq.)
2612 4303 2681 4352 27
2712 4314 2831 4366 seq.

537 4376 617 4430 Cf.
655 4377 773 4430 vita
809 4377 1009 4432 Basilii
