3025 4892
1205 237 1629 294 nEschUs.
2518 230 2559 298 9

266 399 426 480 υίὸς
455 401 776 488 Σατύρου
809 400 920 468 καὶ
952 404 1464 488 Στρατοκλείας,
1501 399 1965 485 γραμματικός.
2040 388 2237 477 οὗτος
2272 398 2381 463 καὶ
2421 423 2568 483 τρα-

263 512 522 598 γῳδίας
577 514 896 597 ἔγραψεν,
951 505 1042 589 ως
1095 508 1206 575 καὶ
1261 513 1398 575 τῶν
1455 505 1617 576 ἑπτὰ
1670 509 2003 592 τραγικῶν
2062 507 2180 574 ἕνα
2226 507 2569 592 κριθῆναι,

269 619 465 701 οἵπερ
514 615 978 703 ἐπεκλήθησαν
1023 612 1066 702 ἡ
1113 613 1379 694 menig.

452 723 687 790 XXVI.
765 719 1271 809 Ἀλέξανδρος
1327 719 1363 790 ὁ
1417 721 1781 800 Μύνδιος
1840 720 2172 804 ἱστορικός
2214 772 2230 787 .
2268 773 2284 788 .
2322 773 2337 786 .
2402 725 2567 804 [δια·

267 829 602 917 λαμβάνει
647 831 797 916 περὶ
841 829 1228 916 Γοργόνος.]
2599 848 2625 888 ⁵

454 939 725 1005 XXVII.
802 935 1312 1024 Ἀλέξανδρος
1368 933 1406 1003 ὁ
1463 933 1828 1023 Μιλήσιος,
1885 931 1959 1015 ὃς
2011 939 2411 1019 Πολυίστωρ
2468 936 2572 1002 ἐπ·

270 1043 529 1131 εκλήθη
584 1045 695 1112 καὶ
742 1042 1152 1130 Κορνήλιος,
1209 1041 1386 1111 διότι
1433 1047 1793 1130 Κορνηλίῳ
1838 1039 2193 1133 Λεντούλῳ
2252 1045 2575 1128 αἰχμαλω-

270 1153 533 1230 τισθεὶς
577 1150 838 1237 ἐπράθη
885 1151 996 1218 καὶ
1050 1149 1230 1241 αὐτῷ
1288 1149 1715 1236 παιδαγωγὸς
1760 1149 2053 1234 ἐγένετο,
2112 1144 2251 1216 εἶτα
2297 1145 2573 1235 ἠλευθε-

269 1257 490 1343 ρώθη.
570 1250 658 1345 ἦν
707 1258 782 1326 δὲ
829 1261 902 1325 ἐν
939 1255 1155 1346 Ῥώμῃ
1203 1255 1308 1324 ε’πὶ
1353 1259 1488 1324 τω”ν
1538 1254 1771 1323 Σύλλα
1817 1257 2082 1342 χρόνων
2127 1255 2237 1322 καὶ
2294 1255 2576 1322 ἐπίταδε.

271 1363 580 1452 ἀνῃρέθη
639 1365 714 1434 δὲ
770 1367 844 1434 ἐν
872 1359 1346 1449 ’Λαυρενταῖς,
1401 1360 1531 1431 ὑπὸ
1588 1361 1799 1449 πυρὸς
1851 1367 1969 1450 τῆς
2024 1367 2237 1443 οἰκίας
2292 1368 2574 1450 φθαρεί-
2605 1382 2656 1420 10

271 1491 425 1557 σης·
463 1472 573 1538 καὶ
619 1469 660 1557 ἡ
708 1469 879 1557 γυνὴ
927 1467 1136 1540 αὐτοῦ
1171 1467 1406 1556 Ἑλένη
1453 1473 1771 1556 μαθοῦσα
1808 1468 1883 1538 τὸ
1924 1468 2188 1558 συμβὰν
2224 1466 2577 1556 ἀπήγξατο.

271 1570 367 1664 ἦν
408 1579 483 1646 δὲ
517 1577 969 1666 γραμματικὸς
1003 1581 1140 1647 τῶν
1177 1576 1523 1665 Κράτητος
1557 1581 1899 1664 μαθητῶν.
1968 1567 2165 1656 οὗτος
2202 1578 2579 1664 συνέγραψε

270 1689 506 1768 βιβλία
554 1683 855 1772 ἀριθμοῦ
899 1691 1203 1773 κρείττω,
1258 1684 1370 1751 καὶ
1413 1684 1565 1771 περὶ
1602 1681 1855 1778 ΪΡιόμης
1900 1689 2127 1771 βιβλία
2172 1686 2386 1752 πέντε.
2472 1683 2575 1766 [ἐν

267 1789 542 1870 τούτοις
584 1793 762 1878 λέγει
807 1790 898 1874 ὥς
943 1790 1126 1879 γυνὴ,
1161 1793 1440 1878 γέγονεν
1472 1788 1751 1878 Ἑβραία
1798 1789 2062 1876 Μωσω,
2110 1782 2188 1878 ἧς
2234 1792 2371 1858 ἐστι
2418 1787 2578 1877 σύγ-

275 1924 554 1984 γραμμα
600 1895 638 1966 ὁ
683 1896 841 1985 παρ’
882 1896 1218 1986 Ἑβραίοις
1264 1898 1516 1985 νόμος.]
2610 1913 2658 1953 1⁵

460 2007 762 2073 XXVIII.
814 2002 1114 2086 ’Ἁλεξις
1149 2004 1440 2092 Θούριος
1478 2001 1689 2088 [ὅστις
1724 2004 2053 2093 πρότερον
2093 2004 2396 2092 Σύβαρις
2434 2006 2577 2071 ἐκα-

273 2117 488 2195 λεῖτο]
531 2101 855 2198 ’κωμικός
957 2113 1216 2192 ἐδίδαξε
1282 2110 1585 2199 δράματα
1650 2111 1822 2198 σμέ,
1893 2114 2129 2198 γέγονε
2194 2112 2269 2180 δὲ
2332 2110 2580 2198 πάτρος

273 2217 699 2304 Μενάνδρου
743 2223 866 2287 τοῦ
910 2222 1229 2305 κωμικοῦ,
1277 2223 1436 2307 ἔσχε,
1471 2219 1547 2286 δὲ
1592 2217 1747 2287 υἱὸν
1801 2221 2160 2307 Στέφανον
2209 2221 2318 2286 καὶ
2366 2216 2577 2286 αὐτὸν

271 2325 597 2412 κωμικόν.

461 2433 695 2500 ΧΧΙΧ.
763 2430 1114 2513 Ἀλκαϊος
1153 2431 1511 2519 Ἀθηναῖος
1556 2431 1896 2518 τραγικός,
1954 2431 2034 2500 ὅν
2080 2458 2256 2512 τινες
2300 2431 2579 2499 θέλουσι
2610 2448 2662 2487 2⁰

275 2542 554 2624 πρῶτον
598 2537 916 2627 τραγικὸν
961 2539 1327 2625 γεγονέναι.

433 2786 458 2832 1
509 2774 686 2842 οὕτως
723 2784 770 2832 A
912 2785 943 2833 2
994 2777 1205 2848 ἔγραψε
1253 2777 1350 2833 καὶ
1398 2797 1552 2847 τραγ.
1600 2780 1751 2835 Eud.
1836 2781 1919 2835 De
1966 2781 2229 2835 extremis
2276 2779 2459 2836 verbis
2512 2779 2580 2834 cf.

271 2860 610 2926 Σωσίθεος,
646 2861 948 2934 Σοφρκλῆς
984 2859 1056 2913 al.

428 2939 608 2993 XXVI
654 2940 890 2996 accessit
925 2957 992 2995 ex
1028 2939 1178 2995 Eud.
1218 2958 1271 3009 p.
1310 2943 1378 2993 85
1418 2955 1527 2994 om.
1565 2939 1789 2995 Suidas.
1864 2941 1945 2995 cf.
1985 2942 2206 2996 Unters.
2244 2959 2298 3010 p.
2338 2946 2424 2994 49.
2473 2939 2580 2993 La-

275 3037 492 3075 cunam
527 3020 659 3088 poet
693 3015 969 3088 ἴστορικός
1005 3018 1264 3088 equidem
1301 3018 1561 3074 indicavi.
1628 3019 1708 3074 cf.
1748 3040 1800 3076 v.
1836 3017 2070 3084 Ἀκύλας.
2148 3021 2302 3086 Quae
2340 3035 2583 3087 sequun-

275 3102 384 3154 tur
430 3099 601 3154 verba
645 3096 1019 3169 διαλαμβάνει
1067 3115 1180 3168 seq.
1229 3100 1330 3153 aut
1377 3115 1444 3152 ex
1479 3099 1682 3154 Athen.
1722 3099 1771 3153 V
1819 3118 1872 3169 p.
1912 3105 2013 3154 221
2063 3116 2099 3153 a.
2143 3100 2353 3154 lectore
2390 3097 2581 3165 aliquo

278 3179 573 3248 adscripta.
617 3183 716 3235 aut
761 3197 829 3234 ex
863 3179 1121 3234 Eustath.
1163 3178 1264 3234 Od.
1303 3199 1358 3248 p.
1401 3185 1562 3248 17043
1611 3181 1793 3234 totam
1836 3180 2014 3234 vitam
2050 3179 2345 3233 Eustathio
2393 3179 2587 3233 deberi

280 3259 603 3328 suspicatus
639 3261 726 3314 est
760 3259 962 3326 Pulch,
1001 3260 1070 3314 de
1109 3260 1255 3315 Viol.
1293 3279 1348 3330 p.
1385 3267 1454 3313 32
1493 3261 1576 3328 (et
1610 3279 1663 3330 p.
1695 3264 1785 3328 80)

432 3338 637 3392 XXVII
691 3339 882 3394 Habet
923 3343 970 3391 A
1013 3339 1074 3394 in
1119 3339 1398 3409 margine,
1453 3340 1553 3394 sed
1598 3339 1658 3394 in
1707 3343 1865 3394 textu
1911 3345 1958 3393 A
2006 3338 2153 3394 infra
2199 3339 2441 3395 ocem-rit
2488 3334 2584 3393 Ἅλ.

279 3417 580 3488 Μιλήσιος.
637 3419 788 3476 Eud.
837 3438 890 3488 p.
934 3425 1050 3475 106.
1136 3419 1216 3474 Cf.
1267 3419 1470 3474 Mffller
1513 3420 1593 3474 III
1638 3440 1692 3491 p.
1741 3425 1861 3476 206.
1944 3420 2023 3474 Cf.
2074 3438 2126 3475 v.
2170 3415 2466 3490 Ἀμμώνιος

281 3510 317 3556 6
363 3495 394 3552 ὃ
431 3494 691 3560 Μύνδιος
719 3499 1059 3554 Hullemann
1170 3505 1200 3554 ‘1
1240 3495 1387 3553 διότι
1423 3531 1490 3539 --
1530 3495 1822 3568 ἀπήγξατο
1859 3518 1966 3556 om.
1998 3500 2149 3555 Eud.
2264 3507 2297 3555 8
2338 3497 2587 3569 ἐπράθη,

279 3583 360 3636 de
388 3598 498 3649 quo
527 3599 578 3637 v.
607 3579 982 3648 Wachsmwth,
1023 3580 1208 3651 Symb.
1247 3599 1302 3649 p.
1345 3585 1444 3634 140
1558 3584 1622 3632 12
1660 3575 1956 3648 Κρατήτου
1993 3584 2040 3632 A
2159 3585 2224 3634 13
2263 3581 2486 3650 βίβλους
2516 3610 2582 3618 -

281 3663 578 3731 κρείττους
616 3694 682 3701 -
721 3658 874 3730 παρὰ
915 3667 962 3715 A
999 3657 1062 3716 ἐν
1097 3658 1318 3722 τούτοις
1363 3677 1475 3728 seq.
1526 3675 1561 3712 a
1597 3658 1805 3713 lectore
1852 3658 2043 3728 aliquo
2081 3659 2275 3714 addita
2313 3674 2431 3712 esse
2471 3657 2588 3710 dixi

280 3742 432 3796 Mne.
470 3740 646 3796 Rhen.
676 3739 882 3794 XXXV
918 3760 970 3811 p.
1000 3747 1104 3796 202
1144 3739 1392 3810 (iteravit
1428 3739 1633 3793 Suidae
1671 3738 1746 3808 gl.
1776 3737 1992 3808 Μωσῶ,
2032 3757 2199 3809 quam
2238 3739 2511 3809 praebent
2539 3744 2583 3790 A

279 3823 350 3876 in
394 3838 569 3890 marg.
607 3824 765 3891 Am).
914 3829 978 3877 13
1016 3820 1146 3889 περὶ
1175 3817 1382 3891 Ῥώμης
1427 3837 1540 3875 non
1578 3819 1859 3874 diversum
1897 3836 2018 3874 esse
2056 3820 2128 3874 ab
2163 3814 2397 3873 Ἰταλικά
2446 3818 2588 3873 vidit

281 3899 519 3967 Mffller‚
563 3900 661 3969 qui
697 3900 765 3956 de
808 3901 1070 3956 extremis
1110 3900 1313 3955 Suidae
1351 3898 1538 3954 verbis
1577 3900 1719 3954 dixit
1754 3902 1828 3954 ad
1864 3900 1929 3954 fr.
1970 3905 2038 3954 25

433 3977 669 4050 XXVIII
707 3979 857 4035 Eud.
897 3999 950 4050 p.
985 3986 1084 4034 102
1123 3998 1266 4050 quae
1302 3983 1434 4050 post
1469 3977 1717 4050 κωμικός
1742 3981 1973 4034 mirifiee
2012 3997 2233 4034 sensum
2266 3981 2587 4050 pervertens

283 4058 545 4116 exhibet:
593 4052 747 4121 ὅστις
792 4057 1064 4129 πρότερον
1103 4055 1356 4130 Σύβαρις
1393 4057 1675 4129 ἐκαλεῖτο,
1718 4061 1889 4115 verba
1924 4058 2270 4128 interpolata
2317 4077 2384 4113 ex
2430 4059 2587 4113 libris

284 4138 525 4206 Suidae,
591 4138 794 4207 quibus
847 4141 980 4208 post
1041 4156 1236 4195 vocem
1293 4137 1535 4209 Θούριος
1595 4141 1870 4210 leguntur.
1966 4140 2196 4194 Tractat
2249 4138 2506 4194 Meineke
2561 4140 2586 4193 I

280 4239 343 4289 p:
385 4223 490 4272 3⁷4
529 4235 642 4288 seq.
681 4212 805 4287 ἥτις
841 4236 976 4275 corr.
1016 4225 1132 4278 Bas.
1183 4215 1333 4285 ὅστις
1371 4226 1583 4274 ΔΒΕΠ
1631 4216 1695 4274 ἐκ
1740 4215 1955 4283 πόλεως
1994 4220 2277 4287 Θουρίων,
2314 4214 2437 4287 ἥτις
2464 4222 2586 4274 ten-

281 4297 440 4355 tavit
469 4299 680 4353 Mamer

438 4377 618 4432 XXIX
654 4377 804 4432 Eud.
842 4396 896 4448 p.
939 4386 1054 4435 102.
1119 4381 1280 4434 Hune
1329 4383 1557 4450 poetam
1603 4379 1882 4448 tragicum
1927 4396 2037 4434 non
2075 4377 2352 4434 diversum
2397 4394 2515 4432 esse
2553 4396 2588 4434 a
