3025 4892
545 224 674 287 234
1143 222 1150 229 ⁴
1465 221 1893 277 HESYCHIUS.

542 384 752 470 τέρων
807 386 925 471 τῆς
978 380 1260 471 ἀρχαίας
1314 387 1691 474 κωμῳδίας·
1748 382 2008 463 ἐδίδαξε
2067 385 2239 468 γοῦν
2284 379 2360 449 τὸ
2408 385 2664 469 πρῶτον
2706 381 2818 451 ἐπὶ

541 491 653 575 πς’
714 487 1141 578 ὀλυμπιάδος.
1234 489 1540 576 δράματα
1597 488 1673 557 δὲ
1728 486 1937 558 αὐτοῦ
1996 491 2132 557 ἐστι
2175 492 2409 557 ταῦτα·
2460 488 2820 576 Ἐφιάλτης,

544 596 839 682 Κόννος,
886 597 1186 683 Κρόνος,
1234 602 1629 683 Κωμασταί,
1678 595 2000 684 Σάτυροι,
2059 597 2409 687 Τραγῳδοὶ
2454 592 2496 683 ἢ
2537 594 2823 665 Ἀπελεύ-

542 712 763 789 θεροι,
800 702 1269 790 Μονότροπος,
1317 705 1619 789 Μοῦσαι,
1669 703 1971 790 Μύστης,
2019 701 2417 789 Ποάστριαι,
2460 702 2821 792 [Σάτυροι].

489 830 514 871 ⁶
720 810 1079 879 DGCGLX.
1168 809 1567 898 Φρύνιχος
1622 809 1929 890 Βιθυνὸς
1992 808 2334 907 σοφιστῆς.
2428 808 2822 897 Ἀττικιστὴν

541 912 582 1004 ἢ
629 918 779 1004 περὶ
819 914 1128 985 Ἀττικῶν
1177 914 1531 1003 ὀνομάτων
1578 921 1807 1003 βιβλία
1854 916 1946 1003 β’,
1992 917 2369 1004 τιθεμένων
2410 916 2824 1004 συναγωγήν,

543 1027 933 1110 σοφιστικῆς
976 1028 1399 1111 παρασκευῆς
1445 1027 1676 1110 βιβλία
1721 1022 1851 1111 μζ,
1901 1026 1971 1092 oc
2014 1023 2088 1093 δὲ
2137 1022 2264 1093 οδ’.

719 1131 1112 1200 DCCCLXI.
1191 1132 1660 1220 Φρύνιχος
1716 1134 2051 1199 Μελανθᾶ
2100 1127 2457 1217 Ἀθηναῖος
2509 1131 2826 1218 τραγικός.

545 1243 681 1307 ἔστι
721 1236 796 1306 δὲ
831 1241 967 1307 τῶν
1007 1237 1367 1328 δραμάτων
1405 1234 1617 1306 αὐτοῦ
1654 1238 1764 1306 καὶ
1800 1239 1984 1307 τάδε·
2024 1230 2459 1327 Ἀνδρομέδα,
2500 1235 2825 1327 Ἠριγόνη.

469 1364 520 1405 1⁰
545 1343 842 1435 Ιέποίησε
887 1347 997 1414 καὶ
1043 1343 1419 1435 πυρρίχαςΙ.

721 1448 850 1535 [ὅτι
887 1450 1232 1539 Φρύνιχον
1257 1449 1606 1538 Ἀθηναῖοι
1644 1456 1886 1539 χιλίαις
1924 1453 2294 1539 ἐζημίωσαν
2332 1448 2585 1521 ἅλωσιν
2614 1457 2827 1537 Μιλη-

487 1552 711 1625 ’σίων
753 1560 1321 1649 τραγωδήσαντα.]

717 1666 1143 1734 DCCCLXJI.
1232 1650 1649 1751 Φύλαρχος
1708 1662 2066 1752 Ἀθηναῖος
2120 1661 2161 1752 ἢ
2210 1672 2696 1754 Ναυκρατίτης,
2763 1670 2833 1734 οἱ

543 1773 618 1841 δὲ
665 1772 1082 1858 Σικυώνιον,
1129 1770 1320 1841 ἄλλοι
1369 1771 1444 1840 δὲ
1481 1770 1855 1858 Αίγύπτιον
1902 1776 2233 1860 ἔγραψαν,
2290 1771 2634 1860 ἱστορικός.
2705 1771 2830 1860 τὴν

465 1897 516 1939 1⁶
545 1878 650 1948 ἐπὶ
697 1877 1227 1965 Πελοπόννησον
1274 1876 1561 1967 Πύρρου
1609 1881 1732 1945 τοῦ
1764 1875 2174 1964 Ἠπειρώτου
2218 1884 2569 1965 στρατείαν
2615 1880 2685 1947 ἐν
2733 1886 2833 1966 βι-

543 1990 756 2072 βλίοις
809 1984 920 2071 κη’
970 1984 1264 2073 (κατάγει
1313 1984 1388 2052 δὲ
1431 1983 1545 2052 καὶ
1591 1985 1780 2072 μέχρι
1822 1989 2246 2071 Πτολεμαίου
2290 1990 2411 2054 τοῦ
2457 1984 2834 2073 Εὐεργέτου

540 2093 908 2180 κληθέντος
949 2092 1062 2161 καὶ
1108 2096 1223 2181 τῆς
1261 2098 1620 2180 Βερενίκης
1664 2095 1991 2179 τελευτῆς,
2038 2092 2150 2159 καὶ
2199 2094 2319 2171 ἕως
2362 2096 2488 2161 τοῦ
2526 2093 2835 2162 θανάτου

543 2198 961 2286 Κλεωνύμου
1005 2202 1128 2269 τοῦ
1167 2203 1741 2286 Λακεδαιμονίου,
1800 2197 2430 2285 ἐπιστρατεύσαντος
2476 2198 2652 2292 αὐτῷ
2694 2197 2836 2268 ’Λν-

539 2305 846 2393 τιγόνου,
902 2305 980 2374 τὰ
1037 2306 1199 2375 κατὰ
1261 2304 1605 2392 ’Λντίοχον
1656 2304 1767 2372 καὶ
1826 2303 1947 2373 τὸν
2007 2304 2461 2394 Περγαμηνὸν
2514 2303 2841 2395 Εὐμένη),

465 2433 518 2473 2⁰
547 2411 863 2501 ἐπιτομὴν
902 2413 1221 2502 μυθικήν,
1267 2413 1418 2502 περὶ
1464 2415 1580 2499 τῆς
1616 2415 1739 2480 τοῦ
1779 2409 1949 2492 Διὸς
1995 2414 2404 2499 ἐπιφανείας,
2450 2414 2597 2503 περὶ
2642 2411 2839 2502 εὑρη-

541 2519 800 2607 μάτων,
848 2518 1321 2607 παρεκβάσεων
1368 2522 1597 2606 βιβλία
1642 2517 1743 2587 θ’.

685 2696 716 2743 2
755 2684 849 2755 «κζ’
891 2706 1031 2744 corr.
1064 2670 1288 2743 Glihton
1313 2707 1367 2758 p.
1391 2694 1457 2743 63
1485 2688 1579 2741 Kr.
1611 2688 1738 2763 eoll.
1770 2707 1822 2744 v.
1848 2684 2227 2760 Ἀριστομένης
2253 2691 2531 2759 probante
2560 2691 2843 2747 Meinekio

542 2775 577 2822 4
613 2765 845 2822 Μύσται
882 2768 1090 2823 Suidas
1137 2771 1195 2824 et
1234 2769 1391 2824 Phot.
1441 2787 1490 2821 v.
1529 2765 1820 2834 τευτάζειν
1981 2771 2297 2839 Ποαστρίαι
2339 2787 2472 2839 pars
2517 2769 2644 2824 libr.
2682 2770 2842 2825 Eud.

542 2845 890 2919 Προάστριαι
931 2849 1204 2904 Westerm.
1243 2851 1420 2919 (error
1454 2848 1739 2919 typogr.?)
1776 2844 2029 2918 Σάτυροι
2066 2847 2173 2903 hic.
2212 2865 2320 2903 om.
2351 2850 2530 2916 Eud.;
2570 2850 2717 2905 male
2752 2868 2839 2905 re-

541 2927 782 2997 petitum
823 2945 944 2984 esse
979 2928 1127 2985 vidit
1156 2930 1423 2995 Meineke‚
1461 2927 1716 2981 ordinem
1742 2927 1990 2983 restituit
2015 2927 2381 2998 Waehsmuth,
2420 2929 2608 2999 Symb.
2646 2948 2699 2999 p.
2734 2937 2835 2984 151

684 3007 970 3063 DCCCLX
1006 3011 1160 3065 Eud.
1198 3029 1252 3080 p.
1284 3015 1385 3065 717
1534 3014 1565 3061 5
1600 3001 1927 3078 Ἀττικιστής
1964 3040 2028 3049 —-
2069 3011 2128 3064 et
2170 3009 2318 3064 infra
2364 3004 2665 3079 συναγωγή
2710 3024 2841 3063 cum

543 3089 655 3143 det.
696 3089 846 3143 Suid.
891 3090 1017 3145 libr.
1055 3090 1390 3161 Bernhardy
1431 3082 1765 3156 Ἀττικιστὴν
1804 3120 1869 3129 -
1910 3086 2243 3159 συναγωγήν
2290 3090 2565 3145 Westem.
2620 3087 2839 3159 ἔγραψε

544 3169 674 3236 περὶ
707 3163 959 3223 Ἀττικῶν
997 3187 1105 3224 om.
1139 3165 1324 3224 Ἅττικ.
1363 3164 1398 3237 ἢ
1437 3169 1587 3223 Eud.
1628 3183 1771 3236 quae
1811 3184 1853 3223 s,
1891 3168 1983 3223 fin.
2022 3186 2131 3225 om.
2170 3165 2264 3239 μζ’
2305 3167 2365 3223 οἱ
2397 3168 2462 3224 δὲ

685 3245 999 3301 DCCCLXI
1034 3249 1186 3303 Eud.
1233 3267 1288 3317 p.
1329 3254 1449 3303 726.
1525 3247 1606 3303 Cf.
1637 3246 1926 3317 Weleker,
1971 3248 2060 3305 Gr.
2100 3248 2265 3319 Trag.
2314 3268 2367 3318 p.
2412 3255 2493 3303 19.
2580 3248 2733 3303 Haeo
2782 3250 2845 3303 in

545 3326 718 3382 schol.
745 3327 836 3380 Ar.
856 3326 1028 3398 Vesp.
1059 3334 1192 3384 1481
1223 3327 1420 3383 intulit
1446 3328 1718 3382 MusuruS.
1777 3328 1861 3381 Ex
1897 3343 2007 3381 uno
2036 3330 2207 3397 poeta.
2232 3328 2446 3399 tragico
2486 3328 2624 3384 duos
2660 3328 2844 3385 factos

549 3423 670 3461 esse
697 3408 917 3462 monuit
938 3409 1181 3464 Weleker
1253 3415 1284 3462 9
1313 3408 1402 3462 his
1431 3408 1649 3462 duabus
1675 3406 2040 3471 novenarium
2068 3409 2488 3478 tragoediarum
2507 3408 2710 3478 Phr-yn.
2738 3428 2843 3463 nu-

545 3503 763 3541 merum
801 3505 970 3558 supra.
1004 3488 1313 3544 indicatum
1343 3488 1614 3557 compleri
1640 3488 1901 3543 observat
1928 3488 2249 3543 Gutschmid
2368 3494 2434 3543 10
2462 3493 2728 3559 πυρρίχαι
2768 3491 2843 3543 ad

543 3566 873 3623 histrionem
911 3571 1163 3639 spectare
1203 3569 1520 3635 ereduntur,
1559 3568 1629 3622 de
1666 3567 1866 3635 quibus
1896 3568 1964 3622 ef.
1995 3568 2210 3625 Aelian.
2240 3570 2305 3637 Y.
2336 3568 2477 3625 Hist.
2507 3569 2605 3639 ΙΙΙ,
2634 3576 2667 3625 8

549 3651 610 3700 11
644 3646 712 3701 de
742 3647 1128 3704 additamento
1159 3646 1275 3703 dixi
1302 3646 1444 3702 Mus,
1474 3647 1650 3701 Rhen.
1684 3646 1889 3704 XXXV
1916 3667 1969 3717 p.
2000 3655 2120 3704 224.
2158 3644 2443 3718 Ἀθηναῖοι
2471 3654 2517 3701 Δ
2547 3665 2687 3707 corr.
2716 3650 2844 3704 Ka·

543 3732 717 3783 stem-s
754 3730 811 3782 et
849 3730 1152 3797 Muswmm
1191 3728 1487 3799 legebatur
1526 3727 1743 3797 Πέρσαι
1797 3726 1802 3735 ’

686 3808 1026 3865 DCCCLXII
1061 3810 1211 3865 Eud.
1241 3828 1295 3880 p.
1328 3814 1446 3864 714.
1485 3808 1756 3863 Tractant
1783 3807 2009 3864 Clinton
2035 3808 2113 3863 III
2139 3827 2194 3879 p.
2225 3815 2289 3863 41
2323 3808 2382 3865 et
2410 3815 2539 3875 5193
2580 3809 2788 3864 Mfiller
2816 3813 2843 3864 I

543 3909 597 3959 p.
627 3889 910 3957 LXXV113
949 3891 1136 3959 Daub,
1176 3889 1330 3944 stud.
1369 3907 1422 3959 p.
1454 3895 1523 3943 27
1684 3894 1750 3943 14
1796 3883 1954 3943 ἄλλοι
1992 3906 2103 3959 seq.
2143 3888 2348 3944 iniuria.
2392 3889 2632 3945 removit
2667 3890 2842 3945 Dauo

543 3964 878 4040 ἀνέγραψαν
915 3968 1136 4025 mavult
1161 3969 1497 4039 Bernhardy
1608 3972 1673 4022 15
1702 3964 1972 4036 στρατιὰν
1998 3973 2149 4021 BVE
2178 3973 2295 4024 md.
2326 3969 2478 4024 Eud.
2572 3975 2636 4024 16
2669 3968 2843 4024 κατά-

544 4068 698 4118 γειον
727 4055 772 4103 V
808 4046 1044 4119 κατάγει
1073 4081 1138 4088 -
1170 4044 1402 4118 Εὐμένη
1442 4048 1632 4103 omnia
1659 4048 1733 4103 ad
1759 4047 2025 4103 historias
2054 4047 2357 4117 Phylarehi
2392 4050 2665 4118 spectare,
2704 4068 2844 4118 quas

544 4146 711 4199 supra
745 4125 849 4199 τὴν
890 4162 954 4170 -
993 4131 1291 4200 στρατείαν
1328 4160 1397 4169 -
1433 4125 1529 4197 κη’
1572 4128 1800 4197 dixerit,
1838 4129 2137 4199 probabile
2173 4131 2260 4185 est
2397 4136 2461 4185 18
2499 4146 2613 4198 seq.
2652 4132 2845 4185 errata

427 4254 434 4259 .
545 4209 815 4279 Hesychii
851 4227 882 4265 e
919 4210 1191 4266 memoria
1226 4208 1452 4265 citantis
1481 4226 1604 4264 esse
1631 4210 1850 4266 monuit
1876 4210 2197 4265 Gutschmid
2310 4206 2657 4279 Κλεωνύμου
2694 4212 2844 4281 υμῖρ.

547 4289 698 4343 Eud.
736 4290 1092 4360 Κλεομένους
1128 4290 1268 4346 coni.
1299 4289 1523 4345 Vossius
1668 4296 1737 4345 20
1786 4285 1899 4344 άπὸ
1939 4290 2039 4359 τῆς
2072 4290 2375 4356 Βντῐοῖιηθν,
2412 4288 2573 4358 Phyl.
2613 4287 2681 4345 fr.
2722 4308 2775 4358 p.
2811 4298 2844 4345 8

547 4368 678 4439 post
725 4367 978 4439 μυθικήν
1027 4371 1179 4425 reete
1229 4369 1600 4425 distinxerunt
1642 4371 1975 4443 Bernhardy
2021 4369 2094 4428 al.
2141 4370 2341 4443 interp.
2389 4386 2498 4424 om.
2552 4368 2843 4440 Gaisford,
