3025 4892
1175 222 1602 280 HESYOHms.
2444 221 2476 284 1
2488 219 2525 282 7

215 386 638 450 Παναιτίου.
727 385 1019 471 (ἔγραψε
1072 386 1427 472 κωμῳδίας
1471 382 1563 464 λ’,
1610 385 1681 450 os
1723 381 1798 450 δὲ
1842 381 2313 467 πεντήκοντα.)
2392 385 2527 447 ἔστι

218 487 312 556 δὲ
359 489 475 556 καὶ
525 491 748 576 ἕτερος
783 487 1206 576 Ἀντιφάνης,
1249 488 1635 576 Καρύστιος
1682 487 1994 574 κωμικός,
2039 486 2203 556 κατὰ
2242 487 2529 574 Θέογνιν

207 594 548 682 γεγονὼς·
577 609 719 676 τοῖς
761 595 1051 683 χρόνοις.

415 704 649 770 LXIII.
714 700 1188 790 Ἀντιφάνης
1233 701 1728 790 Δημοφάνους,
1788 705 1859 770 οί
1900 701 1976 770 δὲ
2022 699 2384 788 Στεφάνου
2419 703 2530 768 καὶ

218 807 492 898 μητρὸς
548 809 825 896 Οἰνόης,
888 808 1178 895 Κιανός,
1245 805 1334 888 ῶς
1391 810 1471 877 δέ
1521 835 1697 888 τινες
1752 815 2171 896 Σμυρναῖος,
2232 805 2399 876 κατὰ
2456 809 2531 878 δὲ
2558 826 2584 868 ⁶

217 917 620 986 Διονύσιον
657 913 947 1002 Ῥόδιος,
1001 913 1290 1002 κωμικὸς
1347 919 1464 1001 τῆς
1508 918 1714 1002 μέσης
1756 918 2138 1006 κωμῳδίας,
2194 912 2325 984 ἀπὸ
2376 914 2531 984 ‹5015-

217 1032 408 1110 λων,
473 1022 566 1104 ῶς
628 1050 820 1104 τινες.
920 1024 1154 1110 γέγονε
1221 1022 1298 1092 δὲ
1358 1021 1525 1091 κατὰ
1593 1020 1717 1109 τὴν
1781 1021 1888 1108 ον’
1944 1020 2358 1110 ὀλυμπιάδα,
2420 1024 2531 1090 καὶ

219 1136 486 1218 ἔγραψε
549 1134 904 1222 κωμῳδίας
948 1129 1108 1214 τξε’,
1166 1133 1236 1199 οἰ
1278 1128 1353 1198 δὲ
1401 1129 1539 1214 σπ’,
1594 1133 1785 1209 νίκας
1831 1129 1908 1197 δὲ
1942 1124 2075 1198 εἷλε
2122 1127 2235 1216 ιγ’.
2324 1129 2533 1198 παῖδά

217 1264 300 1306 τε
350 1243 500 1325 ἔσχε
547 1239 937 1324 Στέφανον,
997 1237 1107 1305 καὶ
1153 1233 1366 1306 αὐτὸν
1413 1235 1731 1323 κωμικόν.
1820 1240 2091 1324 τελευτᾷ
2140 1235 2217 1304 δὲ
2263 1238 2337 1304 ἐν
2384 1241 2531 1326 Κίφ

223 1348 318 1413 οδ
328 1345 344 1367 ’
395 1347 562 1414 ἐτῶν
609 1342 951 1434 ὑπάρχων,
997 1343 1162 1413 κατά
1209 1371 1362 1412 τινα
1407 1343 1617 1430 τύχην
1662 1339 1839 1435 ἀπίῳ
1883 1347 2176 1430 βληθείς.
2554 1358 2609 1400 1⁰

412 1454 643 1520 LXIV.
701 1451 1096 1538 Ἀντιφῶν
1131 1449 1492 1538 Ἀθηναῖος
1535 1449 2021 1540 τερατοσκόπος
2064 1451 2175 1518 καὶ
2220 1451 2539 1532 ἐποποιὸς

219 1560 342 1626 καὶ
397 1557 742 1646 σοφιστής,
791 1561 1082 1628 ἐκαλεῖτο
1129 1557 1206 1626 δὲ
1252 1557 1771 1647 Λογομᾶγειρος.

415 1667 612 1733 LXV.
686 1660 1070 1750 Ἀντιφῶν
1111 1662 1470 1750 Ἀθηναῖος
1516 1661 1988 1754 ὀνειροκρίτης.
2058 1666 2209 1752 περὶ
2255 1670 2535 1754 κρίσεως

225 1767 524 1856 ὀνείρων
571 1776 936 1857 [ἔγραψεν]

413 1879 642 1944 LXVI.
701 1874 1087 1963 Ἀντιφῶν
1123 1883 1438 1964 Σοφίλου
1466 1875 1847 1966 Ἀθηναῖος,
1893 1883 2029 1949 τῶν
2078 1878 2312 1966 δήμων
2340 1875 2529 1966 Ῥαμ-
2560 1893 2611 1934 1⁶

231 1983 534 2064 νούσιος.
636 1984 1039 2064 διδάσκαλος
1093 1985 1170 2054 δὲ
1223 1981 1436 2054 αὐτοῦ
1491 1981 1717 2065 οὐδεὶς
1769 1985 2325 2074 προγινώσκεται,
2382 1983 2525 2054 ἀλλ’

229 2089 417 2178 ὅμως
460 2083 617 2179 ἦρξε
661 2095 784 2162 τοῦ
821 2095 1174 2162 δικανικοῦ
1219 2096 1633 2180 χαρακτῆρος
1676 2091 1839 2180 μετὰ
1888 2099 2214 2183 Γοργίαν,
2274 2095 2531 2179 λέγεται

230 2198 314 2266 δὲ
348 2200 460 2267 καὶ
489 2202 920 2268 Θουκυδίδου
955 2199 1276 2286 γενέσθαι
1314 2199 1736 2282 διδάσκαλος.
1792 2203 2088 2269 ἐκαλεῖτο
2127 2201 2203 2271 δὲ
2232 2204 2530 2290 Νέστωρ.

416 2307 680 2376 LXVII.
733 2304 1165 2385 ’Ἄντυλλος
1207 2305 1430 2394 ῥήτωρ
1461 2361 1476 2376 .
1505 2361 1521 2376 .
1554 2360 1570 2377 .

231 2539 364 2577 cum
389 2523 540 2580 Eud.
570 2521 835 2577 exhibeat
853 2517 1196 2589 Καρύστιος,’
1211 2517 1462 2590 κωμικός
1485 2520 1698 2576 addens
1729 2517 1941 2591 ἔγραψε
1971 2523 2269 2595 κωμῳδίας
2288 2520 2360 2588 λ’,
2380 2519 2442 2576 οἰ
2462 2519 2529 2578 δὲ

231 2601 605 2672 πεντήκοντα,
643 2602 742 2658 sed
779 2598 1042 2671 τραγικός
1069 2619 1170 2672 pro
1200 2595 1402 2670 τρανός
1429 2601 1555 2655 libr.
1587 2601 1739 2657 Suid.
1778 2601 2021 2657 correxit
2053 2601 2104 2656 Τ
2102 2619 2226 2672 oup.
2266 2601 2529 2658 laudatus

235 2683 628 2754 Bernhardyo‚
672 2682 923 2750 Τρανοῦ,
961 2682 1026 2735 ut
1051 2679 1232 2751 patris
1269 2680 1344 2734 sit
1377 2695 1607 2748 nomen,
1643 2681 1943 2750 KasteruS,
1980 2681 2197 2751 τρανῶς
2222 2677 2362 2751 μετὰ
2393 2681 2529 2737 Gut-

231 2764 455 2820 schmid.
535 2763 614 2818 Cf.
653 2760 1001 2830 Volkmann,
1049 2761 1260 2826 Quaest
1294 2778 1420 2815 nov.
1457 2779 1513 2829 p.
1550 2758 1628 2814 IX
1660 2764 1781 2840 pot.
1814 2768 1898 2828 10,
1946 2762 2202 2817 Meineke
2242 2763 2269 2816 Ι
2310 2779 2364 2831 p.
2404 2769 2525 2818 340.

231 2843 462 2898 Rectius
501 2843 570 2896 de
609 2842 888 2898 erroribus
931 2840 1208 2896 iudicavit
1241 2840 1453 2909 Rome,
1491 2840 1633 2898 Mus.
1672 2841 1849 2897 Rhen.
1888 2841 2123 2896 XXXIV
2158 2861 2214 2912 p.
2252 2849 2383 2911 620,
2432 2844 2530 2913 qui

231 2922 516 2980 Eudoeiae
555 2923 797 2978 lectione
834 2925 1060 2978 servata.
1097 2919 1241 2978 κατὰ
1283 2920 1527 2990 Θέογνιν
1562 2939 1667 2992 pro
1704 2917 1847 2976 κατὰ
1880 2922 2095 2978 Θέσπιν
2132 2923 2373 2979 oon-exit
2401 2924 2527 2981 coll.

233 3002 388 3058 Suid.
427 3022 478 3059 v.
520 3001 757 3073 Θέογνις
793 3003 850 3073 (i.
890 3021 936 3060 e.
977 3004 1150 3073 poeta
1185 3002 1437 3072 tragico).
1516 3002 1851 3072 Bernhardy
1886 3004 2185 3071 putaverat
2220 3003 2529 3059 Eudociam

234 3084 349 3152 (vel
375 3083 702 3152 imperitum
725 3084 1014 3150 lectorem)
1043 3081 1317 3137 comicum
1346 3081 1587 3151 finxisse,
1615 3084 1680 3136 ut
1698 3083 2026 3138 memoriam
2046 3081 2379 3152 Apollodori
2406 3085 2529 3138 tum

233 3161 596 3216 Atheniensis
632 3163 754 3216 tum
785 3161 1027 3232 Carystii
1061 3164 1363 3217 revocaret.
1420 3162 1501 3216 cf.
1533 3161 1719 3229 Daub,
1758 3163 1829 3218 de
1857 3162 2002 3218 Viol.
2031 3181 2086 3233 p.
2118 3169 2151 3218 4
2178 3181 2313 3232 seq„
2350 3163 2528 3218 Puloh

231 3260 290 3312 p.
321 3246 386 3296 81
410 3257 522 3310 seq.
563 3240 824 3296 Ceterum
852 3240 921 3296 of.
950 3258 1002 3296 v.
1033 3243 1344 3306 Παναίτιος
1444 3248 1472 3295 1
1507 3239 1721 3313 ἔγραψε
1752 3259 1869 3312 neq.
1898 3248 2253 3300 accesserunt
2279 3261 2349 3298 ex
2375 3244 2527 3299 Eud.

375 3320 551 3375 LXIII
588 3322 738 3376 Eud.
779 3340 834 3391 p.
867 3327 984 3377 103.
1051 3319 1132 3376 Cf.
1172 3320 1431 3378 Meineke
1468 3325 1494 3378 Ι
1530 3341 1585 3393 p.
1616 3329 1723 3379 304
1856 3330 1891 3379 4
1929 3330 2157 3396 Δημοφ.
2190 3357 2255 3366 -
2284 3323 2351 3380 δέ
2379 3343 2531 3386 τινες

237 3406 296 3456 et
331 3395 446 3454 ἀπὸ
486 3397 704 3456 δούλων
734 3433 804 3442 -
833 3396 1156 3471 ὀλυμπιάδα
1193 3418 1302 3456 om.
1332 3402 1484 3458 Eud.
1643 3409 1675 3458 6
1714 3403 2041 3474 Dionysium
2077 3403 2529 3459 Halicarnassen-

235 3500 354 3538 sem
391 3497 510 3536 esse
550 3480 694 3536 vidit
721 3482 892 3536 Daub
994 3475 1205 3544 Ῥόδιος
1233 3513 1301 3522 -
1330 3484 1521 3552 τρίτην
1558 3500 1666 3540 οιιι.
1706 3490 1752 3539 A
1858 3480 1976 3540 ἀπὸ
2016 3484 2261 3540 δούλωνε
2303 3484 2529 3538 Wacke-

233 3563 411 3629 νικῶ,
449 3561 637 3629 Symb.
667 3580 722 3632 p.
757 3569 860 3617 140
1005 3567 1035 3616 7
1073 3558 1165 3631 oy'
1205 3562 1541 3634 Bernhardy

377 3641 552 3695 LXIV
593 3640 673 3696 Cf.
703 3639 998 3712 Menagius
1035 3641 1095 3696 in
1131 3641 1294 3713 Diog.
1323 3643 1394 3712 11,
1422 3651 1508 3700 46.
1547 3645 1674 3700 Non
1713 3644 1997 3701 diversum
2024 3646 2196 3702 fuisse
2233 3647 2307 3702 ab
2346 3647 2529 3703 oniro-

238 3722 432 3778 oritico
446 3763 462 3788 ,
499 3721 596 3792 qui
634 3722 898 3792 deinceps
934 3722 1204 3792 sequitur,
1243 3724 1510 3795 suspicati
1548 3727 1679 3780 sunt
1714 3725 1822 3780 viri
1859 3725 2012 3780 docti

375 3803 523 3856 LXV
560 3803 737 3858 vitam
775 3821 881 3858 om.
915 3803 991 3857 W
985 3809 1188 3862 esterm.
1326 3810 1393 3857 14
1432 3802 1685 3874 ἔγραψεν
1723 3804 1952 3860 lectoris
1990 3823 2158 3862 manu
2197 3807 2493 3862 addimm-

380 3881 558 3936 LXVI
593 3882 744 3937 Eud.
783 3900 835 3952 p.
871 3888 998 3950 100,
1035 3900 1179 3952 quae
1217 3883 1380 3954 plura
1415 3885 1545 3940 add.
1585 3902 1654 3940 ex
1688 3885 2015 3940 Philostrat.
2047 3886 2160 3942 vit.
2198 3886 2248 3954 Ι,
2291 3893 2355 3941 15

243 3968 309 4018 15
347 3963 600 4030 Σοφίλου
628 3966 844 4015 ABE!
871 3962 1024 4018 Eud.
1062 3966 1330 4032 Σωφιλου
1369 3964 1443 4019 al.
1553 3965 1667 4018 τῶν
1703 3961 1900 4036 δήμων
1928 3969 1974 4018 Δ
2010 3961 2111 4019 τὸν
2148 3966 2331 4036 δῆμον
2369 3967 2468 4023 rel.

243 4049 310 4098 18
346 4039 606 4114 μαθητής
643 4060 749 4098 seo.
773 4043 944 4100 Phot.
973 4043 1110 4100 bibl.
1137 4062 1194 4114 p.
1222 4049 1346 4111 486,
1384 4044 1483 4114 qui
1520 4045 1756 4101 fort-asse
1792 4045 2005 4100 fontem
2052 4062 2215 4100 suum
2259 4047 2409 4100 male
2444 4048 2527 4102 in-

237 4124 455 4179 tellexit
562 4121 908 4179 διδασκάλου
943 4120 1124 4194 λόγων
1163 4121 1475 4194 ᾆητορικῶν
1512 4128 1642 4195 post
1667 4129 1815 4194 Σοφ.
1853 4124 1982 4181 add.
2014 4126 2165 4183 Eud.
2232 4127 2315 4182 cf.
2346 4129 2527 4197 Daub,

243 4204 314 4258 de
348 4203 492 4260 Viol.
531 4223 586 4274 p.
622 4212 688 4260 10

377 4285 577 4340 LXVII
615 4302 722 4340 om.
759 4285 1031 4341 Westerm.
1089 4284 1170 4339 Cf.
1201 4285 1509 4342 Marcellin.
1540 4285 1639 4342 vit.
1669 4285 1844 4340 Thuc.
1872 4302 1927 4354 p.
1961 4291 2080 4354 190,
2112 4292 2214 4341 109
2248 4287 2525 4348 Westerm.

240 4364 410 4422 schol.
449 4366 622 4420 Thuc.
660 4365 765 4431 111,
805 4371 888 4420 95.
927 4363 1024 4432 IV,
1066 4370 1148 4431 19,
1187 4372 1254 4420 28

343 4466 621 4506 Haeremus
632 4493 644 4516 ‚
672 4464 740 4505 ed.
768 4465 928 4506 Flach.
2064 4463 2095 4510 2
