3025 4892
1097 232 1525 290 HESYCHIUS.
2324 232 2457 296 205

171 394 494 463 Φαίδωνά
562 400 684 481 [τε]
727 394 990 465 Ἠλεῖον
1042 397 1151 464 καὶ
1214 392 1425 464 αὐτὸν
1481 400 1665 463 ἰδίαν
1717 393 2139 481 συστήσαντα
2187 392 2459 481 σχολήν,

163 502 312 590 τὴν
342 500 682 591 Ἠλειακὴν
740 500 850 570 ἀπ’
904 499 1115 571 αὐτοῦ
1169 510 1539 590 κληθεῖσαν
1600 499 1911 589 (ὕστερον
1960 500 2033 567 δὲ
2078 496 2245 585 αὕτη
2288 496 2460 586 Ἐρε-

159 609 402 697 τριακὴ
474 609 758 697 ἐκλήθη,
836 610 1248 697 Μενεδήμου
1321 614 1414 689 εἰς
1481 606 1821 696 Ἐρέτριαν
1899 606 2316 688 διδάξαντος·
2392 607 2465 672 ἐκ

159 716 414 784 τούτου
468 717 542 785 δὲ
597 721 720 785 τοῦ
776 717 1189 785 διδασκάλου
1242 717 1352 785 καὶ
1411 713 1446 783 ὁ
1505 715 1805 803 Πύρρων
1861 714 2165 803 γέγονεν)
2185 735 2199 750 ·
2256 711 2457 780 Ἀντι-

165 826 450 910 σθένην,
499 820 574 903 ὃς
613 822 737 911 τὴν
775 821 1060 911 κυνικὴν
1097 821 1449 909 εἰσήγαγεν
1489 824 1774 909 αἵρεσιν·
1824 818 2201 906 Εὐκλείδην
2238 826 2463 905 Μεγα-
2496 844 2519 881 τ»

163 932 300 1017 ρέα
346 931 452 997 καὶ
508 926 718 999 αὐτὸν
778 934 960 998 ἰδίαν
1012 928 1521 1017 συστησάμενον
1568 930 1847 1015 σχολήν,
1902 924 2045 1014 ἥτις
2090 924 2201 995 ἀπ’
2252 922 2463 993 αὐτοῦ

161 1036 420 1123 ἐκλήθη
477 1037 864 1124 Μεγαρική,
929 1035 1058 1105 ἀπὸ
1129 1036 1203 1104 δὲ
1259 1033 1729 1122 Κλεινομάχου
1784 1038 1906 1103 τοῦ
1959 1036 2271 1122 μαθητοῦ
2330 1029 2464 1099 Εὐ·-

161 1146 440 1210 κλείδου
494 1143 746 1230 ἐκλήθη
805 1141 1208 1228 διαλεκτική·
1273 1144 1681 1228 Ξενοφῶντα
1736 1139 2075 1226 Γρύλλου,
2135 1143 2464 1225 Αἰσχίνην

163 1254 523 1317 Λυσανίου
569 1249 938 1335 Σφήττιον,
992 1251 1259 1335 Κέβητα
1306 1255 1629 1335 Θηβαῖον,
1676 1247 2048 1317 Γλαύκωνα
2079 1245 2465 1331 Ἀθηναῖον,

159 1352 504 1438 Βρύσωνα
559 1353 1056 1442 Ἡρακλεώτην,
1121 1351 1196 1435 ὃς
1256 1354 1382 1442 τὴν
1446 1353 1785 1443 ἐριστικὴν
1852 1350 2267 1438 διαλεκτικὴν
2334 1356 2464 1419 εἰσ·
2497 1382 2545 1420 ιο

159 1461 376 1546 ἤγαγε
424 1461 586 1548 μετὰ
633 1459 1010 1530 Εὐκλείδου
1056 1460 1331 1551 (ηὔξησε
1379 1462 1454 1530 δὲ
1503 1460 1993 1549 Κλεινόμαχος,
2040 1461 2151 1527 καὶ
2198 1463 2467 1528 πολλῶν

159 1562 264 1631 δι’
328 1565 532 1654 αὐτῆς
589 1568 934 1637 ἐλθόντων
989 1571 1220 1653 ἔληξεν
1274 1574 1367 1649 είς
1423 1567 1711 1655 Ζήνωνα
1772 1566 1893 1635 τὸν
1953 1570 2211 1635 Κιτιέα·
2270 1557 2467 1645 οὗτος

158 1670 298 1757 γὰρ
344 1669 460 1739 ἀπ’
513 1671 724 1741 αὐτοῦ
772 1672 1083 1762 Στωικὴν
1136 1677 1206 1743 ἐκ
1251 1679 1372 1743 τοῦ
1415 1674 1631 1743 τόπου
1675 1672 1797 1760 τὴν
1846 1672 2093 1759 σχολὴν
2138 1670 2465 1759 ὠνόμασε,

155 1778 465 1865 γεγονώς
527 1781 632 1848 ἐπὶ
693 1785 810 1868 τῆς
873 1780 1013 1868 ρκε’
1082 1779 1520 1869 ὀλυμπιάδος·
1592 1780 1768 1859 τινὲς
1833 1779 1906 1848 δὲ
1984 1779 2315 1867 Βρύσωνα
2383 1777 2465 1846 οὐ

163 1885 582 1975 Σωκράτους
634 1883 780 1954 ἀλλ’
841 1884 1216 1956 Εὐκλείδου
1270 1884 1607 1975 ἀκροατὴν
1663 1886 2027 1975 γράφουσι·
2092 1884 2335 1954 τούτου
2392 1884 2465 1952 δὲ
2498 1913 2547 1953 15

157 1994 282 2061 καὶ
350 1992 650 2081 Πύρρων
719 1990 1128 2079 ἠκροάσατο,
1195 1991 1324 2079 ἀφ’·
1386 1984 1589 2081 οὗπερ
1657 1996 1730 2061 os
1778 1992 2204 2081 Πυρρώνειοι
2266 2011 2468 2077 προσ-

158 2101 704 2188 αγορευόμενοι)·
739 2098 1195 2187 Ἀλκιβιάδην,
1240 2098 1736 2192 Κριτόβουλον,
1775 2099 2205 2189 Ξενομήδην,
2243 2095 2466 2167 Ἀπολ-

155 2207 480 2294 λόδωρον
522 2203 952 2293 Ἀθηναίους,
1010 2212 1103 2273 ἔτι
1155 2205 1229 2273 δὲ
1276 2212 1593 2291 Κρίτωνα
1654 2206 1763 2272 καὶ
1809 2212 2127 2292 Σίμωνα,
2186 2203 2467 2292 Εὐμάρη

163 2312 530 2398 Φλιάσιον,
573 2318 870 2399 Σιμμίαν
907 2318 1231 2405 Θηβαῖον,
1269 2318 1622 2399 Τερψίωνα
1667 2312 2075 2399 Μεγαρικόν,
2117 2308 2468 2397 [Εῧηνον],

159 2423 632 2507 Χαιρεφῶντα.
733 2420 844 2487 καὶ
899 2418 1254 2507 Θεόδωρος
1321 2418 1394 2487 δὲ
1460 2416 1495 2486 ὃ
1566 2420 1944 2505 ἐπικληθεὶς
1998 2417 2203 2497 ἄθεος
2256 2415 2468 2485 αὐτοῦ
2495 2448 2547 2485 20

165 2525 573 2613 διήκουσεν,
631 2522 1044 2613 ἀδιαφορίαν
1105 2524 1178 2593 δὲ
1236 2525 1533 2607 δοξάζων
1588 2528 1700 2593 καὶ
1748 2525 2163 2614 παραδιδοὺς
2207 2528 2467 2610 αἵρεσιν

159 2637 358 2701 ἰδίαν
409 2623 627 2721 εὗρεν,
673 2630 818 2719 ἥτις
845 2631 1256 2718 Θεοδώρειος
1294 2632 1565 2719 ἐκλήθη.
1620 2637 1827 2700 ταῦτα
1863 2632 2013 2720 περὶ
2047 2630 2467 2719 Σωκράτους.

351 2740 724 2807 DOOLVII.
791 2738 1224 2825 Σώπατρος
1273 2736 1600 2824 Ἀπαμεὺς
1655 2736 1977 2825 σοφιστὴς
2030 2740 2141 2806 καὶ
2196 2738 2469 2825 φιλόσο-
2578 2750 2591 2760 “

162 2874 324 2932 φος,
364 2844 671 2933 μαθητὴς
704 2844 1103 2932 Ἰαμβλίχου,
1147 2841 1228 2912 ὃν
1269 2842 1304 2912 ὁ
1347 2853 1612 2931 Καῖσαρ
1651 2852 2169 2926 Κωνσταντῖνος
2205 2842 2471 2913 ἀνεῖλεν

162 2956 267 3033 εἷς
316 2958 542 3020 πίστιν
587 2957 708 3020 τοῦ
755 2950 846 3038 μὴ
895 2954 1257 3037 ἑλληνίζειν
1303 2958 1398 3019 ἔτι
1444 2951 1524 3018 τὰ
1567 2950 1731 3018 κατὰ
1770 2958 2165 3038 θρησκείαν·
2214 2944 2301 3037 ἦν
2338 2951 2466 3038 γὰρ
2496 2979 2547 3016 25

161 3056 354 3149 αὐτῷ
433 3058 739 3145 συνήθης
800 3057 1146 3146 πρότερον.
1257 3064 1502 3146 ἔγραψε
1566 3059 1715 3145 περὶ
1780 3064 2099 3146 προνοίας
2162 3061 2272 3125 καὶ
2334 3060 2469 3127 τῶν

168 3163 362 3252 παρὰ
411 3162 536 3250 τὴν
582 3162 778 3245 ἀξιάν
823 3162 1344 3249 εὐπραγούντων
1390 3160 1430 3249 ἢ
1480 3164 2071 3251 δυσπραγούντων.

357 3270 764 3337 DCCLVIII.
847 3270 1287 3356 Σώπατρος
1335 3267 1657 3357 Ἀπαμεὺς
1712 3272 2061 3357 σοφιστής,
2117 3268 2159 3358 ἢ
2216 3275 2471 3358 μᾶλλον

162 3375 664 3463 Ἀλεξανδρεύς.
740 3374 1053 3462 ἐπιτομὰς
1095 3382 1440 3443 πλείστων.
1525 3376 1699 3455 τινὲς
1746 3376 1819 3443 δὲ
1864 3378 1975 3444 καὶ
2020 3377 2144 3463 τὴν
2191 3376 2473 3463 ἐκλογὴν

166 3489 316 3552 τῶν
366 3486 680 3568 ἱστοριῶν
727 3481 976 3551 τούτου
1023 3480 1202 3550 εἷναί
1241 3501 1424 3567 φασι.
2498 3512 2548 3548 30

355 3590 693 3658 DGOLIX.
778 3586 1206 3675 Σώπατρος
1261 3587 1565 3675 κωμικός.
1656 3592 1793 3656 τῶν
1853 3588 2212 3675 δραμάτων
2259 3586 2469 3655 αὐτοῦ

325 3756 352 3803 1
392 3768 451 3803 τε
491 3764 600 3806 om.
631 3754 677 3803 A
784 3754 818 3802 4
855 3749 1254 3802 διδασκαλείου
1291 3748 1538 3818 praefert
1575 3748 1849 3803 Westerm.
1961 3755 1993 3803 9
2023 3750 2313 3801 Λυσανίαν
2340 3745 2473 3799 libri

169 3848 316 3885 corr.
347 3828 713 3884 Hemsterhus.
864 3833 928 3881 18
968 3822 1205 3897 Εὐμαρῆ
1234 3829 1377 3897 vuly.
1419 3845 1557 3882 corr.
1587 3828 1792 3883 Bernh.
1943 3834 2008 3882 19
2047 3824 2337 3880 Φιλιάσιον
2363 3830 2409 3877 V

170 3906 413 3978 Εὔηνον
451 3925 559 3965 om.
600 3914 755 3963 ABV
793 3908 900 3962 del.
931 3908 1263 3977 Bernhardy

322 3989 617 4045 DCCLVII
647 4006 755 4045 om.
777 3988 1051 4061 Westverm.
1081 3988 1232 4042 Eud.
1250 4006 1302 4056 p.
1321 3992 1440 4041 641.
1471 3985 1552 4039 Cf.
1575 3986 1789 4057 Eunap.
1811 3986 1985 4055 lp.21
2000 4004 2111 4053 seq.
2135 3982 2394 4039 Valesius
2414 3981 2471 4035 in

173 4073 400 4127 Sozom.
425 4070 569 4124 Hisiz.
597 4070 731 4124 ecel.
752 4068 794 4137 I,
817 4074 850 4122 5
941 4072 1009 4121 24
1028 4064 1152 4129 υἴός
1169 4083 1271 4136 pro
1291 4070 1428 4136 μαθ.
1449 4072 1492 4119 Ε
1580 4072 1647 4121 26
1668 4063 1736 4121 τὰ
1760 4067 1884 4121 add.
1905 4071 2006 4120 AV
2027 4084 2133 4121 om.
2154 4066 2298 4134 vuly.
2319 4065 2470 4118 Eud.

322 4148 643 4205 DCCLVHI
680 4149 832 4203 Eud.
871 4148 909 4202 1.
945 4164 991 4203 ο.
1139 4153 1206 4201 28
1245 4140 1280 4215 ἢ
1321 4179 1386 4186 -
1421 4142 1579 4213 meg.
1619 4166 1725 4202 om.
1760 4146 1909 4201 Eud.
2053 4152 2121 4200 29
2162 4140 2399 4213 ἐκλογὴν
2428 4149 2472 4195 v

51 4202 68 4212 ⁸
177 4248 321 4286 corr.
353 4230 628 4284 Kusterus
657 4224 918 4297 ἐκλογίαν
949 4229 1094 4297 vuly.
1125 4228 1278 4282 Eud.
1309 4222 1577 4296 ἐκλογιῶν
1606 4232 1647 4279 Β
1676 4244 1823 4281 man.
1854 4225 1895 4279 I.
1940 4224 2198 4279 Ceterum
2228 4224 2298 4278 de
2329 4225 2473 4279 eclo-

119 4377 129 4385 ,
175 4314 265 4383 gis
304 4309 425 4379 agi,
465 4326 606 4379 quae
645 4306 988 4377 decerpserit
1025 4307 1256 4362 Photius
1295 4306 1428 4361 bibl.
1469 4325 1524 4375 p.
1559 4314 1656 4361 103
1688 4325 1821 4376 seq„
1859 4305 2003 4359 vidit
2038 4305 2314 4359 Kusterus

325 4387 590 4443 DCCLIX
627 4388 778 4443 Eud.
817 4406 871 4458 p.
905 4392 1024 4441 645.
1098 4385 1182 4439 De
1221 4387 1340 4441 vita
1377 4385 1498 4455 egit
1535 4387 1727 4455 Daub,
1760 4388 1830 4440 de
1869 4385 2021 4441 Suid.
2062 4403 2116 4455 p.
2147 4390 2253 4440 484
