3025 4892
1157 216 1587 273 HESYCHIUS.
2389 220 2511 285 197

219 374 520 463 χρόνοις,
568 371 642 456 ὃς
689 375 1021 463 ἐπεκλήθη
1072 378 1482 465 Μελικέρτης
1528 376 1639 445 διὰ
1685 377 1761 447 τὸ
1806 375 1956 467 ἡδύ.
2028 379 2139 447 καὶ
2184 379 2309 467 τὴν
2348 407 2511 467 μνη-
2614 456 2635 473 ,

223 480 508 569 μονικὴν
565 481 640 549 δὲ
685 484 924 569 τέχνην
970 475 1168 571 εὗρεν
1227 474 1439 563 οὗτος.
1530 486 1927 571 προσεξεῦρε
1981 484 2055 553 δὲ
2111 486 2221 553 καὶ
2265 485 2347 553 τὰ
2392 514 2511 573 μα-

216 589 360 677 κρὰ
423 592 555 658 τῶν
634 595 988 677 στοιχείων
1053 590 1164 658 καὶ
1234 593 1466 676 διπλᾶ,
1537 591 1649 657 καὶ
1712 594 1791 679 τῇ
1858 590 2029 679 λύρᾳ
2090 590 2214 659 τὸν
2284 598 2510 681 τρίτον

218 696 554 783 φθόγγον.
645 698 880 782 γέγονε
937 695 1001 764 δ’
1064 697 1169 765 ἐπὶ
1215 700 1332 783 τῆς
1375 694 1484 775 νς’
1534 694 1945 783 ὀλυμπιάδος
1990 697 2089 784 (οἱ
2131 696 2205 765 δὲ
2253 698 2357 766 ἐπὶ
2394 702 2511 785 τῆς

215 802 332 887 ξβ’
377 802 802 893 γεγράφασι),
854 804 965 871 καὶ
1009 804 1350 892 παρέτεινε
1396 804 1587 891 μέχρι
1630 806 1747 890 τῆς
1793 803 1925 890 οη’,
1971 802 2163 890 βιοὺς
2208 810 2317 893 ἔτη
2364 804 2508 874 πθ’.
2536 826 2562 867 ⁵

213 911 334 977 καὶ
388 911 741 999 γέγραπται
797 908 976 1000 αὐτῷ
1025 914 1286 997 Δωρίδι
1335 912 1657 1001 διαλέκτῳ
1702 907 1744 997 ἡ
1794 908 2168 997 Καμβύσου
2211 911 2321 979 καὶ
2368 900 2508 981 Δά-

213 1020 412 1102 ρείου
460 1022 792 1103 βασιλεία,
846 1017 956 1084 καὶ
1009 1018 1263 1102 Ξέρξου
1318 1021 1656 1104 ναυμαχία
1710 1017 1821 1084 καὶ
1877 1014 1919 1102 ἡ
1978 1013 2078 1085 ἐπ’
2124 1014 2507 1109 Ἀρτεμισίῳ

213 1129 552 1210 ναυμαχία
613 1128 918 1211 μελικῶς,
966 1119 1008 1210 ἡ
1059 1118 1121 1190 δ’
1183 1124 1256 1190 ἐν
1304 1129 1645 1208 Σαλαμῖνι
1699 1120 1789 1189 δι’
1852 1123 2169 1209 ἐλεγείας,
2233 1126 2507 1211 θρῆνοι,

213 1229 533 1318 ἐγκώμια,
580 1229 1068 1317 ἐπιγράμματα,
1115 1232 1388 1307 παιᾶνες
1437 1229 1575 1313 [καὶ
1620 1233 2011 1319 τραγῳδίαι]
2059 1229 2168 1297 καὶ
2214 1227 2397 1297 ἄλλα.

394 1355 866 1422 DCOXXXIII.
909 1357 1369 1439 Σιμωνίδης
1397 1359 1621 1437 Κεῖος,
1647 1356 2103 1441 θυγατριδοῦς
2130 1353 2293 1420 κατά
2312 1380 2503 1434 τινας
2534 1378 2585 1417 ιο

206 1465 336 1528 τοῦ
378 1462 735 1549 προτέρου,
775 1457 849 1540 ὃς
895 1460 1228 1547 ἐπεκλήθη
1266 1460 1696 1546 Μελικέρτης.
1786 1460 2021 1546 γέγονε
2071 1459 2145 1528 δὲ
2190 1458 2320 1546 πρὸ
2370 1463 2505 1527 τῶν

206 1571 868 1655 Πελοποννησιακῶν
931 1568 1040 1636 καὶ
1096 1569 1388 1656 γέγραφε
1457 1572 1893 1654 γενεαλογίαν
1948 1570 2022 1636 ἐν
2079 1572 2369 1654 βιβλίοις
2411 1566 2503 1654 γ’,

210 1670 553 1763 εὑρήματα
603 1676 676 1742 ἐν
721 1679 1011 1760 βιβλίοις
1055 1671 1166 1758 γ’.,

385 1799 855 1867 DCOXXXIV.
911 1799 1370 1884 Σιμωνίδης
1444 1794 1735 1883 Μάγνης
1780 1794 1907 1864 ἀπὸ
1956 1796 2296 1883 Σιπύλου,
2356 1798 2501 1865 ἐπο-

201 1906 432 1991 ποιός,
496 1907 776 1992 γέγονεν
842 1904 948 1973 ἐπὶ
1008 1901 1351 1989 Ἀντιόχου
1413 1906 1537 1971 τοῦ
1601 1902 1897 1990 μεγάλου
1958 1906 2324 1991 κληθέντος
2388 1905 2499 1972 καὶ
2529 1926 2581 1967 15

200 2012 498 2101 γέγραφε
527 2008 642 2091 τὰς
672 2008 1018 2098 Ἀντιόχου
1055 2013 1204 2093 [τοῦ
1241 2008 1560 2096 μεγάλου]
1590 2009 1857 2097 πράξεις
1884 2013 1995 2078 καὶ
2023 2010 2147 2099 τὴν
2177 2011 2342 2100 πρὸς
2372 2017 2499 2079 Γα-

200 2117 408 2198 λάτας
471 2117 718 2205 μάχην,
783 2115 892 2185 ὅτε
955 2113 1114 2203 μετὰ
1177 2120 1313 2186 τῶν
1369 2115 1755 2202 ἐλεφάντων
1820 2115 1945 2203 τὴν
2010 2122 2217 2187 ἵππον
2278 2118 2503 2187 αὐτῶν

204 2228 548 2310 ἔφθειρεν.

355 2430 380 2476 1
424 2420 520 2476 διὰ
555 2426 616 2476 τό
649 2452 714 2461 -
747 2418 844 2488 ἔτη
872 2416 983 2473 πθ’
1016 2436 1122 2473 om.
1153 2419 1303 2473 Eud.
1415 2424 1446 2472 2
1485 2416 1550 2473 δὲ
1584 2418 1797 2473 delevit
1822 2420 1993 2475 Daub
2103 2428 2136 2474 4
2173 2419 2369 2490 γέγονε
2410 2422 2503 2476 hio

200 2502 523 2573 significare
553 2503 751 2570 „uatus
778 2500 898 2555 esfl‘
928 2496 1124 2552 docuit
1140 2497 1345 2566 Rohde,
1364 2497 1505 2553 Mus.
1529 2499 1703 2552 Rhon.
1726 2498 1960 2553 XXXIII
1982 2519 2033 2569 p.
2051 2506 2147 2554 187
2172 2500 2295 2555 coll.
2316 2499 2383 2553 fr.
2400 2506 2498 2556 147

199 2583 433 2652 Bergk„
471 2582 568 2651 qui
605 2583 665 2636 et
691 2578 772 2635 ὄλ.
811 2575 903 2651 ξβ’
935 2579 1007 2633 ad
1046 2574 1235 2647 άκμὴν
1271 2582 1474 2647 poetae
1504 2580 1759 2649 speoizare
1798 2578 1940 2634 vidit
2047 2586 2079 2635 6
2116 2574 2151 2649 ἡ
2191 2576 2499 2650 Καμβύσου

202 2693 267 2702 -
315 2664 574 2737 βασιλεία
610 2663 668 2716 in
706 2658 1080 2729 suspicionem
1117 2661 1460 2714 vocaverunt
1494 2659 1829 2729 Bernhardy
1866 2661 1924 2714 et
1958 2660 2164 2728 Bergk,
2201 2660 2354 2713 Poet.
2393 2661 2497 2729 lyr.

197 2760 252 2811 p.
299 2748 468 2810 1145,
533 2740 664 2797 olim
713 2741 782 2795 do
838 2740 1025 2795 aelate
1080 2739 1292 2793 dictum
1347 2738 1519 2793 fuisso
1578 2738 1713 2807 rati,
1770 2755 1881 2807 qua.
1925 2739 2129 2795 vixerii:
2174 2737 2498 2809 simonidae,

200 2824 330 2877 coll.
374 2822 474 2876 vit.
503 2819 733 2875 Pindari
760 2839 812 2889 p.
845 2824 912 2873 98
941 2819 1254 2887 Westerm„
1294 2818 1494 2887 quibus
1532 2820 1858 2874 adversatus
1897 2822 1985 2875 osb
2010 2820 2209 2885 Dawb,
2247 2818 2314 2871 de
2345 2818 2496 2873 Suid.

197 2922 251 2972 p.
285 2909 422 2967 4273
462 2897 498 2970 ἡ
529 2896 838 2971 Καμβύσου
867 2899 964 2953 καὶ
995 2900 1244 2968 Δαρείου
1278 2900 1534 2969 βασιλεία
1570 2898 1668 2952 καὶ
1707 2898 1928 2969 Ξέρξου
1956 2900 2063 2967 (ita
2088 2901 2153 2953 ut
2188 2917 2297 2953 non
2326 2900 2499 2955 libro·

198 3000 326 3036 rum
366 2980 522 3035 tituli
560 2980 956 3051 significemur,
997 2980 1094 3033 sed
1131 2978 1356 3033 omnino
1394 2978 1596 3046 quibus
1633 2978 1702 3033 de
1724 2979 1897 3035 -rebus
1925 2978 2265 3034 carminibus
2297 2980 2497 3048 egerit)

199 3057 282 3115 δι’
332 3060 608 3130 ἐλεγείας,
646 3056 681 3128 ἡ
721 3054 778 3113 δ’
821 3054 882 3113 ἐν
913 3062 1194 3131 Σαλαμῖνι
1223 3059 1509 3131 ναυμαχία
1539 3059 1775 3127 μελικῶς
1804 3062 1933 3128 (om.
1965 3058 2350 3113 additamento
2380 3060 2496 3113 vul-

201 3144 378 3210 gatae
417 3143 475 3195 et
509 3139 814 3208 Eudociae)
854 3140 990 3194 scite
1029 3140 1171 3195 coni.
1204 3140 1523 3195 Gutschmid
1659 3146 1687 3194 7
1726 3139 1915 3194 Verba
1941 3140 2113 3209 vulgo
2151 3138 2231 3193 sio
2270 3156 2337 3193 ex
2374 3139 2496 3193 Eu·

201 3222 369 3277 docia
405 3220 690 3289 supplenfi,
729 3220 856 3273 ooll.
894 3220 1063 3273 schol.
1095 3220 1214 3283 Ar.;
1255 3218 1454 3274 Suidas
1491 3219 1643 3273 enim
1689 3220 1788 3273 καὶ
1825 3218 2039 3289 Ξέρξου
2077 3220 2363 3289 ναυμαχία
2412 3214 2493 3273 δι’

204 3296 483 3370 ἐλεγείας,
521 3295 556 3367 ἡ
605 3295 662 3354 δ’
706 3295 769 3353 ἕν
805 3303 1090 3369 Σαλαμῖνι
1127 3299 1387 3368 μελικῶςε
1446 3299 1512 3355 of.
1564 3300 1775 3369 Bergk,
1808 3291 1967 3355 het.
2008 3300 2110 3371 lyr.
2149 3301 2185 3356 l.
2227 3317 2271 3355 o.

201 3386 236 3434 8
275 3381 515 3451 μελικῶς
551 3382 610 3434 et
655 3374 735 3434 δι’
777 3375 1026 3449 ἐλεγείας
1062 3378 1277 3433 mutavi
1313 3383 1532 3434 secutus
1569 3381 1895 3449 Bequium,
1943 3378 2162 3449 Ξέρξου
2210 3380 2496 3450 ναυμαχία

202 3456 236 3529 ἡ
279 3457 379 3516 ἐπ’
415 3456 542 3530 Ἄρτ.
570 3462 906 3532 Bernhardy
933 3459 1152 3531 Ξέρξου
1189 3462 1528 3531 ναυμαχίαι,
1565 3456 1599 3528 ἡ
1642 3455 1740 3514 ἐπ’
1778 3456 1906 3529 'Apu
1946 3478 2059 3529 seq.
2100 3460 2239 3515 coni.
2273 3460 2495 3529 Wachs-

203 3542 362 3595 muth
496 3547 527 3595 9
566 3540 665 3594 καὶ
699 3542 1007 3613 τραγῳδίαι
1043 3540 1163 3595 iure
1200 3540 1260 3594 in
1295 3541 1667 3611 suspicionem
1704 3540 1931 3595 vocavit
1965 3540 2323 3610 Bernhardy,
2365 3559 2495 3608 τρα-

205 3622 389 3693 γῳδία
426 3625 497 3689 A,
535 3621 683 3690 quod
718 3621 937 3690 placuit
973 3620 1322 3685 Hermanno,
1361 3621 1430 3675 de
1464 3623 1610 3690 trag.
1648 3619 1751 3690 lyr.
1791 3637 1844 3688 p.
1876 3625 1907 3672 6

351 3707 725 3764 DCCXXXIII
770 3709 920 3764 Eud.
960 3727 1014 3779 p.
1047 3715 1177 3777 644,
1225 3726 1368 3777 quae
1414 3726 1523 3764 om.
1572 3710 1741 3765 verba
1783 3709 2045 3777 suspecta
2090 3702 2380 3777 εὑρήματα
2428 3739 2491 3748 --

207 3789 341 3844 exit.
410 3788 490 3842 Cf.
530 3788 733 3843 Mflller
768 3788 820 3841 H
856 3807 908 3858 p.
939 3794 1036 3857 42;
1073 3788 1263 3856 Daub,
1302 3790 1456 3844 stud.
1494 3808 1550 3859 p.
1584 3795 1648 3843 17
1680 3806 1795 3857 seq.

351 3876 725 3932 DCCXXXIV
765 3877 844 3932 cf.
875 3877 1081 3932 Miiller
1106 3879 1186 3933 III
1214 3898 1266 3949 p.
1299 3886 1364 3935 ’11
1478 3884 1546 3932 14
1583 3871 1697 3932 ἀπὸ
1730 3876 1854 3930 add.
1886 3876 2154 3943 Meineke,
2182 3878 2284 3931 An.
2316 3894 2368 3945 p.
2390 3881 2492 3932 401

213 3962 276 4011 15
323 3955 610 4027 γέγραφεν
656 3961 702 4009 A
819 3956 1128 4026 κληθέντος
1173 3990 1240 3999 --
1288 3953 1533 4029 μεγάλου
1582 3974 1688 4012 om.
1727 3961 1773 4009 A
1931 3962 1995 4010 16
2043 3956 2310 4024 Σωτῆρος
2356 3972 2493 4014 corr.

212 4036 478 4105 Meineke,
518 4035 697 4106 Euph.
729 4054 782 4105 p.
808 4042 889 4105 16,
917 4039 1114 4106 postea.
1140 4037 1434 4109 proposuit
1459 4038 1562 4093 τοῦ
1591 4032 1812 4106 πρώτου
1841 4033 2170 4105 κληθέντος,
2196 4036 2494 4105 posizquam

209 4133 327 4170 rem
355 4115 576 4187 aperuit
605 4114 802 4183 Caper,
832 4112 1054 4171 Observ.
1090 4123 1140 4185 4,
1172 4125 1234 4171 11
1320 4120 1420 4173 τοῦ
1451 4113 1698 4189 μεγάλου
1726 4115 1886 4184 libri,
1916 4111 2095 4171 αὐτοῦ
2118 4115 2271 4171 Eud.
2302 4133 2409 4170 om.
2428 4120 2494 4184 V,

210 4194 398 4265 itaque
436 4196 703 4267 expunxi3
740 4194 884 4250 forte
913 4213 1038 4250 oum
1066 4202 1112 4250 A
1148 4199 1257 4268 leg.
1289 4201 1348 4253 et
1377 4193 1469 4252 ἐπὶ
1497 4213 1717 4265 quoque
1751 4196 1859 4251 del.
1969 4190 2115 4250 κατὰ
2150 4196 2291 4251 coni.
2321 4196 2493 4251 Bern-

211 4275 389 4348 hardy
423 4276 521 4330 καὶ
557 4275 689 4330 libri
802 4280 865 4329 17
905 4273 1082 4332 αὐτοῦ
1119 4280 1263 4349 moly.
1303 4272 1493 4333 αὐτῶν
1525 4293 1663 4331 corr.
1694 4277 1819 4331 odd.
1932 4281 1997 4334 18
2038 4274 2323 4348 ἔφθειραν
2350 4279 2494 4349 vulq.

215 4353 446 4426 ἔφθειρε
486 4360 694 4410 ABVE
731 4355 905 4424 (man.
932 4356 981 4425 I)
