3025 4892
1157 198 1583 257 HESYCHIUS.
2391 201 2517 267 103

235 357 636 441 ἀκούσαντος
691 360 772 428 δέ
820 386 1003 441 τινος
1056 363 1167 430 καὶ
1224 360 1696 443 έπεξελθόντος
1748 366 1840 451 τῷ
1900 362 2255 453 εἰρημένω,
2313 360 2395 430 τό
2450 388 2520 431 τε

235 466 504 553 γεγονὸς
538 463 945 555 ὡμολογήθη
983 467 1095 535 καὶ
1133 473 1322 549 δίκας
1359 472 1619 535 ἔδωκαν
1658 470 1730 534 οἰ
1751 473 2009 556 λῃσταί,
2047 464 2139 546 ὡς
2166 468 2236 535 ἐκ
2273 466 2519 536 τούτου

235 575 344 641 καὶ
391 580 746 661 παροιμίαν
793 575 1112 661 γενέσθαι
1159 576 1266 641 εαἴ
1302 570 1571 660 Ἰβύκου
1617 574 1959 661 γέρανοι’.]

407 682 920 751 CCCLXXXIII.
977 676 1033 748 ’I
1046 683 1087 747 δ
1111 706 1153 747 α
1176 692 1255 748 ῖο
1278 707 1311 760 ς
1347 675 1628 764 Ῥόδιος,
1674 676 1825 758 υίὸς
1861 682 2143 765 Λισσοῦ,
2182 680 2514 761 ἐποποιός.

231 786 666 876 παρεμβαλὼν
744 792 973 874 στίχον
1045 790 1244 877 στίχῳ
1319 788 1629 854 ἑδίπλασε
1693 784 1819 872 τὴν
1880 792 2155 873 ποίησιν
2208 784 2517 875 Ὁμήρου.
2544 810 2571 850 5

223 892 528 987 Ῥοδιακὰ
575 897 672 973 εἰς
709 899 830 979 ἔπη
879 920 961 984 ly.
1055 897 1302 981 ἔγραψε
1347 892 1456 960 καὶ
1504 890 1692 959 ἄλλα.

407 1001 918 1071 CCCLXXXIV.
980 995 1426 1085 Ἰδομενεὺς
1463 996 1815 1085 ἱστορικός.
1882 1003 2171 1086 ἔγραψεν
2210 1002 2515 1086 ίστορίαν

113 1112 122 1121 “
228 1112 361 1175 τῶν
403 1105 564 1176 κατὰ
612 1104 1096 1196 Σαμοθρᾴκην.

404 1216 881 1283 OCCLXXXV.
919 1210 1323 1301 Ἱεροκλῆς
1349 1211 1729 1299 φιλόσοφος
1762 1208 2245 1301 Ἀλεξανδρεύς.
2292 1206 2516 1299 [οὗτος

229 1321 385 1407 μετὰ
419 1326 542 1391 τοῦ
581 1320 908 1409 ἀτρέπτου
943 1322 1054 1389 καὶ
1092 1324 1635 1409 μεγαλοπρεποῦς
1669 1318 1913 1407 εὔρους
1948 1347 2017 1388 τε
2044 1320 2171 1408 τὴν
2201 1320 2513 1392 διάνοιαν
2545 1347 2595 1386 ιο

223 1432 316 1507 εἰς
388 1426 768 1515 ὑπερβολὴν
841 1428 950 1495 καὶ
1020 1428 1362 1515 διαφέρων
1427 1425 1789 1516 εὐγλωττία
1852 1428 1963 1495 καὶ
2028 1425 2313 1519 εὐπορίᾳ
2376 1433 2513 1499 τῶν

221 1542 587 1605 καλλίστων
635 1531 991 1623 ὀνομάτων
1027 1537 1138 1604 καὶ
1185 1538 1500 1624 ῥημάτων
1545 1533 1939 1620 κατέπληττε
1976 1540 2317 1624 πανταχοῦ
2354 1536 2515 1618 τοὺς

220 1640 710 1729 ἀκροωμένους.
809 1632 896 1727 ἦν
960 1641 1036 1709 δὲ
1099 1638 1278 1733 αὐτῷ
1345 1641 1457 1709 καὶ
1511 1638 1818 1728 μαθητὴς
1870 1644 2254 1728 Θεοσέβιος,
2320 1640 2513 1731 ἀνήρ,

219 1758 397 1835 εἴπερ
453 1776 554 1828 τις
602 1750 822 1835 ἕτερος
868 1738 965 1816 ὧν
1009 1745 1197 1836 ἡμεῖς
1244 1757 1469 1834 ἴσμεν,
1532 1746 1791 1829 εἰωθως
1836 1745 2237 1833 ἀποβλέπειν
2285 1750 2352 1828 ἐς
2398 1746 2515 1829 τὰς

217 1859 348 1923 τῶν
405 1852 794 1942 ἀνθρώπων
841 1853 1073 1941 ψυχάς.
1165 1860 1344 1942 ἔλεγε
1391 1854 1465 1922 δὲ
1513 1852 1549 1923 ὁ
1600 1852 1804 1934 αὐτὸς
1848 1857 2201 1943 Θεοσέβιος
2248 1854 2513 1942 ἐξηγού-
2544 1881 2596 1921 15

215 1989 420 2049 μενον
476 1963 690 2049 φάναι
750 1960 908 2029 ποτὲ
963 1960 1085 2031 τὸν
1123 1959 1484 2047 Ἱεροκλέα,
1540 1960 1773 2048 κύβοις
1820 1962 2108 2031 ἐοικέναι
2153 1962 2313 2043 τοὺς
2363 1970 2513 2031 Σω-

215 2068 500 2157 κράτους
536 2067 804 2156 λόγους·
843 2066 1144 2149 ἀπτῶτας
1179 2068 1306 2155 γὰρ
1346 2065 1523 2137 εἶναι
1563 2072 1929 2155 πανταχοῦ,
1969 2066 2099 2158 ὅπῃ
2130 2066 2216 2138 ἂν
2245 2070 2513 2138 πέσωσι.

213 2180 334 2243 τοῦ
389 2177 466 2243 δὲ
501 2172 910 2263 Ἱεροκλέους
965 2174 1042 2243 τὸ
1097 2174 1418 2262 ἀνδρεῖον
1471 2176 1582 2242 καὶ
1638 2173 2115 2262 μεγαλόθυμον
2174 2168 2347 2262 ἦθος
2395 2172 2513 2244 ἀπ-

215 2268 462 2363 έδειξεν
518 2279 559 2368 ἡ
615 2286 923 2368 συμβᾶσα
969 2282 1134 2369 τύχη
1181 2282 1330 2368 περὶ
1379 2276 1606 2349 αὐτόν.
1698 2284 1791 2361 εἰς
1836 2280 1965 2368 γὰρ
2010 2280 2087 2349 τὸ
2139 2282 2510 2364 Βυζάντιον

215 2385 530 2456 ἀνελθὼν
602 2390 1052 2477 προσέκρουσε
1115 2402 1256 2468 τοῖς
1315 2390 1667 2474 κρατοῦσι,
1740 2388 1851 2455 καὶ
1917 2392 2011 2467 είς
2078 2388 2512 2475 δικαστήριον
2539 2415 2591 2455 20

213 2493 447 2581 ἀχθεὶς
503 2494 806 2563 ἐτύπτετο
861 2494 978 2575 τὰς
1033 2499 1098 2577 ἐξ
1153 2493 1541 2582 ἀνθρώπων
1601 2494 1879 2581 πληγάς·
1936 2494 2257 2583 ῥεόμενος
2302 2494 2377 2562 δὲ
2420 2482 2511 2585 τῷ

215 2606 474 2689 αἵματι,
519 2600 740 2687 βάψας
783 2608 1020 2688 κοίλην
1064 2600 1186 2688 τὴν
1233 2615 1442 2690 χεῖρα,
1489 2607 1884 2691 προσραίνει
1927 2600 2048 2670 τὸν
2094 2599 2330 2690 κριτὴν
2376 2599 2512 2689 ἅμα

211 2706 430 2795 λέγων
475 2712 838 2795 εΚύκλωψ,
893 2713 1008 2797 τῆ,
1053 2715 1160 2777 πίε
1209 2706 1432 2794 οἶνον,
1481 2709 1621 2777 ἐπεὶ
1668 2708 1876 2795 φάγες
1921 2707 2263 2797 ἀνδρόμεα
2308 2710 2511 2797 κρέα’.

213 2813 440 2903 φυγὴν
512 2816 587 2883 δὲ
654 2816 1080 2902 κατακριθεὶς
1143 2817 1253 2883 καὶ
1318 2813 1714 2884 ἐπανελθὼν
1779 2815 2000 2905 χρόνῳ
2066 2812 2352 2902 ῦστερον
2418 2820 2511 2897 εἰς

205 2921 711 3010 Ἀλεξάνδρειαν
768 2922 1292 3009 συνεφιλοσόφει
1347 2921 1428 2990 τὰ
1487 2921 1778 2989 εἰωθότα
1823 2936 1962 3002 τοῖς
2006 2920 2508 3008 πλησιάζουσιν.
2539 2947 2589 2987 25

214 3034 421 3112 ἔξεστι
477 3030 551 3099 δὲ
606 3039 855 3117 μαθεῖν
909 3027 1033 3116 τὴν
1081 3026 1486 3115 Ἱεροκλέους
1542 3028 2111 3115 μεγαλογνωμονα
2168 3028 2508 3117 φρόνησιν

215 3136 348 3205 ἀπὸ
391 3142 526 3206 τῶν
573 3136 1109 3224 συγγραμμάτων
1157 3126 1254 3229 ὧν
1299 3136 1637 3222 γέγραφεν
1684 3140 1777 3215 είς
1822 3134 1901 3202 τὰ
1947 3139 2159 3224 χρυσᾶ
2210 3140 2330 3221 ἔπη
2373 3138 2511 3203 τῶν

213 3250 740 3331 Πυθαγορείων,
803 3244 914 3312 καὶ
987 3244 1247 3333 ἑτέρων,
1291 3248 1576 3329 βιβλίων
1632 3243 1783 3329 περὶ
1837 3250 2162 3333 προνοίας
2216 3247 2507 3331 συχνῶν,

216 3356 298 3420 ἐν
350 3344 446 3431 οἷς
500 3356 808 3437 φαίνεται
866 3348 901 3418 ὅ
959 3347 1132 3436 ἀνὴρ
1187 3348 1311 3436 τὴν
1359 3348 1482 3437 μὲν
1531 3346 1703 3436 ζωὴν
1748 3346 2204 3438 ὑψηλόφρων,
2259 3350 2385 3437 τὴν
2434 3349 2509 3418 δὲ

224 3461 474 3545 γνῶσιν
522 3456 646 3526 οὐκ
691 3455 1012 3546 ἀκριβής.]

289 3630 310 3647 ²
361 3628 772 3683 CCCLXXXIII
809 3627 962 3683 Eud.
1001 3646 1056 3696 p.
1095 3632 1217 3680 403.
1293 3624 1370 3681 Cf.
1413 3626 1670 3692 Dfintzer,
1710 3624 1811 3694 Ep.
1850 3624 1916 3679 fr.
1956 3624 2008 3677 II
2044 3643 2097 3693 p.
2142 3630 2240 3677 113
2373 3632 2407 3678 4
2446 3618 2509 3687 ὃς

219 3710 349 3777 posis
392 3705 659 3770 ἐποποιός
706 3707 840 3761 addi
885 3707 1008 3762 vult
1043 3706 1378 3777 Bernhardy
1537 3713 1569 3760 6
1610 3702 1798 3759 Ῥόδιοι
1843 3706 1988 3775 υιιῖρ.
2030 3701 2297 3758 Ῥοδιακά
2330 3705 2508 3758 Rern·
2608 3716 2617 3722 ·

221 3788 394 3856 hardy
431 3788 522 3842 cui
555 3788 673 3843 iure
703 3788 1004 3857 displicent
1041 3784 1254 3855 ἔγραψε
1283 3785 1381 3840 καὶ
1411 3781 1551 3840 ἄλλα
1590 3787 1720 3840 ante
1749 3781 1941 3840 Ῥόδια
1979 3784 2278 3851 collocata3
2318 3784 2508 3853 itaque

223 3868 300 3923 ad
331 3868 492 3921 finem
529 3869 680 3923 vitae
717 3868 914 3933 reieci,
955 3864 1167 3937 ἔγραψε
1207 3866 1304 3920 καὶ
1335 3858 1502 3920 Ἄθλα
1534 3860 1723 3919 Ῥόδια
1762 3864 2083 3919 Gutsehmid

365 3946 776 4004 CCCLXXXIV
812 3947 1000 4002 Alium
1041 3964 1156 4001 esse
1197 3948 1557 4001 Idomeneum
1596 3944 1931 4014 Spartanum
1969 3943 2120 4013 apud
2158 3941 2319 4011 Diog.
2358 3942 2435 4009 X,
2473 3948 2504 3995 3

225 4030 287 4085 et
320 4034 378 4082 10
416 4030 473 4082 et
502 4028 756 4083 Strabon.
785 4027 916 4081 XIII
952 4046 1006 4096 p.
1039 4031 1139 4080 589
1177 4027 1405 4095 putavit
1429 4026 1745 4090 ReinesiuS,
1785 4024 1923 4078 mire
1961 4025 2175 4093 lapsus:
2214 4038 2344 4075 nam
2383 4022 2505 4091 ipse

225 4108 318 4162 ille
350 4107 754 4177 Lampsacenus
792 4109 905 4176 esf„
943 4108 1013 4163 de
1046 4122 1156 4175 quo
1185 4105 1326 4158 dixis,
1353 4106 1556 4159 Mfiller
1583 4105 1635 4157 II
1663 4122 1718 4173 p.
1740 4109 1845 4158 490
1973 4110 2005 4158 8
2035 4103 2147 4157 τῶν
2186 4119 2323 4156 corr.
2356 4101 2506 4156 Clin-

227 4192 344 4253 ton,
378 4187 504 4241 fast
535 4188 611 4241 III
648 4206 704 4256 p.
734 4188 862 4253 488,
902 4187 1128 4241 Lobeck
1163 4184 1442 4255 Aglaoph.
1481 4205 1537 4253 p.
1580 4190 1717 4238 1266
1789 4179 1891 4252 τὴν
1929 4184 2078 4251 vuly.

363 4265 743 4322 CCCLXXXV
798 4274 830 4321 9
877 4257 1044 4328 οὗτος
1080 4296 1145 4305 —-
1187 4266 1316 4322 exit.
1357 4266 1565 4320 Suidas
1612 4261 1911 4332 adscripsit
1954 4279 2022 4315 ex
2059 4260 2313 4317 Damaso,
2356 4262 2507 4332 apud

233 4341 393 4403 Photi
417 4364 471 4416 p.
510 4346 662 4401 338b
707 4345 974 4416 Hesychii
1019 4345 1138 4401 vita
1182 4345 1458 4415 neglecssa.
1546 4342 1626 4400 Cf.
1664 4342 1802 4400 Mus,
1842 4343 2017 4397 Rhen.
2057 4340 2261 4397 XXXV
2308 4361 2362 4413 p.
2401 4348 2505 4397 213
