3025 4892
559 194 692 259 246
1509 187 1906 245 APPENDIX.

559 354 988 442 Πραξιτέλης,
1035 352 1304 441 Λύκων,
1344 352 1687 443 Ἀρίστων,
1734 358 2089 439 Λυκίσκος,
2139 352 2602 443 Πραξιφάνης,
2635 350 2828 437 Ἱερῶ-

559 488 791 548 νυμος,
837 459 1206 550 Πρύτανις,
1256 465 1600 548 Φορμίων,
1649 460 2041 552 Κριτόλαος.
2119 458 2199 527 τὰ
2247 459 2325 529 δὲ
2369 460 2829 549 συγγράμματα

559 566 770 637 αὐτοῦ
835 571 1070 636 ταῦτα·
1139 570 1288 656 περὶ
1353 568 1787 656 δικαιοσύνης
1841 566 1933 655 δ’,
1998 568 2147 654 περὶ
2202 572 2505 655 ποιητῶν
2559 568 2649 655 γ’,
2700 568 2830 655 περὶ

563 680 970 762 φιλοσοφίας
1026 674 1116 762 δ’,
1171 676 1518 745 πολιτικὸν
1577 675 1669 761 α’,
1722 676 1872 762 περὶ
1926 677 2265 762 πολιτικῆς
2324 671 2361 761 ἢ
2410 675 2709 760 Γρύλλος
2752 674 2831 761 γ’,

511 807 538 848 5
565 780 923 869 Νήρινθος
979 781 1071 868 α’,
1127 783 1278 870 περὶ
1333 782 1630 852 πλούτου
1684 780 1777 869 α’,
1840 786 2231 870 σοφιστικῆς
2284 780 2376 867 α’,
2430 782 2581 868 περὶ
2636 780 2830 869 εὐχῆς,

563 888 940 970 Μενέξενος
985 888 1077 975 α’,
1123 890 1274 978 περὶ
1321 888 1661 976 εὐγενείας
1698 890 1791 977 α’,
1832 887 2145 977 ἐρωτικὸς
2182 887 2273 974 α’,
2318 888 2471 975 περὶ
2510 893 2719 976 ψυχῆς
2753 888 2832 975 α’,

561 993 1044 1082 προτρεπτικὸν
1090 997 1184 1083 α’,
1240 999 1391 1084 περὶ
1437 994 1689 1085 ἡδονῆς
1734 995 1827 1083 α’,
1872 997 2023 1083 περὶ
2068 1001 2408 1083 βασιλείας
2453 995 2548 1082 α’,
2596 1000 2831 1064 οἰκονο-

563 1102 762 1189 μικὸν
809 1100 901 1188 α’,
947 1102 1097 1189 περὶ
1141 1106 1445 1183 παιδείας
1489 1098 1531 1189 ἦ
1578 1101 2006 1171 παιδευτικὸν
2044 1102 2136 1188 α’,
2186 1108 2682 1190 [συλλογισμῶν
2727 1104 2830 1189 α’,]

562 1209 713 1296 περὶ
749 1213 872 1276 τοῦ
919 1206 1190 1294 ἀγαθοῦ
1227 1207 1318 1295 α’,
1366 1208 1517 1296 περὶ
1562 1206 1789 1297 ἀρχῶν
1826 1204 1867 1296 ἢ
1906 1209 2173 1296 φύσεως
2210 1208 2303 1299 α’,
2345 1207 2766 1299 Ἀλέξανδρος
2798 1207 2831 1297 ἢ

491 1342 543 1382 ιο
570 1313 735 1402 ὑπὲρ
782 1312 1107 1383 ἀποικιῶν
1153 1313 1244 1400 α’,
1289 1313 1368 1383 τὰ
1418 1317 1489 1385 ἐκ
1534 1320 1671 1384 τῶν
1718 1315 1951 1403 νόμων
2002 1314 2366 1397 Πλάτωνος
2410 1315 2503 1403 β’,
2550 1318 2697 1405 περὶ
2738 1345 2831 1403 φι-

566 1428 710 1502 λίας
758 1420 843 1509 γ’,
896 1422 1045 1507 περὶ
1094 1423 1468 1510 ἐπιστημῶν
1518 1420 1614 1509 α’,
1668 1423 1819 1510 περὶ
1866 1427 2067 1492 εἰδῶν
2116 1422 2208 1508 α’,
2266 1422 2491 1503 λύσεις
2538 1424 2833 1512 ἐριστικαὶ

566 1527 658 1613 δ’,
721 1530 873 1616 περὶ
937 1528 1202 1609 πάθους
1265 1527 1472 1618 ὀργῆς
1528 1529 1619 1616 α’,
1688 1530 2045 1619 διαιρέσεις
2109 1531 2490 1616 σοφιστικαὶ
2550 1529 2642 1615 α’,
2702 1530 2833 1616 περὶ

566 1636 892 1703 ἐναντίων
941 1632 1032 1721 α’,
1089 1630 1587 1724 ὑπομνημάτων
1635 1638 2134 1724 ἐπιχειρητικῶν
2181 1635 2267 1723 γ’,
2312 1636 2666 1723 προτάσεις
2704 1636 2833 1723 περὶ

567 1738 802 1830 ἀρετῆς
837 1740 933 1828 β’,
977 1743 1132 1830 περὶ
1171 1749 1518 1830 στοιχείων
1554 1743 1645 1831 γ’,
1683 1743 2022 1823 ἐνστάσεις
2058 1742 2154 1828 α’,
2192 1744 2343 1830 περὶ
2380 1748 2516 1812 τῶν
2554 1746 2834 1831 ποσαχῶς

492 1876 543 1915 15
571 1850 953 1935 λεγομένων
1002 1846 1044 1937 ῆ
1092 1855 1226 1920 τῶν
1273 1850 1436 1919 κατὰ
1482 1850 1815 1938 πρόθεσιν
1862 1849 1955 1937 α’,
2009 1851 2397 1939 προτάσεων
2446 1852 2539 1939 α’,
2594 1847 2833 1939 ἠθικῶν

567 1956 656 2039 κ’,
709 1955 861 2042 περὶ
908 1956 1286 2044 ἐρωτήσεως
1331 1958 1442 2026 καὶ
1490 1955 1899 2046 ἀποκρίσεως
1946 1957 2037 2045 α’,
2084 1958 2471 2048 προτάσεων
2511 1960 2836 2045 ἐριστικῶν

515 2154 530 2161 ᾖ
570 2060 666 2147 α’,
703 2062 854 2149 περὶ
893 2064 1075 2142 ἰδέας
1111 2060 1202 2152 α’,
1238 2060 1661 2132 ἀναλυτικῶν
1698 2064 2044 2153 προτέρων
2080 2064 2173 2152 β’,
2210 2062 2633 2135 ἀναλυτικῶν
2669 2060 2836 2131 ὑστέ-

571 2196 711 2256 ρων
779 2168 873 2256 β’,
945 2166 1463 2258 προβλημάτων,
1529 2169 1891 2258 μεθοδικά,
1955 2173 2106 2260 περὶ
2169 2174 2291 2241 τοῦ
2358 2176 2695 2258 βελτίονος
2752 2168 2838 2252 α’,

572 2281 1039 2365 συλλογισμῶν
1094 2276 1190 2365 β’,
1252 2281 1778 2364 συλλογιστικῶν
1841 2276 2023 2368 ὅρων
2077 2278 2169 2365 α’,
2229 2279 2379 2364 περὶ
2434 2282 2699 2366 αἱρετοῦ
2740 2278 2838 2344 καὶ

491 2412 545 2452 20
574 2388 1064 2470 συμβαίνοντος
1119 2382 1209 2469 α’,
1265 2383 1344 2452 τὰ
1398 2382 1528 2473 πρὸ
1583 2388 1719 2453 τῶν
1773 2384 1997 2455 τόπων
2052 2376 2139 2473 α’,
2190 2386 2340 2474 περὶ
2388 2382 2710 2454 ἑκουσίων
2754 2382 2841 2467 α’,

574 2495 868 2558 τοπικῶν
924 2489 1093 2576 πρὸς
1135 2488 1294 2570 τοὺς
1340 2486 1543 2579 ὅρους
1587 2490 1699 2557 καὶ
1744 2490 1931 2577 πάθη
1980 2490 2073 2577 α’,
2126 2486 2427 2579 ὁρισμῶν
2471 2494 2695 2577 βιβλία
2739 2488 2844 2575 ιγ’,

573 2596 1096 2686 ἐπιχειρημάτων
1142 2595 1233 2684 β’,
1288 2598 1440 2683 περὶ
1485 2598 1773 2677 κάλλους
1819 2598 1909 2683 α’,
1964 2599 2114 2685 περὶ
2164 2600 2443 2665 δικαίων
2490 2595 2583 2684 β’,
2638 2598 2846 2675 θέσεις

573 2705 1136 2793 ἐπιχειρηματικαὶ
1195 2706 1267 2772 ἐν
1319 2708 1606 2790 βιβλίοις
1652 2703 1775 2789 κε’,
1833 2705 2059 2784 θέσεις
2104 2705 2410 2793 ἐρωτικαὶ
2457 2706 2532 2773 ἐν
2577 2699 2846 2790 βιβλίοις

574 2811 667 2896 δ’,
726 2813 949 2891 θέσεις
1005 2811 1263 2898 φιλικαὶ
1320 2812 1393 2878 ἐν
1445 2815 1735 2897 βιβλίοις
1778 2812 1866 2900 β’,
1920 2812 2144 2892 θέσεις
2188 2812 2336 2897 περὶ
2382 2814 2600 2898 ψυχῆς
2642 2813 2715 2880 ἐν
2757 2816 2845 2895 βι-

685 2979 710 3027 1
751 2971 1098 3043 Πραξιτέλης
1133 2977 1234 3027 aut
1268 2989 1336 3027 ex
1374 2965 1749 3040 Πραξιφάνης
1784 2970 2026 3027 nominis
2062 2972 2398 3042 compendio
2432 2973 2627 3027 fictum
2664 2973 2759 3027 aut.
2790 2970 2843 3024 in

573 3036 860 3122 Πασικλῆς
904 3052 1235 3108 mutandum
1272 3051 1492 3107 censuit
1530 3050 1758 3116 Preller,
1794 3050 1864 3106 de
1901 3044 2258 3122 Praxiphane
2294 3071 2347 3122 p.
2387 3057 2420 3106 8
2575 3058 2609 3106 4
2644 3048 2845 3121 ῥητορι-

574 3134 677 3202 κῆς
713 3150 816 3203 pro
863 3137 1038 3188 πολιτ.
1087 3150 1154 3188 ex
1190 3132 1352 3202 Diog.
1391 3130 1575 3186 Laerta.
1615 3128 1682 3198 V,
1720 3136 1788 3185 22
1830 3131 2132 3200 Menayius
2310 3138 2341 3186 5
2390 3129 2679 3202 Κόρινθος
2721 3148 2843 3186 corr.

575 3212 720 3268 Rose
833 3206 1112 3282 σοφιστής
1139 3230 1276 3269 σοι-τ.
1316 3213 1484 3280 Base,
1528 3210 1657 3281 περὶ
1695 3204 1866 3280 εὐχῆς
1900 3207 2049 3283 (α’)
2086 3228 2225 3267 corr.
2263 3212 2405 3268 Rose
2532 3219 2565 3267 6
2604 3207 2845 3280 ἐρῶτικος

575 3294 769 3349 Ambr.
873 3318 882 3323 ·
932 3300 979 3353 ,7
1019 3310 1156 3348 corr.
1195 3288 1602 3362 προτρεπτικὸς
1636 3286 1699 3345 α’
1877 3296 1910 3345 8
1946 3291 2041 3346 hio
2078 3287 2390 3362 συμπόσιον
2426 3286 2490 3346 α’
2529 3309 2665 3347 corr.
2702 3292 2846 3356 Rosa,

576 3376 722 3427 συλλ.
762 3371 910 3428 infra
945 3372 981 3426 1.
1015 3379 1080 3427 19
1119 3372 1324 3427 rectius
1362 3371 1607 3427 occurrit
1760 3376 1825 3425 10
1861 3370 2034 3427 fuisse
2071 3368 2141 3425 τὰ
2180 3368 2245 3427 ἐκ
2290 3372 2403 3426 τῶν
2442 3365 2635 3443 νόμων
2670 3364 2842 3442 (Πλά-

574 3474 750 3516 τωνος
794 3449 870 3523 γ’.
916 3449 986 3508 τὰ
1037 3450 1100 3509 ἐκ
1149 3455 1249 3522 τῆς
1293 3451 1618 3526 πολιτείας)
1664 3448 1969 3514 Πλάτωνος
2016 3448 2071 3526 β’
2119 3453 2284 3522 putat
2326 3452 2471 3507 Rose
2625 3459 2687 3507 11
2730 3452 2845 3521 post

576 3530 751 3589 ἐπιστ.
791 3550 859 3589 ex
885 3535 1136 3590 Ambros.
1174 3534 1305 3603 περὶ
1339 3534 1439 3588 τοῦ
1477 3529 1718 3602 πάσχειν
1753 3525 1789 3600 ἢ
1828 3528 2189 3586 πεπονθέναι
2213 3528 2367 3605 <α>’.
2405 3530 2537 3602 περὶ
2576 3527 2843 3601 ἐρωτικῶν

573 3608 754 3683 λόγων
793 3609 850 3688 β’
890 3614 1072 3684 suppl.
1109 3614 1252 3670 Rosa
1399 3618 1462 3667 12
1509 3613 1741 3676 παθοῦς
1775 3613 2025 3668 Ambros.
2073 3610 2284 3667 παθῶν
2318 3611 2483 3682 1)ίο9.
2642 3616 2702 3665 13
2739 3604 2841 3663 ἐπι-

575 3692 1052 3767 χειρκμα>τικῶν
1089 3694 1232 3750 Rosa
1269 3689 1472 3764 ὖπομν.
1509 3690 1566 3762 γ’
1608 3709 1715 3747 om.
1756 3688 1989 3762 ἐπιχειρ.
2026 3692 2276 3751 Ambros.
2319 3697 2347 3745 1
2475 3696 2542 3745 14
2582 3684 2843 3747 ἐνστάσεις

577 3773 707 3844 περὶ
742 3775 854 3829 τῶν
891 3775 1151 3845 ποσαχῶς
1176 3774 1496 3844 λεγομένων
1524 3770 1604 3844 η’.
1642 3774 1755 3829 τῶν
1786 3789 1900 3842 seq.
1928 3772 2178 3828 Ambrae.
2291 3777 2355 3826 15
2385 3766 2697 3839 πρόσθεσιν
2722 3786 2840 3824 corr.

576 3856 718 3909 Rose
862 3850 921 3907 α’
962 3854 1090 3911 add.
1133 3856 1434 3925 Menayius
1469 3856 1529 3909 et
1564 3854 1677 3908 τῶν
1711 3856 1843 3922 post
1876 3847 1913 3922 ἢ
1953 3869 2021 3909 ex
2054 3852 2221 3921 Πίος.
2252 3849 2320 3920 V,
2348 3856 2415 3905 23
2444 3850 2689 3905 Buhlius
2824 3904 2829 3911 ,

579 3941 644 3989 17
673 3928 1030 3989 ἀναλυτικῶν
1058 3934 1346 4004 προτέρων
1359 3930 1428 3989 θ’
1459 3936 1605 4006 vuly.
1627 3932 1690 3990 θ’
1724 3931 1946 4003 scripsit
1972 3932 2139 3999 Rosa,
2169 3930 2327 3986 uncis
2353 3929 2586 3985 inclusit
2608 3930 2843 3992 Buhlius,

579 4014 678 4070 sed.
714 4013 896 4085 mag-is
932 4018 1252 4085 suspectum
1289 4034 1346 4086 p.
1376 4022 1508 4083 248,
1541 4023 1568 4070 1
1608 4015 1895 4086 προτέρων
1932 4009 2285 4069 ἀναλυτικῶν
2324 4010 2379 4087 β’
2432 4024 2449 4043 ·
2552 4020 2616 4069 18
2655 4007 2843 4086 (περὶ)

577 4096 986 4168 προβλημάτων
1004 4096 1154 4173 <α’>
1181 4093 1465 4169 μεθοδικά
1485 4092 1633 4170 (η’)
1659 4113 1796 4153 corr.
1816 4096 1978 4163 Rose,
2006 4114 2134 4151 cum
2152 4094 2413 4166 Menagio
2442 4112 2595 4150 cons,
2616 4096 2840 4149 Δητὼ-οε.

579 4182 711 4249 post
747 4176 1036 4249 βελτίονας
1073 4176 1135 4233 α’
1178 4198 1244 4235 ex
1281 4181 1529 4235 Ambros.
1580 4174 1725 4249 ὅρων
1766 4179 1993 4253 βιβλίων
2032 4172 2093 4231 α’
2132 4176 2379 4231 τοπικῶν
2416 4170 2485 4241 ζ’.
2544 4179 2841 4245 μαθηματι·

581 4260 698 4313 κῶν
735 4254 794 4311 α’
836 4258 1034 4314 inserit
1069 4260 1212 4315 Rose
1375 4267 1438 4333 19
1470 4261 1849 4330 συλλογίσμων
1896 4251 1976 4326 ὅρ.
2015 4258 2261 4311 Ambr03.
2295 4262 2322 4309 1
2505 4262 2573 4310 21
2614 4275 2735 4311 τοπ.
2770 4272 2840 4319 πρ.

583 4358 627 4392 τ.
666 4332 835 4406 ὅρους
870 4335 1015 4410 (β’)
1053 4336 1217 4408 πάθη
1255 4336 1316 4394 α’
1357 4358 1459 4395 scr.
1499 4340 1643 4396 Rosa
