3025 4892
1070 195 1356 252 PROLEG
1367 196 1639 254 OMENA.
2296 201 2498 258 LXVII

174 359 382 424 ronis
437 381 514 424 ex
561 357 844 424 Suidana
893 347 1114 444 glossa
1159 363 1480 442 Φολουία,
1518 360 1715 426 Ennii
1761 360 2039 428 Romani
2087 385 2164 427 ex
2201 363 2498 449 Aeliano,

174 463 394 530 Fabii
432 465 712 530 Pictoris
751 487 830 530 ex
867 464 1144 549 Polybio
1183 467 1445 532 fluxisse
1493 466 1700 533 docui.
1782 467 1881 532 De
1927 468 2030 533 his
2078 470 2229 534 vitis
2276 471 2494 554 dispu-

171 573 343 636 tavi
403 572 568 638 Mus,
605 571 808 636 Rhen.
847 557 1131 637 XXXVI
1169 598 1232 658 p.
1269 574 1398 638 316
1430 595 1581 658 seq.,
1626 596 1751 658 quo
1816 575 1961 640 loco
2022 597 2134 640 eos
2200 581 2494 642 auctores

169 678 532 744 Romanos
577 680 658 744 ab
693 678 1022 762 Hesychio
1063 679 1390 745 adhibitos
1429 702 1571 745 esse
1620 681 1917 765 exposui,
1962 683 2071 767 qui
2107 683 2211 748 vel
2260 705 2491 769 graece

175 785 610 869 scripserint,
665 785 841 850 velut
886 783 1286 851 Claudianus
1335 783 1446 870 (cf.
1474 785 1727 872 Rohde,
1780 785 1945 852 Mus.
1973 786 2183 853 Rhen.
2212 787 2491 856 XXXIII

171 917 246 976 p.
291 892 421 956 167
461 891 659 978 not.),
707 889 1052 958 Suetonius
1099 893 1195 975 al.,
1245 895 1344 957 vel
1397 893 1480 958 ab
1532 893 2068 977 epitomatoribus
2116 893 2377 960 Graecis
2422 897 2492 962 in

171 998 462 1062 brevius
509 999 716 1063 coacti
757 1003 909 1063 sunt
923 997 991 1084 ¹),
1041 999 1216 1063 velut
1254 998 1516 1064 Asinius
1553 999 1792 1085 Pollio,
1837 999 2197 1086 Eutropius
2246 1003 2345 1086 al.,
2388 1005 2491 1069 vel

173 1103 406 1168 libros
461 1125 692 1189 graece
741 1105 1018 1190 scriptos
1056 1103 1258 1170 latine
1306 1108 1633 1191 verterint,
1678 1107 1857 1171 velut
1894 1105 2097 1172 Iulius
2137 1106 2378 1174 Caesar
2426 1114 2493 1174 et

171 1209 462 1275 Brutus.
552 1211 910 1277 Omiseram
973 1215 1189 1276 autem
1245 1213 1332 1298 gl.
1395 1207 1735 1289 Αὐσόνιος
1747 1209 1827 1298 ²³),
1891 1213 2167 1280 fortasse
2234 1217 2487 1301 glossas

169 1310 545 1404 ’simii-aff)
646 1318 857 1402 Atque
916 1319 970 1382 si
1027 1319 1497 1402 examinamus,
1558 1341 1683 1403 quo
1741 1341 1816 1383 ex
1874 1319 2055 1386 fonte
2118 1323 2264 1387 illas
2320 1324 2501 1387 vitas

173 1421 559 1506 Hesychius
624 1424 1118 1509 deprompserit,
1193 1445 1337 1489 cum
1399 1424 1755 1509 Eutropius
1820 1427 2262 1493 recentissimo
2332 1451 2491 1496 aevo

174 1531 576 1596 tribuendus
616 1533 720 1614 sit,
767 1553 876 1596 eas
921 1536 1036 1596 aut
1071 1554 1148 1596 ex
1185 1552 1420 1617 graeca
1453 1531 1759 1616 Eutropii
1806 1534 2099 1599 versione
2146 1535 2248 1601 vel
2296 1537 2490 1601 versi-

176 1637 344 1701 onis
405 1638 806 1721 praefatione
872 1639 1132 1703 fluxisse
1188 1638 1560 1722 suspiceris,
1623 1660 1817 1722 quam
1878 1640 2199 1705 curaverit
2255 1637 2489 1725 Capito

177 1741 304 1828 (cf.
349 1741 576 1810 Suidas
627 1769 675 1811 s.
717 1743 839 1832 a),
895 1745 1006 1830 qui
1052 1748 1368 1832 regnante
1412 1744 1767 1810 Anastasio
1826 1747 1927 1811 vel
1973 1745 2222 1812 Iustino
2276 1748 2486 1831 primo

177 1851 361 1915 vixit
415 1849 523 1937 (cf.
551 1851 785 1918 Muller
828 1853 905 1917 fr.
934 1852 1082 1916 hist.
1112 1850 1207 1916 IV
1235 1874 1294 1935 p.
1329 1849 1512 1937 123),
1582 1854 1694 1916 aut
1759 1874 1835 1916 ex
1899 1853 2084 1918 libris
2147 1853 2488 1934 chronicis,

179 1980 362 2043 quos
400 1957 766 2044 Hesychius
803 1960 942 2045 ipse
977 1957 1355 2041 composuit.
1411 1957 1577 2023 Rem
1615 1957 1742 2023 hoc
1778 1959 1918 2024 loco
1964 1981 2097 2024 non
2134 1960 2487 2044 expediam.

341 2153 392 2222 1)
429 2152 510 2208 De
546 2154 655 2207 hac
691 2169 752 2207 re
789 2151 856 2208 cf.
877 2151 1099 2218 Weber,
1138 2150 1418 2222 de'jatine
1453 2150 1703 2230 scriptis,
1741 2167 1884 2220 quae
1914 2150 2112 2208 Graeci
2142 2183 2203 2192 --
2236 2155 2479 2208 transtu-

180 2231 382 2287 lerunt
416 2233 467 2285 II
506 2234 688 2300 (1848)
725 2250 777 2301 p.
815 2237 877 2286 18
909 2248 1022 2300 seq.

251 2314 418 2446 hm2i)d
431 2310 494 2364 In
529 2309 762 2366 Ausonii
801 2311 920 2370 vita
956 2310 1092 2365 duos
1131 2309 1427 2379 scriptores
1466 2311 1722 2366 confusos
1762 2327 1882 2366 esse
1918 2313 2069 2366 recte
2108 2312 2325 2366 monuit
2352 2311 2487 2368 Gut-

187 2410 248 2448 sc
425 2435 436 2447 .

342 2475 400 2550 3)
435 2469 518 2526 De
557 2471 763 2539 Aquila
800 2473 868 2526 cf.
909 2471 1150 2541 Teuffel,
1189 2469 1298 2524 Lit.
1337 2469 1535 2526 Rom.³
1573 2476 1603 2536 5
1633 2475 1755 2538 374,
1786 2478 1833 2525 6.

333 2668 421 2722 Ad
448 2668 668 2736 Proleg.
696 2685 750 2736 p.
782 2666 963 2721 XXVI
993 2666 1060 2722 A.
1084 2668 1320 2722 Schoene
1352 2666 1492 2721 mihi
1521 2666 1768 2736 scripsit:
1808 2665 1940 2721 Cod.
1971 2666 2093 2720 Par.
2126 2672 2283 2734 2626,
2312 2685 2483 2721 mem-

177 2743 496 2795 branaceus
533 2755 678 2794 saec.
713 2737 842 2806 XII,
879 2737 976 2793 fol.
1014 2745 1144 2806 291,
1184 2739 1338 2793 cuius
1375 2738 1471 2792 fol.
1516 2743 1707 2792 1—25
1744 2741 1805 2792 et
1839 2742 2136 2792 278-291
2177 2739 2486 2794 recentiore

176 2829 359 2936 magm
376 2809 604 2934 ¹:addita
647 2813 776 2864 sunt
817 2825 920 2865 nec
965 2810 1182 2865 diversa
1225 2808 1462 2864 fortasse
1509 2810 1581 2863 ab
1629 2825 1721 2876 ea,
1771 2808 1862 2862 cui
1910 2814 2049 2863 2625
2093 2809 2189 2866 fol.
2229 2815 2333 2864 260
2368 2828 2484 2880 seq.

182 2884 258 2937 de
305 2899 375 2936 en
401 2900 485 2936 ur.

332 2952 423 3006 Ad
457 2971 512 3022 p.
555 2958 656 3007 169
694 2971 745 3007 v.
786 2948 1068 3004 Πλάτων
1105 2950 1333 3022 scripsit
1368 2951 1442 3004 Ε.
1471 2951 1685 3006 Rohde:

336 3023 496 3078 Falsa
542 3023 678 3078 olim
723 3022 908 3092 specie
952 3022 1242 3090 inductus,
1293 3022 1496 3076 Suidae
1542 3020 1856 3075 illudanoel
1902 3015 2100 3074 ὑπνῶν
2146 3015 2358 3092 ἀνεβίω
2399 3039 2481 3076 se-

177 3095 432 3150 cundum
471 3093 679 3149 Laertii
715 3092 1090 3148 narrationem
1127 3093 1225 3162 (lII
1261 3099 1290 3159 ἕ
1328 3095 1384 3162 3)
1433 3092 1819 3162 castigandum
1868 3107 1987 3146 esse
2034 3090 2263 3148 credidi.
2338 3091 2485 3147 Ecce

175 3167 331 3233 iam,
368 3164 468 3234 qui
501 3164 650 3220 idem
687 3168 856 3232 atque
895 3163 1094 3218 Suidas
1129 3167 1397 3232 testatur,
1440 3165 1846 3228 Ter-tullianae,
1892 3163 1963 3216 de
2000 3163 2190 3216 anima
2226 3180 2345 3233 cap.
2388 3169 2483 3218 52:

180 3236 337 3307 „etsi
393 3236 538 3304 (quis
595 3236 854 3304 spiritum
909 3235 1158 3303 exhalet)
1213 3252 1315 3306 per
1373 3235 1648 3290 somnium
1703 3235 1753 3302 (‘
1770 3233 2056 3287 somnum’
2116 3233 2487 3304 probabiliter

181 3307 510 3376 Oehlerus),
556 3311 621 3361 ut
667 3307 890 3361 Plato“.
973 3306 1055 3359 Ex
1099 3307 1206 3360 hoc
1251 3306 1585 3362 Tertulliani
1630 3305 1802 3373 (quod
1824 3304 1939 3359 ·i11e
1986 3303 2227 3359 fortasse
2267 3305 2481 3360 Sorano

179 3379 378 3446 debet)
425 3378 772 3445 testimonie,
827 3377 900 3431 ab
952 3377 1030 3431 eis
1082 3377 1180 3446 qui
1223 3377 1475 3432 Platonis
1526 3376 1704 3431 vitam
1754 3378 2153 3430 enarraverunt
2201 3376 2479 3446 neglectO,

183 3450 405 3504 Laertii
435 3448 812 3504 narrationem
839 3447 1071 3502 alterius
1101 3449 1344 3503 auctoris
1375 3447 1647 3502 relatione
1674 3446 2081 3502 inconsiderate
2110 3447 2480 3516 interpolasse

181 3518 531 3590 Hesychium
569 3522 818 3590 apparat.
885 3519 1140 3574 Alterum
1167 3519 1330 3574 illum
1358 3519 1645 3573 auctorem
1675 3518 1723 3572 si
1788 3519 1874 3572 uis
1906 3517 2279 3587 Porphyrium
2306 3517 2481 3572 fuisse

185 3590 518 3660 coniecerit,
565 3608 656 3646 me
695 3591 844 3645 certe
881 3607 990 3644 non
1027 3591 1260 3646 habebit
1296 3591 1707 3658 obloquentem.
1862 3605 1926 3643 ec
1964 3587 2131 3642 modo
2170 3589 2483 3644 consideres

185 3679 337 3732 quae
377 3661 824 3731 excerptionibus
860 3659 1173 3716 Laertianis
1209 3660 1545 3730 interposuit
1584 3660 1809 3713 aliunde
1856 3659 2110 3714 sublecta
2146 3659 2481 3730 Hesychius:

188 3729 330 3789 οὐδὲ
379 3729 562 3802 γάμον
608 3728 736 3786 τινὰ
785 3727 915 3787 οὐδ’
958 3727 1182 3802 ὁμιλίαν
1228 3729 1505 3796 καθάπαξ
1562 3728 1817 3800 σώματος
1863 3727 1944 3792 εἰς
1996 3735 2201 3795 πεῖραν
2247 3727 2483 3797 δεξάμε-

188 3825 314 3866 νοςε
352 3802 651 3873 Porphyrii
687 3803 1000 3857 doctrinam
1036 3801 1338 3858 asceticam
1375 3801 1517 3858 talia
1552 3800 1805 3856 redolere
1841 3801 2006 3856 facile
2036 3801 2321 3855 concedes.
2380 3800 2480 3853 Cui

187 3894 322 3932 num
363 3877 586 3945 praeter
613 3874 728 3929 alia
764 3875 1037 3943 quaedam
1071 3875 1312 3941 minora,
1352 3891 1494 3942 quae
1533 3889 1568 3926 a
1595 3873 1822 3927 Laertio
1860 3873 2011 3926 certe
2048 3889 2160 3926 non
2194 3872 2483 3925 mutuatus

189 3951 280 4003 est
326 3946 448 4015 (τοῦ
493 3945 732 4013 ποιητοῦ
777 3975 842 3984 -
891 3939 1014 4014 μετ’
1055 3941 1232 3998 αὐτόν
1271 3977 1336 3985 -
1385 3940 1451 4000 τὸ
1498 3942 1751 4011 στέρνον)
1796 3940 2221 3997 memorabilem
2262 3958 2483 4010 quoque

185 4018 354 4073 illum
381 4016 636 4072 Platonis
675 4032 1076 4084 successorum,
1119 4033 1286 4084 quem
1322 4017 1431 4086 ipsi
1469 4015 1539 4070 de
1567 4014 1821 4069 Platonis
1856 4014 1988 4069 fatis
2015 4013 2322 4067 narrationi
2356 4013 2482 4066 sub·

191 4090 398 4156 texuit,
436 4087 680 4142 indicem
716 4087 922 4142 debeat
947 4086 1280 4156 Hesychius,
1315 4104 1429 4142 non
1457 4087 1713 4140 decerno.
1780 4084 2039 4139 Ceterum
2076 4082 2135 4136 in
2162 4081 2345 4138 indice
2382 4081 2481 4141 illo

192 4161 340 4214 inter
376 4154 717 4227 Καρνεάδης
763 4159 823 4212 et
857 4153 1167 4230 Χαρμάδας
1211 4153 1375 4228 phira
1419 4157 1648 4212 nomina
1694 4155 1948 4210 omisisse
1992 4152 2347 4208 librariorum
2396 4170 2483 4208 so-

191 4231 440 4286 cordiam
489 4231 722 4298 apparet
727 4249 749 4294 3
807 4227 927 4282 fieri
982 4229 1126 4283 enim
1180 4229 1399 4297 nequit,
1450 4230 1516 4282 ut
1566 4225 1907 4281 Charmadas
1958 4224 2132 4294 ipsius
2183 4223 2483 4279 Carneadis

192 4317 478 4357 successor
513 4301 802 4356 habeatur.
842 4330 909 4339 —
948 4299 983 4354 l.
1028 4305 1091 4354 16
1131 4295 1182 4370 η’
1222 4317 1323 4369 pro
1362 4295 1410 4354 κ’
1452 4315 1589 4353 corr.
1624 4297 1739 4351 iam
1777 4297 1851 4352 K.
1882 4295 1953 4349 F.
1983 4295 2288 4351 Hermann.

1968 4407 2059 4486 b*
