3025 4892
1132 208 1523 267 APPENDIX.
2342 194 2473 258 255

341 370 874 441 ἐπαναστάντων
929 370 1004 439 δὲ
1052 368 1230 462 αὐτῷ
1277 374 1416 441 τῶν
1456 370 1859 459 Ἀθηναίων,
1906 369 2335 462 ὑπεχώρησεν
2381 377 2475 451 είς

177 482 465 548 Χαλκίδα
505 482 847 548 τοσοῦτον
875 474 1194 565 ὑπειπών,
1241 474 1332 557 (ὃς
1368 475 1484 546 ὀὐ
1513 478 1925 568 συγχωρήσω
1950 476 2335 568 Ἀθηναίοις
2372 482 2477 559 δὶς

171 586 488 675 ἁμαρτεῖν
529 590 631 667 εἰς
667 589 1078 673 φιλοσοφίαν
1097 586 1134 653 ’.
1183 583 1322 652 ἐπεὶ
1353 583 1427 652 δὲ
1455 582 1626 670 <οὐ>
1651 584 1732 653 τὰ
1762 584 1930 655 αὐτὰ
1956 586 2343 673 καθήκοντα
2382 578 2469 673 ἦν

170 701 398 785 πολίτῃ
447 695 572 762 καὶ
622 694 786 784 ξένῳ
832 692 982 778 περὶ
1021 688 1146 778 τὴν
1192 694 1327 760 τῶν
1369 688 1751 779 Ἀθηναίων
1796 692 2028 780 πόλιν,
2075 694 2475 762 ἐπιστέλλων

163 800 578 891 Ἀντιπάτρῳ
608 798 852 888 γράφει
881 797 956 866 τὸ
991 797 1312 884 Ἀθήνησι
1351 800 1719 887 διατρίβειν
1758 800 2045 887 ἐργῶδες
2074 800 2313 889 εὄγχνη
2343 800 2472 886 γὰρ
2503 818 2529 859 ⁵

169 905 264 974 ἐπ’
321 908 544 997 ὄγχνῃ
593 907 940 994 γηράσκει,
984 908 1192 973 σῦκον
1244 902 1307 972 δ’
1355 904 1458 973 ἐπὶ
1509 903 1739 996 σύκῳ’,
1794 905 1919 994 τὴν
1972 907 2296 995 διαδοχὴν
2337 912 2473 975 τῶν

171 1014 799 1103 συκοφαντούντων
847 1010 1322 1099 αἰνιττόμενος.
1412 1011 1525 1078 καὶ
1568 1018 1837 1105 τελευτᾷ
1884 1016 2091 1083 ἐκεῖσε
2139 1012 2477 1101 διαθήκην

171 1126 522 1210 ἔγγραφον
554 1118 958 1204 καταλιπών,
985 1114 1028 1206 ἢ
1057 1120 1326 1206 φέρεται
1355 1120 1536 1205 παρά
1566 1144 1634 1187 τε
1657 1115 2063 1213 Ἀνδρονίκῳ
2090 1122 2201 1189 καὶ
2234 1127 2477 1189 Πτολε-

170 1233 338 1319 μαίῳ
369 1227 548 1315 μετὰ
577 1226 782 1315 <τόν>
803 1231 1051 1295 πίνακα
1079 1230 1214 1293 τῶν
1243 1224 1454 1294 αὐτοῦ
1483 1226 2040 1315 συγγραμμάτων,
2070 1229 2175 1297 ἐπὶ
2204 1228 2475 1314 (παισὶ)
2511 1232 2551 1291 9

171 1333 290 1419 μὲν
319 1337 703 1423 Νικομάχῳ
737 1334 852 1401 ’καὶ
881 1336 1210 1419 Πυθαΐδι,
1249 1338 1555 1419 γνησίοις
1588 1332 1663 1401 δὲ
1690 1343 2022 1421 μαθηταῖς
2049 1334 2479 1425 Θεοφράστῳ,
2510 1361 2563 1402 ιο

178 1446 421 1533 Φανίᾳ,
473 1440 900 1533 Εὐ<δήμῳ>,
946 1443 1220 1533 Κλυτῳ,
1263 1436 1727 1531 Ἀριστοξένῳ,
1776 1440 2193 1533 Δικαιάρχῳ,
2240 1441 2485 1510 συντά-

171 1568 378 1633 γμασι
428 1548 512 1617 δὲ
563 1554 802 1636 χιλίοις
853 1546 975 1616 τὸν
1021 1544 1345 1634 ἀριθμόν,
1400 1546 1615 1615 πολλὰ
1671 1546 1795 1632 μὲν
1843 1547 2264 1635 δυν<άμενος
2306 1548 2487 1637 παρὰ

174 1658 355 1739 τοῖς>
393 1652 550 1723 κατ’
586 1652 796 1723 αὐτὸν
832 1657 1212 1740 βασιλεῦσι,
1256 1658 1593 1743 Φιλίππῳ,
1617 1650 2031 1739 Ὀλυμπιάδι,
2054 1652 2487 1748 Ἀλεξάνδρῳ,

171 1758 617 1854 Ἀντιπάτρῳ,
662 1764 742 1850 τῇ
791 1759 866 1828 δὲ
903 1762 1184 1847 δυνάμει
1226 1756 1579 1850 όρ<γάνῳ>
1616 1767 2022 1848 φιλοσοφίας
2056 1763 2488 1849 χρησάμενος.

180 1868 362 1935 ἴδιον
403 1869 486 1937 δὲ
533 1872 651 1955 τῆς
688 1866 1182 1956 Ἀριστοτέλους
1217 1873 1623 1954 φιλοσοφίας
1658 1865 1733 1935 τὸ
1772 1864 1862 1954 μὴ
1898 1865 2315 1954 ἀφίστασθαι
2350 1873 2488 1937 τῶν
2518 1898 2570 1937 15

180 1974 526 2061 ἐναργῶν·
592 1974 754 2062 μετὰ
801 1972 928 2060 γὰρ
974 1972 1094 2053 τὰς
1140 1970 1506 2055 ἀποδείξεις
1553 1974 1663 2041 καὶ
1708 1974 1869 2055 τοὺς
1912 1973 2203 2056 πολλοὺς
2246 1974 2491 2063 μαρτύ-

180 2103 395 2163 ρεται·
467 2082 582 2149 καὶ
643 2084 724 2171 ἐν·
776 2085 866 2171 τῷ
937 2083 1086 2168 περὶ
1152 2078 1452 2167 οὐρανοῦ
1507 2082 1666 2162 τοὺς
1730 2076 2070 2173 πλανῆτας
2122 2080 2494 2171 ἀνωμάλως

184 2198 542 2256 κινεῖσθαι
587 2190 764 2274 λέγει
802 2187 914 2255 διὰ
949 2186 1076 2273 τὴν
1114 2187 1498 2273 ἐνάργειαν,
1545 2192 1723 2275 <τῶν
1762 2192 2115 2277 σφαιρῶν)
2161 2194 2297 2257 τῶν
2344 2188 2494 2257 ἄνε-

183 2298 569 2364 λιττουσῶν
619 2294 744 2382 τὴν
792 2286 1051 2381 ἱμάλὴν
1102 2299 1370 2380 κίνησιν
1421 2300 1778 2376 σωζουσῶν
1800 2318 1813 2334 ·
1873 2296 1985 2364 καὶ
2044 2298 2116 2364 ἐν
2159 2310 2303 2375 ταῖς
2346 2322 2494 2363 κατ·

186 2410 504 2489 ηγορίαις
548 2400 1062 2489 καταπλήττεται
1108 2400 1229 2481 τὰς
1273 2398 1565 2489 ἀτόμους
1602 2399 1853 2491 οὐσίας,
1898 2404 2010 2471 καὶ
2048 2406 2496 2491 π<ροτί>θησι
2524 2429 2577 2469 20

191 2513 330 2579 τῶν
377 2511 697 2580 καθόλου
743 2508 854 2578 διὰ
901 2507 1121 2596 μόνην
1165 2506 1288 2595 τὴν
1328 2508 1707 2595 ἐνάργειαν·
1761 2511 1873 2578 καὶ
1911 2511 2037 2597 γὰρ
2077 2507 2179 2578 ὅτι
2213 2506 2295 2577 τὰ
2331 2519 2499 2578 καθ-

193 2614 363 2686 όλου
427 2616 557 2687 οὐκ
616 2623 753 2686 ἔστι
815 2617 926 2685 καὶ
983 2618 1056 2685 ἐν
1120 2628 1261 2695 τοῖς
1316 2615 1466 2701 περὶ
1526 2620 1741 2703 ψυχῆς
1786 2637 1979 2704 φησι·
2052 2613 2157 2685 ‘th
2209 2615 2284 2684 δὲ
2330 2620 2500 2697 ζῶον

192 2723 266 2790 τὸ
319 2724 636 2794 καθόλου
681 2723 831 2811 ἤτοι
870 2720 1074 2791 οὐδέν
1120 2723 1300 2790 ἐστιν
1347 2716 1387 2806 ἢ
1434 2719 1781 2807 ὕστερον’·
1829 2718 2085 2809 ἀσαφὲς
2127 2720 2256 2809 γὰρ
2301 2720 2377 2789 τὸ
2426 2722 2499 2789 ἐν

199 2843 344 2911 τοῖς
405 2839 683 2910 πολλοῖς
731 2828 1066 2910 καθόλου,
1128 2826 1235 2896 διὸ
1292 2828 1403 2894 καὶ
1457 2827 1932 2913 καταναγκάζει
1984 2828 2201 2897 πάντα
2257 2831 2330 2896 ἐκ
2384 2832 2503 2914 τῆς

198 2938 574 3027 ἐναργείας.

347 3143 382 3191 3
424 3130 493 3191 οὗ
533 3135 660 3191 add.
689 3128 906 3200 Rome,
943 3125 1048 3185 οὐκ
1078 3133 1209 3185 ante
1247 3120 1318 3197 ἦν
1349 3128 1557 3197 Robbe,
1597 3126 1745 3185 αὐτὰ
1781 3148 1890 3189 om.
1921 3134 2064 3202 cod„
2100 3134 2198 3188 sed
2234 3132 2296 3187 in
2324 3148 2501 3201 marg.

205 3214 469 3271 additum
498 3218 585 3271 esfi
693 3219 727 3267 4
755 3212 884 3280 περὶ
907 3242 971 3251 ——
992 3206 1158 3264 πόλιν
1187 3210 1585 3265 commutanda
1612 3215 1712 3267 aut
1739 3214 2109 3285 expungenda
2137 3216 2300 3285 putat
2320 3212 2505 3268 Robbe

206 3300 234 3348 7
277 3291 524 3369 heiste]
554 3296 832 3366 expuncta.
859 3293 1110 3346 extrema
1138 3289 1358 3359 syllaba
1384 3289 1574 3360 inepte
1608 3292 1795 3349 Robbe
1902 3300 1935 3348 9
1964 3314 2105 3365 μετα
2137 3338 2149 3351 .
2181 3337 2193 3348 .
2226 3285 2238 3348 ζ
2270 3338 2283 3351 .
2311 3313 2504 3348 πινακ.

206 3375 331 3430 eod.
373 3393 514 3431 corr.
543 3376 730 3431 Robbe
845 3372 1005 3427 παισὶ
1043 3388 1150 3426 om.
1191 3371 1312 3426 cod.
1351 3371 1478 3427 add.
1518 3373 1704 3429 Robbe
1826 3380 1888 3428 11
1930 3370 1995 3429 εὖ
2028 3420 2039 3431 .
2072 3419 2087 3432 .
2118 3417 2130 3429 .
2160 3375 2342 3445 κλυτῷ
2384 3373 2505 3428 cod.

219 3472 286 3509 ex
324 3456 508 3513 latina
533 3455 804 3511 Vei-sione
839 3454 1058 3508 textum
1085 3451 1336 3508 resssituit
1363 3452 1549 3507 Robbe
1670 3459 1733 3506 12
1766 3450 1941 3507 πολλὰ
1972 3452 2077 3524 μὲν
2104 3457 2212 3509 &vv
2245 3494 2504 3510 ........

209 3533 341 3591 κατ’
385 3537 511 3593 eod.
548 3536 729 3605 suppl.
766 3532 952 3589 Robbe
1099 3538 1165 3586 14
1202 3528 1446 3601 δυνάμει
1482 3526 1549 3598 ὄρ
1581 3572 1771 3587 .....
1802 3534 2141 3601 φιλοσοφίας
2179 3534 2319 3599 cod„
2358 3532 2509 3601 quod

213 3619 398 3688 suppl.
430 3616 617 3671 Robbe
651 3615 779 3670 coll.
815 3613 916 3668 lat.
954 3629 1096 3668 vers.
1130 3611 1468 3683 ‘plurimum
1505 3614 1694 3665 autem
1732 3628 1865 3664 usus
1902 3614 1987 3666 esis
2014 3627 2225 3679 organo
2262 3609 2507 3680 philoso-

213 3695 438 3763 phiae’.
511 3696 662 3752 Fort.
699 3696 985 3763 transpon.
1025 3692 1364 3761 φιλοσοφίας
1400 3688 1626 3763 ὀργάνῳ
1774 3696 1841 3745 18
1877 3692 1987 3745 τῶν
2024 3692 2279 3761 σφαιρῶν
2314 3692 2507 3760 utique

218 3776 592 3846 supplendum
628 3791 746 3829 esse
782 3773 928 3830 vidifi
959 3770 1170 3838 Robbe3
1215 3771 1358 3825 nihil
1395 3774 1619 3842 praeter
1655 3771 1836 3841 ipsam
1873 3771 2017 3826 hanc
2054 3787 2248 3826 vocem
2284 3771 2507 3826 interci-

219 3854 368 3910 disse
407 3855 711 3911 arbikratur
747 3854 962 3920 Rome,
1001 3852 1128 3907 coll.
1167 3851 1394 3905 Arisssoiz.
1435 3850 1683 3920 Metaph.
1724 3855 1788 3919 Α,
1817 3856 1850 3904 8
2003 3857 2072 3904 20
2118 3871 2161 3905 π
2190 3894 2202 3905 .
2233 3895 2245 3907 .
2282 3894 2294 3906 .
2326 3894 2338 3906 .
2370 3855 2511 3920 θησι

221 3936 360 4006 cod.,
400 3936 552 4005 quod
589 3935 772 4004 suppl.
809 3934 996 3989 Robbe
1147 3938 1216 3986 24
1253 3930 1440 3987 πάντα
1478 3948 1618 3988 corr.
1656 3930 1871 4000 Rohde,
1908 3926 2127 3992 πάντας
2162 3931 2285 3987 cod.
2324 3931 2511 3985 Robbe

1103 4184 1635 4194 -.-—.————-.—-.-·
