3025 4892
1159 205 1724 262 paones-onam.
1756 175 1771 188 ’
2488 209 2583 264 Lv

283 391 406 453 pro
457 363 596 452 Ἀρ.
649 405 720 416 -
776 367 904 434 καὶ
955 362 1452 454 Ἀριστείδης
1504 369 1641 436 cod.
1672 369 1833 436 Ven.
1864 365 1973 454 (cf.
2004 369 2199 436 etiam
2250 393 2311 456 p.
2341 372 2409 455 5,
2452 369 2583 460 15),

283 476 612 561 corrigere
659 475 830 559 vult,
877 475 1262 541 adversante
1301 475 1569 560 Maass.,
1614 475 1833 560 Biogr.
1877 498 1941 561 p.
1973 477 2058 542 82
2088 481 2223 543 not.

465 589 542 654 In
609 591 1083 675 grammaticis,
1147 592 1256 677 qui
1313 595 1462 657 ante
1520 590 1805 676 Augusti
1872 596 2155 658 aetatem
2211 593 2585 679 floruerunt,
2630 599 2671 678 ξ
2708 597 2750 662 3

285 695 780 782 Asclepiadis
822 695 1213 782 Myrleani
1257 697 1731 784 γραμματικῶν
1788 698 2019 784 libros,
2076 721 2237 784 quos
2286 705 2582 766 accurate

285 804 515 868 laudat
550 826 608 869 v.
643 798 918 887 Ὀρφεύς
954 805 1157 888 Κροτ.
1199 801 1304 888 (cf.
1343 827 1400 870 v.
1445 801 1827 890 Πολέμων),
1874 804 2291 888 praecipuum
2336 805 2581 872 fontem

285 911 492 975 fuisse
519 913 860 994 postquam
891 909 1136 994 primus
1167 910 1329 974 vidit
1355 909 1604 995 Rohde,
1630 909 1797 976 Mus.
1824 909 2030 980 Rhen.
2050 909 2332 976 XXXIII
2361 935 2422 996 p.
2456 913 2579 979 167

282 1022 415 1083 not.
445 1017 514 1102 3,
559 1016 874 1102 prolixius
923 1016 1318 1082 examinavit
1363 1016 1591 1100 Daub,
1646 1015 1723 1082 de
1784 1015 1957 1082 Sujd.
1995 1040 2055 1101 p.
2093 1017 2220 1082 457
2256 1039 2389 1103 seq.
2436 1019 2583 1084 coll.

283 1125 481 1190 etiam
519 1125 632 1188 vit.
669 1122 852 1188 Arat.
889 1147 950 1208 p.
989 1123 1094 1206 52,
1131 1123 1173 1188 5
1201 1122 1549 1188 Westerm.
1586 1117 1783 1210 (Ἀσκ.
1834 1117 1871 1188 ὁ
1912 1127 2007 1190 M.
2044 1123 2117 1189 ἐν
2164 1125 2255 1212 τῷ
2294 1122 2391 1190 ια’
2430 1123 2579 1211 περὶ

281 1257 384 1316 γρ.
417 1229 680 1314 Θαρσέα
717 1226 936 1315 φησὶν
973 1224 1182 1295 αὐτὸν
1219 1227 1621 1314 γεγονέναι),
1666 1231 1776 1315 qui
1811 1231 2045 1296 horum
2080 1233 2367 1298 virorum
2407 1232 2579 1299 vitas

283 1339 386 1406 vel
423 1340 704 1405 vitarum
741 1341 960 1422 partes
1009 1335 1092 1401 ad
1130 1335 1536 1420 Asclepiadis
1583 1336 1787 1403 libros
1823 1337 2105 1402 rettulit:
2137 1331 2580 1423 Ἀρίσταρχος,

277 1442 760 1531 Ἀριστοφάνης
807 1439 1202 1525 Βυζάντιος,
1258 1438 1774 1526 Ἐρατοσθένης,
1832 1439 2213 1527 Ζηνόδοτος
2257 1439 2580 1538 Ἐφέσιος,

283 1555 732 1636 Καλλίμαχος,
770 1554 1187 1635 Πτολεμαῖος
1227 1544 1264 1614 ὁ
1297 1543 1668 1632 Ἐπιθέτης,
1706 1553 2122 1633 Πτολεμαῖος
2157 1552 2578 1636 Πινδαρίων,

281 1655 556 1744 Κράτης
610 1653 1005 1740 Μαλλώτης,
1049 1650 1478 1739 Ἀλέξανδρος
1525 1651 1883 1739 Μιλήσιος,
1926 1651 2314 1741 Ἀμμώνιος,
2350 1652 2577 1724 Ἀπολ-

279 1761 612 1848 λόδωρος,
688 1758 1170 1847 Ἀσκληπιάδης
1251 1759 1685 1847 Μυρλεανός,
1755 1747 2186 1847 Ἀλέξανδρος
2255 1761 2578 1848 Αίτωλός,
2642 1823 2649 1828 .

279 1870 598 1956 (exceptis
671 1870 888 1936 verbis
959 1857 1154 1946 οὗτος
1199 1866 1392 1954 seq.),
1468 1869 1813 1954 Δαφίδας,
1888 1866 2273 1954 Δημήτριος
2338 1867 2575 1954 Ἰξίων,

281 1978 623 2060 Δίδυμος,
699 1978 1106 2059 Δικαίαρχος
1179 1976 1451 2058 Λακεδ,
1529 1972 1899 2053 Διονύσιος
1962 1976 2172 2064 Θρᾷξ,
2234 1971 2579 2055 Ἑκαταῖος

273 2079 484 2166 Ἀβδ,
545 2077 944 2166 Εὐφορίων,
994 2077 1408 2166 Ζηνόδοτος,
1465 2079 1802 2165 Λυγκεύς,
1859 2079 2221 2166 Μαρσύας,
2278 2080 2575 2168 Μόσχος,

275 2192 699 2274 Νίκανδρος,
741 2183 1036 2269 Ῥιανός,
1095 2189 1462 2271 Σωσίβιος,
1528 2184 1852 2272 Τρύφων,
1908 2191 2305 2272 Τυραννίων
2348 2193 2577 2274 πρεσβ.

277 2296 428 2373 Qua
463 2296 531 2361 in
566 2318 636 2360 re
674 2316 882 2379 pauca
923 2294 1086 2360 mihi
1123 2315 1384 2360 monere
1423 2293 1641 2360 liceat.
1712 2292 1963 2378 Nempe
2010 2316 2156 2358 cum
2202 2297 2575 2380 grammati-

275 2425 504 2468 corum
541 2402 715 2467 vitae
744 2401 1030 2486 Augusti
1073 2404 1286 2466 aetate
1319 2423 1451 2466 non
1479 2401 1925 2485 terminentur,
1964 2401 2077 2466 sed
2105 2423 2350 2486 paucae
2378 2402 2575 2466 etiam

271 2509 712 2574 recentiorum
777 2507 1138 2591 descriptae
1205 2508 1340 2572 sint
1393 2504 1502 2591 (cf.
1542 2501 1840 2592 Ἅβρων,
1915 2509 2311 2592 Τυραννίων
2368 2505 2574 2591 venia,

266 2610 788 2699 Ἐπαφρόδιτος,
840 2608 1096 2679 Ἀπολλ.
1144 2613 1523 2696 Δύσκολος,
1561 2607 2001 2698 Ἡρωδιανός,
2048 2610 2372 2698 Νικάνωρ
2425 2612 2571 2701 etc.)

271 2721 514 2787 deinde
570 2726 786 2786 autem
833 2720 1239 2805 Asclepiadis
1283 2718 1603 2804 Myrleani
1660 2720 1865 2806 ipsius
1910 2721 2049 2787 vita
2097 2720 2423 2806 descripta
2470 2723 2575 2806 sit,

273 2851 476 2914 quam
534 2849 654 2893 nec
699 2827 916 2911 ipsum
962 2825 1307 2891 tradidisse
1354 2826 1691 2909 probabile
1738 2831 1838 2892 est
1882 2823 2031 2912 (nec
2076 2826 2392 2912 Hesychii
2439 2830 2573 2914 qui-

273 2936 429 3000 dem
473 2935 678 2998 vitam
724 2935 806 2998 ab
854 2934 997 3017 ipso
1035 2933 1399 3017 profectam
1448 2955 1589 2998 esse
1642 2931 1832 3020 dixi),
1873 2933 2280 3020 Asclepiadis
2332 2935 2582 3000 librum.

273 3064 433 3107 mox
481 3042 562 3106 ab
610 3039 754 3104 aliis
802 3044 1067 3105 auctum
1113 3061 1252 3104 esse
1299 3041 1614 3124 suspicor,
1665 3040 1773 3124 qui
1820 3060 1983 3123 quae
2029 3041 2097 3106 in
2142 3041 2260 3106 illo
2304 3046 2574 3125 propter

275 3147 598 3232 temporis
634 3146 954 3212 rationem
992 3149 1210 3211 extare
1237 3147 1603 3231 nequirent,
1638 3147 1813 3212 ultro
1844 3147 2344 3231 adscripserunt.
2390 3145 2571 3213 Cete-

271 3277 425 3320 rum
481 3253 704 3318 eadem
753 3275 1008 3338 quoque
1054 3251 1131 3316 de
1179 3273 1375 3317 eausa
1419 3253 1521 3320 vel
1569 3253 2009 3336 Tyrannionis
2056 3252 2323 3318 maioris
2370 3253 2569 3320 vitam

273 3360 365 3426 ab
403 3359 787 3446 Asclepiade
833 3381 964 3424 non
997 3343 1290 3424 ⁴describi
1337 3360 1629 3444 potuisse
1676 3360 1935 3444 opinor3
1991 3380 2381 3443 quamquam
2427 3382 2571 3425 eam

273 3465 724 3548 quaestionem
752 3471 1011 3531 tantum
1033 3467 1352 3551 stringere
1380 3466 1449 3530 in
1469 3468 1687 3530 animo
1720 3469 1835 3530 est.
1873 3463 2277 3550 Asclepiadis
2298 3465 2569 3551 denique

272 3571 644 3636 doctrinam
692 3593 732 3635 a
765 3571 1042 3637 Philone
1079 3571 1318 3655 Byblio
1359 3571 1839 3656 suppeditatam
1884 3593 2023 3637 esse
2059 3571 2395 3654 Hesychio
2438 3593 2568 3636 non

272 3676 583 3764 probavit
629 3677 846 3762 Daub‚
895 3677 1072 3744 Stud.
1101 3701 1162 3763 p.
1200 3680 1341 3745 147.

455 3791 760 3857 Fortasse
799 3794 998 3858 etiam
1037 3793 1370 3858 alterum
1406 3792 1811 3877 Asclepiadis
1849 3793 2133 3858 librum
2160 3792 2229 3856 in
2254 3789 2567 3875 Hesychii

273 3900 572 3965 fontibus
611 3898 1060 3964 collocandum
1098 3899 1462 3985 suspiceris.
1518 3897 1852 3964 Laudatur
1887 3899 2061 3962 enim
2088 3899 2158 3963 in
2185 3897 2321 3962 vita
2348 3896 2565 3961 Ascle-

273 4005 490 4092 piadis
538 4004 702 4070 liber
748 4000 1146 4088 φιλοσόφων
1191 4007 1471 4088 βιβλίων
1522 4000 1965 4089 διορθωτικά,
2018 4025 2145 4088 quo
2191 4003 2269 4066 de
2317 4002 2567 4068 delectu

273 4112 597 4177 librorum
634 4109 1234 4195 philosophicorum
1281 4110 1682 4194 disputatum
1718 4111 1919 4176 fuisse
1956 4108 2286 4196 perspexit
2323 4107 2568 4192 Rohde,

275 4218 445 4284 Mus.
481 4217 687 4298 Rhen„
722 4215 1009 4280 XXXIII
1051 4239 1112 4300 p.
1162 4218 1287 4281 174
1331 4221 1492 4298 not,
1548 4222 1623 4281 ut
1671 4221 1986 4301 tanquam
2046 4213 2565 4301 supplementum

282 4326 362 4390 ad
397 4327 681 4402 πίνακας
716 4319 1208 4408 Περγαμηνούς
1242 4323 1540 4388 laudatos
1580 4346 1619 4388 a
1654 4321 1967 4410 Dionysio
2006 4322 2577 4414 Halicarnassensi
