3025 4892
1126 233 1551 292 HESYCHIUS.
2393 235 2481 298 49

167 395 298 483 τὴς
335 396 410 464 δὲ
445 394 656 466 αὐτοῦ
696 395 1029 484 διαφανὴς
1058 397 1316 482 ἐγένετο
1357 393 1821 484 Μητρόδωρος
1861 392 1896 462 5
1938 403 2121 481 Χῖος,
2161 385 2243 463 οὗ
2280 394 2482 464 πάλιν

169 499 498 592 ἀκροαταὶ
541 500 942 592 Ἀνάξαρχος
991 503 1102 570 καὶ
1137 499 1573 588 Ἱπποκράτης
1620 499 1655 570 ὁ
1706 501 1949 590 ἰατρός.
2023 501 2355 589 ἐπεκλήθη
2405 501 2482 570 δὲ

167 613 414 695 Σοφία
461 607 495 676 ὁ
543 608 994 696 Δημόκριτος,
1039 609 1151 676 καὶ
1191 613 1554 689 Γελασῖνος
1600 607 1737 694 [δὲ]
1786 608 1899 676 διὰ
1946 608 2019 678 τὸ
2068 613 2271 696 γελᾶν
2316 607 2483 696 πρὸς

167 711 252 781 τὸ
323 713 788 783 κενόσπουδον
855 717 992 782 τῶν
1047 710 1452 798 ἀνθρώπων.
1552 713 1796 801 γνήσια
1861 715 1935 784 δὲ
1990 713 2200 784 αὐτοῦ
2254 721 2481 801 βιβλία

169 820 314 886 εἰσὶ
361 819 523 906 δύο,
572 817 608 888 ὅ
655 847 724 888 τε
771 821 972 908 μέγας
1020 820 1384 907 διάκοσμος
1429 821 1540 888 καὶ
1584 820 1661 890 τὸ
1706 821 1857 910 περὶ
1903 822 2169 909 φύσεως
2205 820 2480 911 κόσμου.
2508 841 2535 882 ⁶

169 930 428 1014 ἔγραψε
474 926 550 994 δὲ
594 927 706 995 καὶ
753 926 1113 1008 ἐπιστολάς.
1217 991 1230 1002 ,

361 1035 763 1101 CLXXXIX.
820 1041 1159 1120 Δημοσθ
1174 1036 1308 1121 ε’νη
1322 1061 1354 1114 ς
1383 1032 1763 1122 Ἀθηναῖος,
1802 1034 1950 1115 υίὸς
1989 1037 2482 1124 Δημοσθένους

170 1139 289 1205 καὶ
353 1138 815 1226 Κλεοβούλης,
894 1137 1146 1227 ῥήτωρ,
1206 1145 1344 1209 τῶν
1410 1141 1645 1228 δήμων
1710 1145 2107 1229 Παιανιεύς,
2176 1139 2481 1231 ἐπιμελὴς

172 1249 438 1332 μᾶλλον
474 1241 515 1332 ἢ
557 1243 836 1332 εὐφυής,
885 1243 974 1326 ὡς
993 1245 1363 1334 ’Ἕρμιππος
1401 1251 1671 1336 ἱστορεῖ,
1718 1249 1829 1316 καὶ
1872 1249 2037 1337 πρὸς
2072 1249 2190 1329 τὰς
2230 1246 2483 1336 ἡδονὰς

173 1350 577 1437 ἀκόλαστος,
625 1349 716 1432 ὥς
759 1353 871 1422 καὶ
916 1353 1115 1422 τοῦτό
1164 1375 1375 1442 φησιν
1421 1352 1456 1422 5
1507 1354 1724 1436 αὐτός.
1792 1353 1961 1425 ὅθεν
2004 1357 2117 1424 καὶ
2157 1357 2311 1436 νέος
2355 1355 2478 1445 μὲν
2508 1375 2559 1414 10

177 1455 278 1527 ὧν
326 1459 634 1539 Βάταλος
687 1460 940 1547 ἐκλήθη
997 1458 1088 1541 ὥς
1141 1462 1248 1529 καὶ
1297 1469 1643 1552 γυναικεία
1688 1463 1923 1551 ἐσθῆτι
1968 1462 2287 1543 πολλάκις
2331 1490 2482 1550 χρη-

177 1565 502 1653 σάμενος,
556 1563 790 1654 Ἀργᾶς
845 1567 920 1636 δὲ
975 1567 1136 1654 μετὰ
1183 1566 1258 1636 τὸ
1305 1573 1398 1648 εἰς
1444 1567 1700 1656 ἄνδρας
1742 1571 2033 1656 τελέσαι,
2092 1569 2254 1657 ὅπερ
2302 1569 2482 1639 ἐστὶν

179 1671 403 1760 ὄνομα
449 1671 684 1760 ὄφεως.
750 1673 1128 1762 ἐπεθύμησε
1176 1675 1252 1742 δὲ
1297 1677 1651 1763 ῥητορικῆς
1684 1681 2190 1764 Καλλίστρατον
2236 1677 2484 1745 θεασά-

180 1807 388 1868 μενος
457 1779 580 1849 τὸν
655 1780 904 1868 ῥήτορα
977 1778 1146 1868 ὑπὲρ
1203 1779 1553 1869 Ὠρωπίων
1618 1784 1917 1869 λέγοντα.
2028 1783 2343 1871 διήκουσε
2411 1783 2485 1852 δὲ

173 1886 436 1956 Ἰσαίου
497 1891 620 1956 τοῦ
679 1885 1098 1975 Ἰσοκράτους
1160 1893 1500 1976 μαθητοῦ,
1574 1890 1684 1957 καὶ
1747 1903 1887 1970 τοῖς
1955 1889 2180 1978 λόγοις
2246 1893 2479 1980 ἐχρῆτο
2513 1908 2563 1948 ¹⁶

179 2000 451 2064 Ζωίλου
477 1999 600 2063 τοῦ
625 1992 1102 2082 Ἀμφιπολίτου
1123 1996 1644 2083 σοφιστεύοντος
1669 1999 1743 2064 ἐν
1767 1995 2103 2086 Ἀθήναις,
2125 1999 2237 2066 καὶ
2264 2006 2487 2067 Πολυ-

177 2101 489 2188 κράτους,
535 2103 645 2170 καὶ
687 2100 1202 2188 Ἀλκιδάμαντος
1246 2106 1368 2170 τοῦ
1415 2108 1711 2188 Γοργίου
1748 2108 2078 2191 μαθητοῦ,
2125 2106 2236 2174 καὶ
2274 2104 2485 2174 αὐτοῦ

180 2211 412 2296 μέντοι
452 2207 889 2296 Ἰσοκράτους.
964 2208 1537 2295 συνεφιλολόγησε
1585 2209 1660 2276 δὲ
1700 2215 1986 2279 Αἰσίωνι
2023 2217 2113 2304 τῷ
2148 2209 2485 2306 Ἀθηναίω

186 2317 301 2384 καὶ
339 2315 708 2406 Θεοπόμπῳ
745 2320 836 2407 τῷ
876 2321 1016 2408 Χίῳ
1056 2313 1433 2406 φιλοσόφῳ,
1473 2315 1920 2402 διηκροάσατο
1963 2318 2037 2385 δὲ
2073 2319 2184 2386 καὶ
2224 2317 2488 2402 Εὐβου-

188 2428 382 2492 λίδου
425 2428 548 2492 τοῦ
597 2426 1014 2491 διαλεκτικοῦ
1064 2424 1175 2490 καὶ
1223 2422 1607 2503 Πλάτωνος.
1698 2423 2074 2511 ἐτελεύτησε
2122 2425 2196 2492 δὲ
2242 2424 2479 2513 φυγὼν
2508 2442 2560 2482 ¹⁰

191 2537 285 2611 εἰς
329 2536 722 2616 Καλαυρίαν
779 2531 854 2598 ἐν
907 2534 997 2624 τῷ
1059 2534 1180 2598 τοῦ
1217 2533 1664 2609 ’Ποσειδῶνος
1723 2533 1877 2622 ἱερῷ
1938 2529 2049 2598 διὰ
2096 2531 2216 2600 τὸν
2264 2539 2486 2600 Μακε-

195 2637 364 2705 δόνα
388 2634 839 2726 Ἀντίπατρον,
876 2635 1492 2724 προσενεγκάμενος
1532 2635 1886 2725 φάρμακον
1922 2635 1996 2707 τὸ
2029 2639 2103 2706 ἐν
2130 2642 2219 2731 τῷ
2250 2644 2488 2708 δακτυ-

194 2748 336 2834 λίῳ,
383 2747 490 2829 ἔτη
537 2742 788 2828 βιώσας
837 2742 950 2828 ξβ’.
1964 2731 1975 2740 ’

370 2850 553 2918 CXC.
630 2851 1166 2937 Δημοσθένης
1226 2825 1422 2941 Θρᾷἷξ.
1517 2842 1711 2932 οὗτος
1768 2858 2013 2940 ἔγραψε
2074 2853 2489 2941 μετάφρασιν

190 2955 470 3035 Ἰλιάδος
535 2960 700 3048 πεζῷ
765 2956 976 3048 λόγῳ,
1053 2956 1370 3044 ἐπιτομὴν
1435 2962 1570 3026 τῶν
1639 2960 2052 3046 Δαμαγήτου
2114 2964 2236 3028 τοῦ
2292 2958 2486 3049 Ἡρα·
2516 2974 2569 3014 ²⁵

195 3062 504 3150 κλειότου,
549 3063 698 3150 περὶ
737 3067 1364 3151 διθυραμβοποιῶν,
1409 3063 1828 3152 μετάφρασιν
1875 3072 1969 3147 εἰς
2015 3067 2138 3154 τὴν
2167 3065 2489 3137 Ἡσιόδου

153 3185 158 3187 ’
201 3175 580 3256 θεογονίαν.

339 3349 364 3394 1
397 3343 496 3396 τοῦ
527 3339 590 3396 δὲ
623 3357 728 3397 om.
749 3337 974 3395 πάλινἿ
1083 3347 1114 3395 2
1135 3341 1336 3394 falsum
1356 3341 1416 3395 id
1461 3358 1584 3396 esse
1608 3343 1678 3396 de
1701 3342 2041 3413 Hippocrate
2063 3345 2176 3400 Coo
2196 3347 2485 3400 narratum

202 3421 409 3475 monuit
427 3421 732 3488 Reinesius‚
760 3418 850 3474 his
878 3420 1136 3474 adiunxit
1156 3420 1354 3474 Suidae
1377 3424 1641 3490 excerpta
1666 3440 1730 3475 ex
1754 3421 1916 3494 Diog.
1940 3424 2033 3492 IX,
2048 3431 2113 3479 37
2136 3427 2196 3480 et
2216 3433 2300 3480 42.
2332 3425 2487 3480 Cete-

203 3518 320 3554 rum
355 3500 422 3555 cf.
463 3500 664 3555 Suidae
703 3500 948 3568 glossam
983 3495 1362 3568 κρατυντήρια
1401 3518 1466 3553 ex
1507 3500 1759 3572 Diogene
1797 3504 1832 3556 l.
1874 3522 1918 3557 c.
1961 3505 2223 3574 petitam:
2274 3503 2488 3574 ἔγραψε

207 3587 342 3649 Δημ.
371 3576 402 3633 5
427 3575 563 3652 Ἆβδ.
593 3580 825 3650 βιβλίον,
855 3572 996 3646 ὅπερ
1028 3575 1178 3633 ἐστὶν
1210 3575 1559 3648 ἑπικριτικὸν
1586 3579 1815 3636 πάντων
1845 3584 1957 3637 τῶν
1978 3583 2313 3653 γραφέντων
2337 3581 2490 3658 αὐτῷ

206 3662 423 3732 βιβλίων
532 3665 563 3712 3
603 3657 665 3712 δὲ
705 3677 773 3713 ex
802 3664 847 3710 A
885 3659 1012 3712 add.
1045 3659 1224 3726 Gaisf.
1340 3666 1375 3713 4
1413 3659 1477 3716 δὲ
1516 3665 1643 3730 post
1681 3659 1883 3731 γνήσια
1924 3668 1981 3718 et
2020 3662 2231 3732 ἔγραψε
2272 3681 2379 3718 om.
2409 3669 2454 3717 V

341 3739 662 3794 CLXXXIX
707 3744 740 3792 8
778 3736 880 3793 τὸν
918 3741 1099 3810 δῆμον
1135 3741 1278 3810 vuly.
1319 3741 1428 3794 τῶν
1467 3737 1661 3810 δήμων
1699 3748 1798 3796 Av
1979 3749 2010 3797 9
2051 3745 2119 3798 de
2159 3738 2378 3812 εὐφυής
2420 3745 2489 3801 cf.

209 3816 469 3891 Δημάδης
508 3822 566 3874 et
603 3820 742 3874 coni.
783 3819 1070 3875 Ruhnken.
1225 3816 1366 3886 πρὸς
1402 3822 1531 3875 add.
1569 3826 1669 3875 AV
1708 3840 1814 3877 om.
1854 3825 1951 3879 rel.
2123 3829 2182 3877 11
2227 3823 2324 3878 καὶ
2361 3829 2490 3881 ante

212 3921 324 3970 γυν.
361 3900 484 3953 add.
517 3905 562 3951 A
601 3917 707 3956 om.
746 3900 844 3954 rel.
979 3906 1040 3954 12
1079 3895 1260 3966 ἄνδρα
1299 3906 1344 3952 A
1474 3907 1539 3955 15
1576 3897 1779 3971 ἡσαίου
1808 3908 1853 3956 V
1973 3909 2037 3959 17
2083 3906 2389 3973 Γρηγορίου
2428 3912 2491 3973 V,

210 3981 303 4052 qui
337 3999 464 4036 mox
503 3998 611 4036 om.
652 3978 749 4034 καὶ
786 3976 964 4034 αὐτοῦ
1005 4011 1068 4020 -
1105 3975 1455 4048 Ἰσοκράτους

343 4058 480 4115 CXC
530 4059 608 4113 Cf.
651 4059 840 4128 Daub,
882 4059 1040 4115 stud.
1079 4079 1131 4130 p.
1173 4066 1241 4114 85
1262 4077 1374 4130 seq.
1523 4068 1593 4115 24
1632 4059 1941 4131 μεταβολὰς
1986 4057 2309 4125 Ὀδυσσείας
2345 4063 2485 4118 coni.

221 4138 559 4207 Valckenaer,
599 4139 698 4208 Op.
730 4138 782 4191 II
817 4158 871 4209 p.
906 4147 1007 4194 116
1044 4140 1216 4194 verba
1252 4141 1352 4194 καὶ
1393 4137 1712 4203 Ὀδυσσείας
1755 4145 1885 4210 post
1924 4136 2155 4205 Ἰλιάδος
2200 4142 2493 4198 inserenda

213 4219 426 4292 putavit,
460 4219 658 4285 Lehrs,
697 4219 1151 4274 Pindarsoholien
1190 4239 1242 4290 p.
1282 4227 1344 4275 51
1511 4228 1579 4276 25
1618 4222 1717 4274 τοῦ
1758 4227 1902 4290 Δαμ.
1940 4222 2155 4290 vu19.B
2194 4224 2303 4277 τῶν
2343 4229 2489 4293 Δαμ.

214 4305 308 4353 AV
355 4299 422 4353 de
460 4305 607 4368 Δαμ.
639 4293 751 4366 Ἡρ.
795 4299 862 4354 of.
902 4317 951 4354 v.
996 4301 1315 4371 Τιμαγένης
1457 4307 1525 4356 26
1566 4300 1635 4354 de
1673 4300 1780 4354 hoo
1815 4300 1959 4354 libro
1999 4301 2067 4356 cf.
2107 4321 2288 4358 meam
2330 4305 2487 4357 scho-

211 4378 846 4437 liorum.Hesiodeoru·m
886 4378 1192 4436 editionem
1229 4400 1281 4451 p.
1326 4387 1424 4435 141

311 4479 588 4520 Ennomus
600 4507 612 4530 ‚
641 4478 709 4520 ed.
737 4478 896 4520 Flach.
2035 4478 2069 4526 4
