3025 4892
513 217 599 282 38
1442 209 1871 266 Haeremus.

515 383 760 466 ἔγραψε
797 383 1091 461 πλεῖστα,
1132 375 1206 442 ἐν
1244 367 1345 453 οἷς
1381 370 1792 459 θαυμάζεται
1834 369 1915 440 τὰ
1964 374 2057 451 εἰς
2084 367 2215 456 τὴν
2254 367 2635 457 ἑξαήμερον.
2708 368 2833 436 καὶ

512 482 656 553 κατ’
709 481 1060 570 Εὐνομίου
1107 479 1182 548 δὲ
1228 480 1603 566 ἐξαιρέτους
1648 478 1962 560 συνέταξε
2008 475 2283 564 λόγους,
2340 479 2449 545 καὶ
2492 478 2645 565 περὶ
2698 478 2833 544 τοῦ

513 590 714 678 ἁγίου
759 588 1133 676 πνεύματος
1177 589 1438 673 τεῦχος,
1495 584 1608 652 καὶ
1653 583 1771 664 τὰς
1814 589 1909 664 εἰς
1953 583 2078 672 τὴν
2126 584 2489 671 ἑξαήμερον
2549 579 2836 669 ὁμιλίας

514 699 741 784 ἐννέα,
790 699 1016 781 ἕτερον
1061 697 1292 781 τεῦχος
1337 690 1730 778 ἀσκητικόν,
1774 690 1925 777 περὶ
1948 696 2342 779 ,παρθενίας
2385 688 2581 774 ἄλλο,
2628 693 2833 756 ἔπαι-

459 824 485 863 5
515 832 641 874 νον
697 797 803 884 εἰς’
842 799 1003 881 τοὺς
1055 799 1120 888 μ’
1179 797 1548 887 μάρτυρας,
1614 799 1842 883 ἕτερον
1901 801 1997 877 εἰς
2054 795 2393 885 Γόρδιον,
2445 793 2654 864 ἄλλον
2732 799 2837 873 εἰς

517 908 869 998 Βαρλαάμ,
947 910 1173 994 ἕτερον
1247 909 1344 985 εἰς
1408 902 1791 973 Ἰουλίτταν.
1899 906 1994 983 εἰς
2068 901 2438 990 διαφόρους
2510 899 2837 989 ψαλμοὺς

516 1017 745 1106 ἠθικοὶ
801 1014 990 1102 λόγοι
1052 1015 1402 1099 διάφοροι,
1456 1013 1825 1096 ἐπιστολαί,
1874 1000 1972 1076 ὦν
2021 1007 2224 1078 οὐδὲν
2270 1007 2585 1096 ἄμεινον,
2646 1006 2837 1096 πρός

515 1153 585 1194 τε
629 1125 751 1193 τὸν
794 1119 1127 1209 σοφιστὴν
1165 1117 1497 1205 Λιβάνιον
1535 1117 1646 1184 καὶ
1682 1115 1853 1203 πρὸς
1887 1113 2007 1184 τὸν
2046 1122 2249 1202 φίλον
2288 1114 2667 1205 Γρηγόριον
2710 1116 2831 1182 καὶ

519 1237 613 1312 εἰς
650 1229 894 1310 ἄλλους
930 1221 1257 1305 πλείονας.
1321 1226 1594 1312 τελευτᾷ
1634 1222 1709 1291 δὲ
1746 1229 2097 1301 Βασίλειος
2134 1225 2511 1308 Γρατιανοῦ
2550 1220 2631 1290 τὰ
2658 1219 2827 1289 Ῥω-

448 1359 497 1398 10
526 1344 743 1425 μαίων
790 1338 1084 1422 σκῆπτρα
1133 1333 1496 1410 διέποντος.
2076 1325 2085 1332 ’

695 1444 853 1512 CLI.
937 1437 1364 1519 Βασιλικὸς
1419 1435 1759 1524 σοφιστῆς.
1822 1436 1973 1522 περὶ
2018 1441 2155 1504 τῶν
2208 1435 2321 1504 διὰ
2377 1441 2515 1504 τῶν
2575 1437 2830 1517 λέξεων

521 1548 904 1638 σχημάτων,
959 1546 1109 1634 περὶ
1166 1547 1520 1632 ῥητορικῆς
1574 1545 1994 1634 παρασκευῆς
2046 1541 2197 1630 ῆτοι
2252 1542 2402 1630 περὶ
2459 1539 2834 1629 ἀσκήσεως,

519 1657 668 1744 περὶ
714 1651 1205 1743 μεταποιήσεως
1247 1651 1359 1719 καὶ
1405 1648 1575 1717 ἄλλα
1621 1648 1795 1717 τινά.

696 1763 888 1830 LCII.
975 1759 1250 1828 Βάτων
1297 1758 1602 1844 κωμικός.
1694 1753 1999 1843 δράματα
2046 1753 2258 1825 αὐτοῦ
2304 1757 2836 1840 Συνεξαπατῶν,

445 1889 496 1932 1⁵
517 1866 1001 1957 Ἀνδροφόνος,
1049 1864 1435 1951 Εὐεργέται.

453 1975 462 1988 '
701 1975 924 2043 CLIII.
1005 1971 1462 2060 Βημάρχιος
1508 1966 1894 2054 Καισαρεὺς
1948 1971 2019 2037 ἐκ
2066 1973 2577 2055 Καππαδοκίας,
2628 1989 2835 2056 σοφι-

523 2080 696 2168 στής.
763 2072 959 2159 οὗτος
1005 2084 1251 2165 ἔγραψε
1286 2075 1404 2157 τὰς
1451 2081 1980 2144 Κωνσταντίνου
2025 2081 2147 2144 τοῦ
2192 2077 2518 2162 βασιλέως
2552 2075 2830 2162 πράξεις

525 2190 598 2257 ἐν
646 2191 931 2274 βιβλίοις
977 2185 1043 2271 ι’,
1091 2185 1358 2272 μελέτας
1381 2169 1472 2252 ’τε
1519 2182 1630 2249 καὶ
1677 2181 1923 2268 λόγους
1972 2183 2361 2270 διαφόρους.

701 2295 920 2363 CLIV.
1002 2294 1356 2381 Βροῦτος
1404 2287 1771 2376 στρατηγὸς
1802 2286 2168 2376 Ῥωμαίων.
2238 2295 2528 2378 ἔγραψεν
2567 2292 2833 2359 ἐπιστο-

365 2481 374 2492 ,
443 2421 496 2462 20
523 2399 644 2482 λὰς
675 2401 786 2468 καὶ
813 2403 948 2468 τῶν
977 2403 1328 2485 Πολυβίου
1355 2400 1477 2466 τοῦ
1509 2399 1851 2483 ἱστορικοῦ
1880 2401 2135 2483 βίβλων
2165 2396 2500 2485 ἐπιτομήν.
2556 2397 2835 2485 θαυμά-

526 2513 696 2589 ζεται
743 2507 819 2576 δὲ
865 2510 959 2588 εἰς
1003 2505 1128 2592 τὴν
1171 2509 1309 2573 τῶν
1357 2505 1726 2571 ἐπιστολῶν
1773 2504 1965 2571 ἰδέαν
2009 2503 2222 2591 ἤγουν
2269 2508 2666 2593 χαρακτῆρα.

701 2615 889 2682 CLV.
981 2617 1246 2693 Βῶλος
1303 2614 1785 2697 Δημοκρίτειος
1858 2610 2253 2698 φιλόσοφος.
2327 2615 2631 2697 ἱστορίαν
2706 2613 2828 2680 καὶ

526 2859 596 2870 -
633 2827 732 2883 καὶ
768 2821 897 2881 κατ’
928 2858 989 2867 -—
1028 2824 1297 2892 συνέταξε
1338 2855 1405 2864 -
1445 2823 1529 2888 εἰς
1565 2825 1726 2892 διαφ.
1768 2855 1829 2864 -—
1870 2819 2073 2891 ἠθικοὶ
2108 2821 2267 2895 λόγοι
2429 2833 2461 2881 3
2500 2844 2613 2898 seq.
2652 2829 2839 2886 habet

525 2903 904 2976 Hieronymus
1045 2911 1078 2961 5
1116 2901 1394 2975 μεγάλους
1435 2923 1594 2975 μαρτ.
1630 2909 1675 2955 V
1820 2910 1853 2959 8
1891 2905 1950 2958 in
1981 2904 2183 2961 Suidae
2220 2905 2379 2961 libris
2407 2909 2657 2978 sequitur
2694 2928 2835 2965 nar·

526 2985 670 3041 ratio
711 3003 777 3041 ex
805 2986 1185 3057 Philostorgio
1217 2986 1512 3055 desumpta
1541 2987 1600 3040 et
1627 3002 1694 3040 ex
1731 3003 1781 3040 v.
1817 2979 2191 3054 Ἀπολινάριος
2218 2986 2424 3042 iterata
2532 2994 2564 3042 9
2601 2989 2835 3046 brevius

525 3067 922 3138 Hieronymus:
969 3067 1206 3122 moritur
1243 3066 1554 3136 imperante
1592 3063 1861 3120 Gratiano
2025 3072 2090 3121 10
2138 3067 2407 3122 nonnulla
2442 3069 2571 3122 add.
2620 3069 2831 3124 Suidas

528 3164 596 3201 ex
631 3149 744 3202 alio
784 3148 942 3203 fonte
979 3148 1182 3202 hausta
2270 3199 2275 3202 .
2424 3162 2433 3172 ·

673 3227 790 3282 CLI
827 3227 977 3282 Eud.
1016 3245 1068 3296 p.
1111 3232 1211 3280 159
1361 3232 1426 3280 12
1465 3226 1565 3280 καὶ
1601 3229 1731 3295 περὶ
1767 3223 1947 3282 ἄλλων
1985 3227 2204 3282 πολλῶν
2243 3223 2553 3297 ῤἠτορικῶν
2591 3229 2744 3284 Eud.

672 3307 815 3362 CLII
852 3308 1003 3361 Eud.
1034 3325 1087 3376 p.
1122 3312 1242 3364 159.
1289 3305 1370 3361 Cf.
1404 3306 1604 3360 Suidas
1641 3325 1693 3362 v.
1724 3304 1964 3362 Πλάτων
2002 3304 2262 3377 κωμικός.
2313 3307 2545 3361 Tractat
2575 3309 2835 3364 Meineke

528 3389 553 3441 1
590 3405 644 3456 p.
685 3392 790 3446 480
938 3393 1004 3442 14
1043 3383 1241 3441 Βάτων
1279 3392 1381 3439 Av
1427 3383 1665 3441 Βάττων
1706 3387 1803 3442 rel.
1853 3387 1985 3442 libri
2020 3388 2172 3443 Eud.
2214 3387 2363 3458 quod
2399 3386 2663 3443 vitiosum
2700 3405 2829 3445 esse

529 3467 725 3522 docuit
764 3469 1039 3534 Meineke3
1080 3484 1218 3523 corr.
1256 3467 1532 3523 Kasterus
2676 3521 2685 3530 ,

673 3547 842 3602 CLIII
880 3548 962 3603 Cf.
995 3549 1201 3602 Zonar.
1231 3565 1287 3616 p.
1307 3551 1428 3602 386.
1474 3548 1709 3602 Tractat
1734 3548 1936 3604 Mfiller
1954 3548 2031 3603 IV
2059 3568 2113 3619 p.
2135 3556 2169 3604 3
2291 3557 2356 3605 17
2389 3547 2602 3619 ἔγραψε
2632 3565 2739 3604 om.
2762 3555 2829 3606 V.

449 3625 456 3628 ’
529 3627 884 3683 Constantini
927 3629 1122 3699 Magni
1168 3628 1461 3682 historiam
1507 3627 1570 3680 in
1616 3627 2024 3684 dubitationem
2072 3629 2296 3685 vocavit
2338 3630 2699 3699 Bernhardy,
2754 3631 2831 3686 de

530 3708 857 3765 Constantio
896 3709 990 3779 agi
1037 3710 1192 3763 ratus
1231 3707 1357 3763 coll.
1398 3707 1594 3765 Liban.
1633 3710 1703 3763 de
1739 3708 1860 3772 vita
1898 3727 1999 3764 sua
2035 3727 2087 3778 p.
2128 3715 2221 3776 30,
2262 3709 2361 3763 sed
2397 3709 2650 3764 codicum
2689 3710 2828 3773 scri-

529 3793 755 3860 pturam
791 3791 950 3845 tenet
989 3787 1325 3855 Gntschmid,
1363 3788 1556 3844 decem
1594 3789 1864 3845 librorum
1900 3806 2131 3844 numero
2168 3789 2425 3858 inprimis
2462 3793 2773 3844 commotus

673 3870 835 3924 CLIV
874 3887 982 3924 om.
1010 3870 1281 3924 Westerm.
1340 3869 1607 3925 Tractavi
1632 3870 1773 3926 Mus,
1804 3870 1979 3925 Rhen.
2010 3869 2244 3925 XXXVI
2279 3869 2315 3923 1.
2346 3886 2393 3924 0.
2512 3875 2581 3923 20
2619 3870 2689 3925 de
2717 3871 2830 3926 hae

529 3949 774 4020 epitome
813 3966 848 4002 a
885 3949 1184 4003 Plutarcho
1213 3948 1385 4016 (Brut.
1422 3967 1473 4018 p.
1506 3951 1633 4019 985)
1673 3951 1901 4022 laudata
1934 3950 2003 4005 ef.
2032 3949 2377 4016 Hirschfeld,
2416 3949 2605 4005 Diurn.
2637 3951 2827 4010 Austr.

533 4036 668 4085 1879
709 4049 761 4098 p.
803 4035 904 4084 109
925 4047 1038 4098 seq.
1209 4027 1571 4100 θαυμάζεται
1618 4049 1731 4099 seq.
1780 4031 2012 4086 fortasse
2067 4030 2265 4086 lectori
2318 4029 2488 4084 alicui
2534 4030 2828 4102 debentur,

530 4109 621 4165 eui
647 4108 810 4164 Phot.
849 4107 984 4164 bibl.
1022 4127 1076 4179 p.
1110 4116 1258 4164 lola
1294 4111 1386 4166 vel
1423 4111 1589 4168 simil.
1630 4115 1760 4167 ante
1798 4113 1988 4166 oculos
2026 4110 2483 4167 obversabantur.
2560 4110 2641 4165 Cf.
2681 4112 2824 4170 Mae.

529 4189 706 4244 Rhen.
744 4188 950 4243 XXXV
986 4208 1040 4258 p.
1080 4196 1183 4245 208

674 4267 816 4322 CLV
854 4269 1006 4325 Eud.
1045 4288 1097 4338 p.
1142 4276 1259 4325 159.
1336 4270 1415 4325 Cf.
1455 4270 1661 4327 Msiller
1696 4273 1747 4326 II
1786 4290 1841 4341 p.
1880 4278 1974 4341 25,
2024 4272 2120 4342 qui
2159 4271 2389 4326 saidam
2430 4287 2497 4326 ex
2533 4290 2645 4328 uno
2683 4274 2827 4330 Belo

533 4346 672 4400 duos
698 4348 898 4403 fecisse
927 4349 1119 4403 docuit
1225 4355 1294 4404 22
1327 4348 1678 4421 Δημόκριτος
1702 4345 1919 4406 Anu
1945 4357 2065 4410 Ald.
2098 4353 2473 4423 Δημοκρίτειος
2500 4353 2653 4410 Eud.
2684 4371 2823 4412 corr.
