3025 4892
525 203 614 268 30
1451 201 1881 258 HESYCHIUS.

523 385 697 449 σιος,
764 363 1104 449 ἐποποιός,
1165 361 1469 450 μαθητὴς
1513 361 1836 451 Ὁμήρου,
1892 360 1983 442 ῶς
2036 365 2212 450 λέγει
2270 362 2305 432 6
2366 367 2831 452 Κλαζομένιος

515 470 844 560 Ἀρτέμων
902 474 976 539 ἐν
1031 475 1122 563 τῷ
1178 472 1328 559 περὶ
1366 467 1687 559 Ομήρου,
1743 470 2039 558 γεγονὼς
2091 470 2257 540 κατὰ
2312 471 2439 559 τὴν
2482 474 2562 538 θ’
2612 471 2829 558 ὀλυμ-

521 578 754 667 πιάδα,
801 577 958 667 μετὰ
1005 578 1391 668 τετρακόσια
1439 583 1550 664 ἔτη
1596 583 1734 647 τῶν
1791 581 2125 664 Τρωικῶν.
2558 620 2565 625 -

702 687 866 755 CIX.
931 683 1521 772 Ἁρποκρατίων
1553 684 1875 774 Ἁργεῖος,
1936 683 2368 765 Πλατωνικὸς
2422 684 2827 772 φιλόσοφος,

469 817 496 855 5
525 791 900 880 συμβιωτὴς
954 799 1316 881 Καίσαρος.
1417 794 1707 882 ἔγραψεν
1773 792 2132 880 ὑπόμνημα
2202 793 2297 872 εἰς
2352 791 2681 860 Πλάτωνα
2738 794 2826 858 ἐν

517 905 808 986 βιβλίοις
851 899 982 986 κδ’,
1029 901 1234 980 λέξεις
1281 898 1652 979 Πλάτωνος
1697 901 1771 966 ἐν
1815 905 2103 986 βιβλίοις
2148 899 2240 985 β’.

700 1008 833 1075 CX.
897 1001 1583 1095 Ἁρποκρατίων
1636 1003 1675 1073 6
1722 1005 1928 1085 Γαῖος
1986 1010 2419 1094 χρηματίσας,
2478 1004 2825 1091 σοφιστής.

523 1119 790 1224 ἔγραψε
815 1113 964 1200 περὶ
1010 1119 1146 1181 τῶν
1186 1110 1636 1199 Ἀντιφῶντος
1682 1111 2059 1198 σχημάτων,
2104 1112 2253 1200 περὶ
2299 1115 2437 1179 τῶν
2464 1107 2826 1201 ’Ἰὶπερίδου

521 1223 632 1288 καὶ
680 1226 943 1291 Λυσίου
989 1213 1214 1306 λόγων
1257 1221 1370 1287 καὶ
1419 1220 1626 1305 ἕτερα.

447 1349 497 1386 10
704 1329 868 1395 CXI.
931 1324 1523 1415 Αρποκρατίων
1588 1321 1623 1392 6
1685 1332 1921 1403 Αἴλιος
1981 1325 2415 1413 χρηματίσας,
2480 1325 2827 1412 σοφιστής.

487 1520 500 1526 α
525 1438 771 1521 ἔγραψε
827 1435 976 1523 περὶ
1039 1438 1174 1502 τῶν
1235 1432 1626 1500 δοκούντων
1684 1445 1822 1510 τοῖς
1863 1431 2187 1520 ῥήτορσιν
2235 1430 2649 1520 ἠγνοῆσθαι,
2698 1429 2823 1521 καὶ

522 1537 880 1620 ὑποθέσεις
931 1544 1066 1609 τῶν
1122 1539 1346 1626 λόγων
1382 1537 1773 1625 Ὑπερίδου,
1827 1540 1977 1627 περὶ
2022 1544 2145 1607 τοῦ
2192 1545 2645 1623 κατεψεῦσθαι
2690 1540 2824 1627 τὴν

510 1644 882 1734 Ἡροδότου
928 1651 1256 1736 ἱστορίαν,
1307 1647 1457 1736 περὶ
1501 1650 1639 1713 τῶν
1684 1642 1863 1732 παρὰ
1907 1647 2295 1734 Ξενοφῶντι
2345 1648 2617 1734 τάξεων,
2664 1649 2825 1735 περὶ

519 1751 762 1840 τέχνης
807 1753 1194 1841 ῥητορικῆς,
1239 1754 1391 1840 περὶ
1440 1757 1662 1820 ἰδεῶν.

444 1883 496 1922 15
702 1861 902 1928 CXII.
975 1857 1570 1950 Ἁρποκρατίων
1624 1856 1661 1927 6
1719 1861 2041 1946 Βαλέριος
2094 1867 2531 1947 χρηματίσας,
2597 1861 2829 1949 ῥήτωρ

514 1962 1002 2056 Ἀλεξανδρεύς.
1090 1960 1299 2047 ’λέξεις
1341 1969 1480 2034 τῶν
1524 1965 1578 2033 ι’
1626 1966 1965 2055 ῥητόρων,
2025 1963 2353 2055 ἀνθηρῶν
2399 1968 2831 2055 συναγωγήν.

702 2067 932 2141 CXIII.
973 2071 1388 2160 Ἀρριανὸς
1425 2072 1758 2158 ἐποποιός,
1800 2071 2221 2162 μετάφρασιν
2256 2078 2391 2142 τῶν
2429 2080 2827 2161 γεωργικῶν

520 2183 672 2248 τοῦ
690 2186 1088 2310 Βεργιλλίου
1143 2183 1381 2260 ε’πικῶς
1434 2179 1746 2266 ποιήσας,
1798 2176 2316 2270 Ἀλεξανδριάδα
2370 2184 2539 2271 (ἔστι
2600 2182 2679 2249 δε
2734 2181 2826 2250 τὰ

519 2287 692 2355 κατὰ
747 2286 868 2356 τὸν
933 2285 1302 2356 Μακεδόνα
1366 2281 1442 2353 ἐν
1507 2287 1883 2377 ραψςοδίαις
1938 2286 2145 2374 κδ’),
2172 2293 2269 2368 εἰς
2308 2285 2634 2357 ’Ἀτταλον
2692 2289 2825 2357 τὸν

445 2417 498 2456 2⁰
526 2390 979 2484 Περγαμηνὸν
1025 2394 1377 2481 ποιήματα.

690 2503 924 2571 CXIV.
992 2499 1409 2588 Ἀρριανός
1452 2499 1905 2586 Νικομηδεύς,
1952 2499 2327 2589 φιλόσοφος
2358 2500 2829 2590 Ἐπικτήτειος,

523 2605 559 2676 6
618 2610 998 2695 ἐπικληθεὶς
1046 2611 1198 2688 νέος
1242 2611 1586 2694 Ξενοφῶν.
1677 2598 1765 2694 ἦν
1814 2606 1890 2675 δὲ
1936 2609 2011 2674 ἐν
2045 2605 2263 2698 Ῥῶμῃ
2310 2610 2417 2677 ἐπὶ
2457 2607 2825 2696 Ἀδριανοῦ

665 2828 696 2875 2
735 2821 805 2890 de
842 2823 1146 2878 Artemone
1173 2841 1225 2876 v.
1259 2823 1471 2878 Mamer
1497 2821 1575 2875 IV
1604 2839 1657 2891 p.
1689 2827 1789 2876 341
1900 2817 1964 2875 α’
1994 2819 2196 2892 ὄλυμπ.
2227 2822 2584 2895 Senyebusch,
2613 2826 2824 2896 Annal.

521 2901 665 2955 Phil.
707 2909 773 2957 67
811 2921 864 2972 p.
895 2910 1026 2972 379,
1072 2903 1224 2957 idem
1268 2903 1418 2958 infra,
1461 2898 1603 2972 μετὰ
1642 2898 1737 2971 υη’
1782 2899 1878 2971 ἔτη
1923 2903 2242 2972 proposuit,
2287 2903 2429 2974 μετὰ
2475 2900 2573 2974 υμ’
2616 2907 2827 2960 maluit

521 2981 735 3050 Rome,
773 2983 914 3038 Mus.
945 2985 1118 3038 Rhen.
1151 2983 1386 3037 XXXIII
1414 3001 1469 3052 p.
1502 2988 1632 3050 173,
1670 2983 1731 3035 &a
1770 2985 1828 3036 eb
1863 2999 2085 3052 supras.·
2116 2987 2145 3038 λ
2173 2989 2236 3052 V,
2273 3004 2334 3038 νι
2370 2990 2413 3036 E

664 3071 864 3126 CIX-
880 3071 1027 3126 CXII
1091 3073 1319 3128 Brevius
1374 3071 1645 3136 alterum,
1699 3071 1953 3139 tertium,
2006 3074 2269 3140 quartum
2319 3074 2492 3143 Harp.
2546 3075 2823 3129 tractavit

522 3151 674 3208 Eud.
703 3169 756 3220 p.
790 3158 889 3205 112
921 3167 1053 3221 seq„
1091 3152 1268 3206 fusius
1295 3151 1541 3222 primum
1568 3169 1624 3220 p.
1656 3157 1777 3220 125,
1802 3151 1915 3211 ,sed
1943 3151 2165 3207 inverso
2194 3153 2407 3222 ordine,
2435 3170 2564 3208 cum
2591 3154 2821 3210 Aelium

523 3234 791 3299 sequatur
827 3231 1022 3300 (alaine,
1061 3232 1210 3288 hunc
1246 3232 1521 3288 Valerius,
1596 3232 1819 3287 Aelium
1857 3232 2094 3287 eundem
2132 3250 2253 3288 esse
2290 3252 2417 3288 cum
2456 3233 2599 3289 Gaio
2636 3235 2823 3304 suspi—

523 3313 683 3366 catus
721 3313 807 3366 est
843 3315 973 3381 post
1009 3312 1306 3382 Kiessli‘nq.
1346 3313 1476 3382 Lye.
1518 3313 1583 3366 fr.
1622 3330 1678 3382 p.
1708 3319 1777 3368 20
1816 3313 1990 3367 etiam
2032 3314 2243 3369 Malleo-
2278 3314 2356 3368 IV
2393 3334 2445 3384 p.
2476 3321 2601 3370 412.
2658 3314 2823 3370 Cete-

522 3410 647 3447 rum
686 3391 755 3447 cf.
792 3391 1042 3462 Boysen,
1087 3394 1155 3447 de
1192 3393 1522 3463 Harpocrat.
1559 3392 1699 3447 font.
1737 3411 1792 3462 p.
1827 3400 1893 3449 10
1922 3411 2001 3461 sq.
2172 3400 2205 3447 5
2245 3389 2631 3464 ὑπομνήματα
2670 3395 2820 3449 Eud.

522 3468 831 3542 ὑπόμνημα
868 3477 998 3543 post
1033 3471 1207 3530 Πλάτ.
1247 3473 1477 3529 iteravit
1512 3478 1558 3526 A
2678 3476 2691 3482 ⁶

669 3552 763 3607 CX
821 3560 848 3608 1
890 3552 1104 3624 ἔγραψε
1147 3572 1257 3610 om.
1292 3561 1337 3606 E

669 3632 790 3688 CXI
850 3641 912 3688 11
952 3641 1068 3697 τοῖς
1106 3652 1212 3690 om.
1253 3640 1298 3688 Δ

665 3712 812 3767 CXII
872 3720 938 3769 16
978 3711 1276 3784 συναγωγή
1315 3720 1359 3767 V
2804 3777 2833 3792 κ

489 3821 526 3852 0
666 3794 841 3850 CXIII
878 3795 1030 3850 Eud.
1070 3813 1123 3864 p.
1158 3801 1274 3849 115.
1332 3794 1484 3848 Duos
1522 3793 1819 3863 scriptores
1860 3791 2089 3847 Suidam
2128 3792 2185 3863 (i.
2216 3809 2264 3849 e.
2293 3792 2657 3863 Hesychium)
2689 3811 2815 3850 eon-

520 3875 756 3940 fudisse‚
779 3891 923 3930 'cum
957 3875 1108 3930 idem
1147 3892 1258 3931 non
1287 3875 1691 3945 Georgicor'um
1716 3872 2098 3943 metaphrasin
2136 3875 2195 3928 et
2225 3874 2607 3929 laudationem
2638 3876 2812 3929 Attali

521 3971 852 4025 componere
891 3955 1162 4023 potuerit,
1202 3959 1394 4010 censet
1423 3955 1701 4020 Meineke,
1737 3954 1898 4008 Anal.
1931 3971 1984 4022 p.
2018 3960 2141 4008 371.
2216 3952 2295 4007 Cf.
2326 3955 2515 4022 Daub‚
2554 3955 2622 4008 de
2662 3955 2810 4010 Suid.

520 4055 574 4104 p.
603 4040 708 4090 416
772 4042 784 4049 '
857 4041 920 4091 17
960 4034 1278 4105 μετέφρασε
1318 4032 1388 4090 τὰ
1430 4040 1488 4089 Β.
1530 4054 1612 4104 γε.
1652 4029 1861 4096 ἔπικῶς
1907 4032 2007 4088 καὶ
2051 4028 2192 4088 ἄλλα
2230 4031 2406 4090 πολλὰ
2446 4030 2811 4096 segunnam

520 4134 566 4168 τ.
596 4118 769 4184 Περγ.
796 4115 946 4169 Eud.
1052 4122 1116 4169 18
1146 4112 1386 4183 ποιήσας
1415 4131 1566 4183 susp.
1671 4120 1734 4167 19
1765 4111 2032 4187 ῤἀψωδίᾳ
2056 4116 2202 4184 vuly.
2235 4116 2314 4185 (et
2338 4115 2574 4171 fortasse
2594 4117 2661 4183 Δ)
2690 4117 2812 4182 post

519 4191 789 4269 ῥἀψωδίᾳ
827 4195 1033 4249 lacuna
1069 4197 1226 4250 extat
1261 4196 1320 4248 in
1347 4201 1402 4248 H
1430 4199 1548 4249 Ald.
1588 4191 1909 4263 ῤἀψωδίαις
1937 4198 1981 4245 V
2088 4199 2159 4248 20
2197 4190 2485 4264 ποιήματα
2522 4211 2630 4249 om.
2662 4195 2808 4248 Eud.

666 4273 840 4328 CXIV
876 4274 1026 4329 Eud.
1066 4292 1120 4343 p.
1156 4281 1274 4344 120,
1311 4292 1455 4343 quae
1487 4291 1593 4330 om.
1622 4275 1735 4328 τῶν
1765 4272 2041 4346 βασιλέων
2062 4306 2127 4314 -
2150 4272 2464 4344 δεξιότητα.
2505 4275 2586 4331 Cf.
2619 4275 2808 4344 Steph.

523 4351 648 4418 Byz.
691 4372 740 4408 v.
783 4351 1144 4423 Νικομήδεια
