3025 4892
1162 204 1587 261 HESYCHIUS.
2386 208 2471 272 23
2488 210 2517 271 1

247 362 340 429 ἐπὶ
399 366 528 430 τῶν
589 362 866 451 .χρόνων
939 368 1076 433 τῶν
1150 362 1346 451 ἐγγυς
1405 366 1728 453 Νέρωνος
1800 365 1909 432 καὶ
1974 366 2360 453 παρέτεινεν
2426 373 2521 449 εἰς

242 469 509 556 μακρόν·
569 468 826 540 ὕπατον
881 475 1052 558 γοῦν
1098 474 1411 557 Σεβῆρον
1464 469 1586 539 τὸν
1628 470 1970 560 Ἑρέννιον
2026 479 2521 561 χρηματίσαντα

242 573 429 654 αὐτὸς
473 571 659 643 εἷναί
697 596 928 663 φησιν,
977 574 1141 645 ὅταν
1181 568 1344 663 ἦγεν
1388 575 1641 663 ὄγδοον
1676 578 1785 645 καὶ
1826 578 2321 666 ἑβδομηκοστὸν
2360 585 2521 669 ἔτος,

238 679 592 769 ὀλυμπιάδι
651 682 724 750 δὲ
777 682 844 749 κ’
897 684 1009 751 καὶ
1065 687 1513 773 διακοσιοστῇ.
1594 685 1957 773 γέγραπται
2013 684 2089 755 δὲ
2146 685 2325 779 αὐτῷ
2372 689 2521 775 περὶ

235 789 514 876 κτήσεως
577 789 687 857 καὶ
752 792 1026 877 ἐκλογῆς
1079 795 1360 877 βιβλίων
1416 795 1645 878 βιβλία
1702 794 1820 879 ιβ’,
1890 794 2039 883 περὶ
2092 794 2356 863 πόλεων
2409 796 2520 863 καὶ
2548 817 2575 857 5

233 893 345 976 οὓς
385 897 624 983 ἑκάστη
664 893 886 966 αὐτῶν
925 897 1245 979 ἐνδόξους
1287 896 1524 985 ἤνεγκε
1570 904 1797 985 βιβλία
1843 899 1929 985 λ’,
1975 901 2125 988 περὶ
2169 905 2287 988 τῆς
2329 907 2519 988 βασι-

231 1009 403 1084 λείας
442 1001 830 1088 Ἀδριανοῦ,
877 1000 984 1091 ἐφ’
1037 994 1120 1073 οὗ
1163 1005 1274 1072 καὶ
1320 996 1408 1091 ῆν
1456 1002 1494 1073 ὁ
1549 1012 1813 1093 Φίλων,
1857 1006 1968 1075 καὶ
2014 1004 2199 1076 ἄλλα.

402 1108 537 1195 [ὅτι
583 1107 833 1190 ὕπατος
876 1112 1152 1197 γέγονεν
1201 1108 1236 1178 ὁ
1292 1114 1523 1180 Φίλων
1554 1111 1889 1199 Ἐρέννιος
1932 1118 2368 1202 χρηματίσας,
2430 1114 2520 1195 ὥς

231 1213 428 1297 αὐτός
475 1222 688 1303 φήσω]

203 1330 216 1343 ‘
403 1322 738 1391 DGOOLI.
829 1326 1095 1392 Φίλων
1165 1322 1494 1405 Ἰουδαῖος
1568 1325 1827 1412 τεχθεὶς
1900 1326 1975 1393 ἐν
2034 1324 2515 1420 Ἀλεξανδρείᾳ,
2548 1351 2600 1391 ιο

229 1430 468 1513 γένους
515 1430 771 1517 ἱερέων,
819 1428 1286 1517 φιλοσοφήσας
1323 1430 1412 1499 δὲ’
1434 1429 1514 1499 τὰ
1544 1428 1885 1519 Ἑλλήνων
1924 1435 2016 1512 είς
2051 1434 2217 1519 μέγα
2254 1436 2517 1524 προύβη

229 1539 564 1620 παιδείας,
619 1535 708 1615 ὥς
760 1542 1107 1623 μετελθεῖν
1163 1540 1386 1605 πᾶσαν
1436 1536 1793 1626 ἑλληνικῆν
1840 1542 2223 1626 παίδευσιν,
2278 1542 2401 1628 τήν
2447 1570 2518 1612 τε

225 1646 358 1711 τῶν
418 1642 783 1727 ἐγκυκλίων
837 1643 1271 1730 καλουμένων
1325 1644 1436 1712 καὶ
1490 1644 1609 1726 τὰς
1661 1644 1897 1726 λοιπὰς
1941 1646 2329 1733 ἐπιστήμας,
2391 1648 2519 1716 σὺν

221 1747 489 1835 ἀκριβεῖ
528 1748 910 1836 καταλήψει.
985 1748 1354 1836 ἐπλούτησέ
1391 1777 1462 1819 τε
1507 1751 1718 1837 λόγον
1764 1750 2141 1840 παρόμοιον
2180 1752 2517 1843 Πλάτωνι,

224 1853 316 1936 ὡς
358 1857 474 1924 καὶ
513 1860 608 1935 εἰς
641 1862 1008 1944 παροιμίαν
1041 1854 1200 1945 παρ’
1227 1854 1504 1944 ’Ἕλλησι
1541 1862 1739 1935 τοῦτο
1778 1864 2074 1947 χωρῆσαι
2114 1855 2186 1946 ’ἢ
2226 1858 2517 1929 Πλάτων
2548 1883 2599 1925 15

223 1969 568 2050 φιλωνίζει
613 1958 655 2050 ἢ
709 1969 937 2032 Φίλων
981 1966 1430 2045 πλατωνίζει’·
1485 1964 1775 2052 τοσαύτη
1824 1966 2005 2033 ἐστὶν
2048 1963 2361 2053 ὁμοιότης
2404 1971 2521 2055 τῆς

217 2098 289 2139 τε
356 2072 826 2151 διανοίαςοκαὶ
887 2069 1196 2158 φράσεως
1251 2075 1372 2139 τοῦ
1428 2068 1678 2157 ἀνδρὸς
1732 2070 1899 2161 πρὸς
1953 2071 2305 2142 Πλάτωνα.
2408 2075 2520 2143 καὶ

220 2185 464 2248 τοίνυν
526 2180 887 2267 γέγραπται
952 2173 1132 2269 αὐτῷ
1196 2182 1422 2263 βιβλία
1487 2175 1757 2265 ἄπειρα,
1822 2180 1888 2259 ἐξ
1954 2169 2052 2246 ῶν
2116 2179 2227 2246 καὶ
2286 2191 2519 2249 ταῦτα·

218 2286 374 2373 περὶ
422 2284 802 2372 συγχύσεως
847 2286 1171 2369 γλωσσῶν
1217 2288 1486 2370 βιβλίον
1534 2281 1631 2369 α’,
1677 2283 1827 2370 περὶ
1874 2282 2138 2369 φύσεως
2178 2286 2290 2353 καὶ
2328 2284 2520 2375 εὑρή-

218 2418 428 2478 ματος
481 2390 575 2478 α’,
631 2392 780 2479 περὶ
838 2382 934 2459 ῶν
989 2388 1154 2458 κατὰ
1213 2392 1383 2457 νοῦν
1438 2417 1540 2469 τις
1596 2388 1851 2479 εὔχεται
1908 2388 1993 2472 α’,
2049 2392 2199 2479 περὶ
2246 2393 2517 2462 παιδεύ-
2548 2419 2601 2458 20

221 2518 393 2578 σεως
442 2497 538 2583 α’,
607 2498 759 2585 περὶ
815 2496 1241 2586 κληρονόμου
1294 2499 1430 2565 τῶν
1485 2503 1699 2567 θείων
1754 2496 2159 2586 πραγμάτων
2216 2498 2331 2587 α’,·
2368 2502 2518 2590 περὶ

222 2608 554 2693 μερισμοῦ
600 2612 768 2672 ἴσων
813 2603 925 2670 καὶ
972 2603 1298 2671 ἐναντίων
1345 2601 1436 2688 α’,
1483 2605 1634 2690 περὶ
1680 2607 1818 2671 τῶν
1890 2607 2097 2693 τριῶν
2137 2605 2518 2694 δυνάμεων,

217 2713 371 2799 περὶ
437 2713 928 2798 ἐναλλαγεισῶν
995 2704 1172 2796 παρά
1234 2734 1472 2795 τινων,
1542 2710 1691 2797 περὶ
1755 2713 2121 2796 συνθηκῶν
2179 2711 2369 2798 λόγοι
2425 2713 2517 2799 β’,

215 2819 371 2907 περὶ
432 2824 588 2904 βίον
643 2816 1060 2905 φιλοσόφου,
1131 2815 1281 2904 περὶ
1337 2817 1671 2903 γιγάντων
1732 2816 1825 2902 α’,
1888 2817 2038 2904 περὶ
2096 2814 2381 2907 ὀνείρων
2437 2819 2519 2903 ε’,

222 2926 375 3013 περὶ
435 2922 816 3011 ζητημάτων
871 2923 981 2990 καὶ
1040 2922 1559 3010 ἑρμηνευμάτων
1607 2926 1725 3008 τῆς
1780 2922 2018 3003 ἐξόδου
2070 2923 2151 3009 ε’,
2205 2927 2355 3010 περὶ
2400 2930 2517 3012 τῆς
2547 2952 2598 2991 25

227 3035 479 3118 σκηνῆς
537 3031 650 3098 καὶ
717 3028 1087 3115 δεκαλόγου
1152 3029 1242 3113 δ’,
1315 3029 1464 3117 περὶ
1529 3031 1826 3114 θυσιῶν,
1888 3030 2039 3117 περὶ
2094 3028 2519 3117 ὑποσχέσεων

223 3137 378 3225 ῆτοι
416 3141 744 3227 καταρῶν,
791 3137 940 3224 περὶ
977 3141 1321 3224 προνοίας,
1357 3136 1504 3224 περὶ
1542 3134 1891 3205 Ἰουδαίων
1931 3135 2023 3224 α’,
2069 3138 2218 3223 περὶ
2256 3135 2519 3225 ἀγωγῆς

373 3402 396 3448 1
442 3395 513 3450 cf.
543 3394 740 3467 Niese,
779 3395 969 3467 Steph.
1001 3396 1126 3464 Byz.
1154 3412 1210 3465 p.
1240 3401 1306 3448 27
1445 3400 1476 3448 2
1524 3392 1771 3465 Μάρκον
1799 3396 1940 3451 coni.
1964 3395 2258 3466 Westerm„
2298 3397 2519 3452 etiamsi

229 3476 404 3531 verba.
439 3477 591 3530 recte
628 3493 686 3530 se
714 3476 948 3542 habent3
988 3474 1056 3529 cf.
1086 3473 1284 3540 Dawb,
1322 3473 1391 3528 de
1421 3474 1571 3528 Suid.
1602 3492 1657 3543 p.
1687 3479 1791 3528 438
1828 3476 1945 3528 not.
1974 3480 2043 3529 28
2082 3475 2208 3529 coll.
2238 3495 2291 3530 v.
2322 3471 2517 3546 Ἑρμο-

227 3553 421 3625 γένης;
457 3550 688 3612 ,ῦπατον
735 3586 801 3595 —-
849 3557 1067 3610 διακοσ.
1115 3572 1221 3610 om.
1260 3554 1412 3609 Eud.
1610 3559 1641 3608 3
1688 3550 1907 3606 εἰδέναι
1955 3555 2014 3606 et
2058 3571 2187 3608 mox
2234 3549 2327 3607 ὅτε
2376 3554 2517 3609 coni.

237 3634 512 3689 Westerm.
552 3628 728 3701 αὐτὸς
762 3637 894 3705 poet
928 3628 1068 3689 ὅταν
1103 3634 1266 3704 ponit
1295 3634 1506 3689 Μιϊῑῑω·
1625 3639 1659 3685 4
1696 3630 2034 3701 olympiadis
2071 3650 2365 3686 numerum
2403 3650 2519 3687 cor-

225 3717 455 3785 ruptum
493 3732 611 3769 esse
648 3717 835 3785 patet,
874 3710 994 3769 σκε’
1036 3716 1285 3781 Glinton,
1324 3715 1476 3769 Fast.
1506 3713 1571 3766 R.
1602 3730 1650 3766 a.
1682 3716 1768 3781 47,
1806 3710 1904 3765 sed
1941 3711 2008 3764 cf.
2048 3712 2244 3766 Rohdo
2281 3713 2317 3766 1.
2358 3730 2403 3766 c.

228 3801 262 3850 5
305 3790 698 3864 ἐπιγράμματα
736 3796 922 3867 βιβλία
958 3790 1014 3849 δ’
1045 3794 1170 3849 add.
1202 3795 1354 3849 Eud.
1475 3794 1702 3863 βιβλίων
1742 3809 1848 3847 om.
1877 3797 1923 3844 V
2033 3799 2065 3847 8
2104 3792 2172 3846 de
2210 3793 2298 3847 his
2336 3792 2519 3847 verbis

229 3876 502 3945 corrnpkin
532 3875 599 3929 cf.
629 3875 848 3931 Unters.
878 3894 932 3945 p.
964 3882 1048 3945 71,
1086 3876 1284 3931 Rohde
1310 3875 1346 3928 l.
1378 3890 1422 3928 0.
1452 3875 1569 3929 not.
1600 3879 1631 3927 3
1670 3870 1869 3941 γέγονε.
1904 3870 1968 3926 δὲ
1998 3870 2098 3926 καὶ
2126 3866 2341 3935 ῦπατος
2377 3869 2516 3942 παρ’

235 3949 415 4010 αὐτοῦ
455 3955 604 4010 Eud.
673 3954 754 4010 Of.
791 3975 844 4011 v.
878 3951 1162 4024 Ἐρέννιος

370 4033 632 4089 DCCCLI
667 4034 820 4089 Eud.
857 4054 909 4105 p.
942 4038 1061 4089 721.
1117 4034 1306 4088 Pauca
1340 4033 1576 4101 praebet
1615 4032 1988 4087 Pseudo-Hes,
2020 4050 2066 4087 ο.
2098 4039 2181 4089 74.
2235 4033 2314 4088 Cf.
2346 4031 2517 4087 etiam

233 4104 577 4175 Sophronias
608 4123 653 4161 ο.
687 4112 779 4174 11,
818 4108 876 4161 et
903 4122 1014 4175 qua.
1041 4105 1156 4159 dixi
1183 4105 1323 4158 Mne.
1354 4104 1529 4158 Rhen.
1563 4103 1793 4158 XXXVI
1820 4122 1873 4173 p.
1906 4110 2007 4157 627
2120 4110 2185 4158 14
2216 4099 2519 4167 Πλάτωνος

232 4187 385 4241 Eud.
495 4192 560 4241 19
599 4183 657 4239 α’
698 4202 806 4241 om.
835 4186 998 4255 δορὴ.
1143 4189 1211 4239 20
1250 4178 1542 4253 εὐχόμεθα
1580 4183 1677 4237 καὶ
1716 4176 2275 4252 ἄπομαρτυρούμεθα
2312 4182 2479 4251 Soph.

233 4272 298 4321 21
329 4264 442 4319 τῶν
473 4283 580 4321 om.
613 4264 774 4335 δορὴ.
887 4272 954 4319 23
983 4264 1219 4333 γραφῶν
1246 4266 1374 4332 post·
1404 4259 1585 4318 ἐναλλ.
1617 4261 1744 4317 add.
1766 4262 1927 4331 δορὴ.
2038 4268 2107 4316 24
2138 4264 2515 4331 φιλοσοφικοῦ
2573 4256 2578 4263 “

233 4345 396 4417 Soph.
425 4344 554 4413 περὶ
579 4347 680 4401 τοῦ
702 4341 833 4408 τοῦς
853 4340 1108 4415 ὀνείρους
1126 4338 1281 4412 παρὰ
1300 4344 1447 4400 θεοῦ
1477 4340 1806 4415 πέμπεσθαι
1826 4342 1990 4412 Soph.
2066 4348 2133 4397 27
2156 4339 2338 4398 oe'om.
2352 4342 2515 4413 δορὴ.
