3025 4892
541 199 725 254 XXVI
1409 191 1909 251 PROLEGOMEN
1916 197 1977 250 A.

545 359 620 428 δὲ
675 357 1083 447 μνημονεύει
1131 397 1201 408 —-
1251 361 1400 425 exit.
1457 383 1496 424 a
1542 357 1741 424 Suida
1788 356 1916 445 (vel
1963 357 2233 446 lectore)
2281 361 2359 423 ex
2405 358 2642 423 Athen.
2680 357 2839 423 XIV

544 494 608 556 p.
637 471 768 536 622
819 469 1194 554 compilata3
1248 490 1308 534 v.
1338 463 1739 551 Σιλβανός
1778 465 1981 530 habet
2018 466 2303 550 glossam
2342 464 2615 550 Suidae,·
2641 489 2835 550 quam

543 579 686 662 ipse
733 600 810 642 ex
859 577 944 662 gl.
983 571 1369 652 ἐπιπόλαιος
1415 574 1702 660 iteravit3
1758 595 1816 638 v.
1860 573 2329 657 Φωκυλίδης
2374 572 2517 638 add.
2553 574 2755 638 verba
2802 597 2841 639 a

541 683 902 770 Byzantino
941 683 1162 767 aliquo
1198 683 1424 768 inepto
1462 655 1793 765 adscripta
1828 678 2251 766 παραινέσεις
2284 715 2357 726 -—
2392 679 2839 764 κεκλεμμένα.

718 793 938 876 Atque
985 791 1157 854 hanc
1203 811 1339 853 rem
1377 787 1639 853 Unters.
1666 811 1725 871 p.
1760 788 1841 852 76
1864 809 1995 871 seq.
2024 791 2090 852 et
2132 787 2255 853 153
2294 811 2427 873 seq.
2456 788 2549 853 sic
2590 788 2839 854 intelle-

545 902 823 987 gendam
878 898 1083 982 volui,
1145 901 1220 961 ut
1275 895 1590 960 eiusmodi
1652 895 1909 959 articuli
1969 895 2211 978 partim
2266 917 2305 959 a
2360 895 2713 961 lectoribus
2762 919 2841 961 ex

549 1005 785 1072 Suidae
849 1005 1054 1069 lexico
1121 1004 1187 1067 in
1254 1002 1545 1088 margine
1612 1001 2023 1086 transscripti
2085 1002 2403 1086 paulatim
2468 1003 2539 1068 in
2588 1007 2841 1068 textum

546 1112 822 1179 Violarii
869 1109 1339 1195 immigrarint,
1391 1109 1564 1193 quod
1610 1109 1965 1174 innumeris
2024 1109 2373 1192 probatum
2428 1131 2571 1174 esse
2627 1133 2841 1176 exem-

545 1220 674 1304 plis
723 1218 880 1283 satis
929 1221 1230 1302 apertum
1283 1220 1406 1296 est,
1465 1216 1706 1301 partim
1755 1216 1838 1281 ab
1894 1238 1969 1281 eo
2020 1216 2279 1301 adiecti,
2326 1217 2438 1301 qui
2475 1215 2837 1282 Violarium

553 1327 728 1411 typis
787 1327 1142 1411 exprimere
1191 1319 1480 1410 voluit.²)
1572 1321 1817 1388 Nostro
1874 1322 2047 1387 enim
2093 1321 2371 1406 Violarii
2426 1323 2647 1389 codice
2697 1345 2842 1388 cum

548 1435 863 1498 nonnulla
927 1433 1234 1516 legantur
1295 1431 1365 1496 in
1431 1430 1755 1516 margine,
1820 1452 1984 1515 quae
2050 1431 2257 1496 serius
2313 1431 2641 1515 adscripta
2698 1454 2842 1496 esse

548 1545 750 1626 patet,
794 1541 918 1606 hoc
961 1544 1027 1604 et
1066 1543 1258 1604 antea
1296 1538 1553 1623 saepius
1590 1536 1834 1603 factum
1874 1559 2013 1602 esse
2051 1538 2187 1601 veri
2226 1537 2439 1602 simile
2477 1543 2593 1604 est.
2652 1538 2843 1616 Quod

546 1651 604 1713 si
677 1629 992 1713 eiusmodi
1069 1646 1511 1712 additamenta
1584 1666 1905 1728 removes,
1968 1644 2249 1728 reliquas
2316 1644 2590 1710 Violarii
2664 1647 2841 1710 vitas

545 1779 622 1820 ex
663 1755 948 1840 epitome
986 1753 1246 1818 fluxisse
1278 1753 1528 1836 opinor.
1578 1751 1764 1828 Quod
1792 1755 1869 1815 ut
1896 1751 2187 1836 probem,
2218 1752 2295 1815 de
2324 1751 2527 1835 ipsius
2556 1750 2842 1816 Violarii

545 1866 774 1946 textus·
801 1861 1018 1924 indole
1057 1881 1132 1924 ac
1170 1859 1543 1925 condicione
1581 1879 1787 1943 pauca
1822 1858 2305 1943 praemonenda
2340 1857 2643 1922 videntur
2678 1881 2841 1923 esse.

721 1967 804 2031 II.
895 1966 1074 2030 Inter
1137 1963 1369 2030 Suidae
1445 1965 1649 2031 libros
1731 1965 2215 2050 manuscriptos
2289 1966 2476 2030 nobis
2543 1969 2841 2030 servatos

543 2074 952 2160 praestantia
1012 2073 1251 2138 eminet
1304 2074 1360 2137 A
1401 2103 1484 2126 ---
1524 2072 1669 2138 Par.
1709 2072 1885 2137 2625
1944 2074 2009 2136 et
2063 2069 2330 2156 26262)‚
2386 2095 2661 2157 quornm
2726 2075 2840 2140 ille

543 2180 976 2266 bombycinus
1035 2182 1162 2264 est,
1217 2179 1328 2244 fol.
1365 2178 1519 2244 305-
1556 2183 1891 2262 constans,
1946 2178 2129 2242 cuius
2184 2179 2469 2243 maxima
2524 2201 2678 2263 pars
2738 2182 2840 2246 de·

545 2288 788 2373 scripta
855 2291 955 2352 est
1015 2290 1284 2351 exeunte
1353 2287 1609 2357 saeculo
1675 2283 1805 2349 XII
1868 2285 1967 2349 vel
2022 2284 2291 2349 ineunte
2352 2284 2541 2367 XIII,
2605 2286 2842 2352 folium

543 2396 827 2480 primum
891 2399 958 2458 et
1021 2393 1134 2458 fol.
1191 2394 1324 2458 260
1356 2429 1432 2440 —-
1467 2392 1598 2457 305
1671 2392 2030 2476 posteriore
2094 2395 2387 2476 tempore
2462 2415 2623 2458 saec.
2680 2395 2844 2460 XIV

547 2504 650 2568 vel
695 2501 816 2567 XV
863 2502 934 2566 in
981 2501 1207 2565 charta
1247 2501 1505 2584 scripta,
1552 2499 1663 2565 sed
1702 2521 1778 2564 ex
1818 2499 2064 2583 optimo
2104 2500 2456 2584 exemplari
2495 2501 2845 2586 descripta,

543 2610 722 2674 cuius
795 2607 956 2672 folia
1030 2608 1330 2672 obsoleta
1391 2606 1495 2671 vel
1569 2605 2008 2671 intractabilia
2078 2607 2255 2672 facta
2320 2629 2459 2671 esse
2526 2610 2843 2693 suspicor.

544 2715 836 2779 Primum
887 2714 1164 2779 contulit
1209 2712 1547 2797 KusteruS,
1593 2717 1746 2797 post
1793 2735 1935 2778 eum
1984 2713 2191 2778 multo
2241 2715 2604 2779 accuratius
2650 2716 2841 2781 Gais-

547 2821 790 2886 forduS.
881 2820 1032 2904 Ipse
1068 2820 1212 2885 Par.
1251 2820 1452 2902 2625,
1500 2820 1610 2904 qui
1652 2820 2102 2904 neglegentius
2151 2842 2456 2886 excussus
2504 2826 2663 2905 erat,
2711 2823 2839 2888 Tu-

547 2928 816 3012 bingam
863 2927 1132 2992 Parisiis
1190 2927 1456 2992 missam
1518 2927 2021 3012 diligentissime
2072 2928 2421 2992 retractavi
2467 2929 2842 3014 multasque

544 3036 874 3119 lectioneS,
910 3056 1072 3119 quae
1112 3035 1308 3098 etiam
1339 3032 1756 3098 Gaisfordum
1794 3033 2115 3117 fugerant,
2153 3034 2221 3098 in
2259 3039 2578 3119 apparatu
2614 3036 2843 3115 adieci,

545 3142 846 3227 inprimis
901 3142 1001 3208 lit.
1032 3145 1096 3206 E
1130 3177 1199 3187 —-
1235 3145 1311 3205 Θ.
1401 3139 1505 3204 Ad
1560 3140 1697 3205 cod.
1734 3139 1797 3204 A
1844 3140 2203 3205 bonitatem
2248 3141 2539 3225 proxime
2586 3143 2843 3208 accedit

687 3383 740 3448 1)
787 3379 866 3434 Ut
909 3397 1078 3434 unam
1122 3395 1242 3433 rem
1287 3379 1533 3434 breviter
1578 3380 1835 3448 tangam,
1882 3379 2006 3448 quis
2045 3379 2130 3433 est
2167 3378 2515 3447 criticorum,
2562 3380 2659 3449 qui
2695 3379 2841 3443 duos

545 3458 811 3514 articulos
848 3459 1086 3515 Violarii
1115 3456 1176 3528 p.
1207 3463 1312 3513 585
1342 3475 1455 3528 seq.
1496 3459 1567 3513 de
1602 3458 1814 3529 Pylade
1852 3459 2121 3514 saltatore
2160 3461 2219 3514 et
2256 3457 2523 3515 Clearcho
2562 3477 2631 3514 ex
2666 3461 2845 3516 Athe—

548 3555 690 3594 naeo
729 3539 970 3596 intrusos
1007 3542 1410 3608 auctorumque
1447 3539 1648 3594 seriem
1684 3556 2081 3610 usquequaque
2122 3542 2400 3594 servatam
2438 3539 2844 3612 intempestive

544 3621 1016 3690 interrumpentes
1053 3621 1112 3674 et
1147 3636 1183 3673 a
1219 3619 1454 3674 Violarii
1497 3621 1714 3676 ratione
1759 3636 1985 3689 prorsus
2023 3619 2278 3676 recedere
2326 3622 2383 3674 et
2420 3620 2492 3674 ab
2528 3621 2842 3693 impostore
2926 3670 2931 3677 .

545 3699 860 3769 adscriptos
899 3717 1020 3754 esse
1055 3701 1261 3768 neget?
1319 3698 1399 3752 Of.
1435 3719 1490 3770 p.
1524 3707 1623 3754 117
1656 3701 1724 3754 de
1753 3700 2036 3769 Archippo
2066 3702 2170 3754 art.
2202 3702 2260 3754 et
2295 3699 2515 3756 Unters.
2555 3720 2611 3771 p.
2644 3708 2762 3757 164.

690 3781 744 3846 2)
783 3779 1202 3834 Praestantiam,
1230 3779 1518 3848 perspexit
1556 3779 1851 3834 Kusterus:
1904 3779 2073 3849 „Pan
2111 3785 2182 3849 A,
2231 3780 2327 3848 qui
2362 3780 2535 3834 trium
2572 3781 2693 3837 cod.
2732 3783 2839 3846 MS·

545 3860 641 3928 qui
688 3857 747 3913 in
792 3859 1142 3914 bibliotheca
1185 3859 1364 3928 Regia
1402 3858 1699 3914 Parisiensi
1738 3859 2129 3928 adservantur,
2178 3859 2424 3930 optimus
2463 3863 2548 3916 est
2584 3857 2645 3914 et
2678 3863 2839 3916 vetu-

543 3939 876 3996 citissimus&
949 3939 1032 3993 De
1082 3937 1290 3993 codicis
1338 3940 1525 3994 aetate
1572 3942 1722 3994 recte
1766 3939 2038 3995 iudicavit
2072 3940 2246 4008 Hase,
2292 3941 2464 4009 praef.
2512 3940 2571 3994 in
2617 3939 2837 4010 Lydum

542 4037 596 4088 p.
635 4017 886 4074 XXVIII.
963 4018 1220 4072 Ceterum
1259 4017 1318 4072 in
1357 4019 1476 4073 cod.
1513 4021 1636 4075 Par.
1676 4025 1816 4074 2625
1852 4021 2018 4076 hasce
2056 4019 2283 4076 enotavi
2328 4021 2581 4076 lacunas:
2634 4021 2842 4076 desunt

543 4098 626 4153 lit.
659 4101 708 4151 E
745 4099 822 4168 gl.
847 4094 1224 4169 ἕληλεγμένον
1255 4130 1320 4138 -
1353 4095 1684 4171 [παρ]όντος
1720 4096 1994 4156 κινδύνου
2033 4099 2109 4170 (in
2148 4101 2223 4170 gl.
2257 4096 2625 4172 ἐμφατικῶς),
2664 4119 2838 4158 unum

543 4179 609 4230 ut
645 4176 884 4248 videtur,
921 4175 1148 4245 folium,
1187 4177 1274 4234 lit.
1315 4179 1358 4231 I
1391 4172 1729 4249 ὄνομαζουσι
1768 4181 1847 4247 (in
1884 4181 1959 4249 gl.
1994 4177 2281 4250 Ἰγνάτιος)
2320 4211 2386 4220 -
2418 4182 2717 4244 πίπτοντες
2756 4182 2840 4246 εἰς

545 4254 786 4350 βασιλέα
814 4257 895 4326 (in
932 4258 1006 4326 gl.
1042 4252 1314 4326 Ἰκτῖνος),
1361 4259 1471 4312 duo
1511 4258 1601 4313 vel
1638 4259 1749 4314 tria
1785 4259 1949 4327 folia,
1995 4261 2055 4314 in
2094 4260 2290 4316 eadem
2336 4259 2420 4316 lit.
2460 4257 2841 4338 ἀπειροκαλίᾳ

544 4337 626 4404 (in
662 4335 736 4403 gl.
770 4330 1024 4404 Ἰούνιος)
1066 4367 1130 4376 -
1171 4338 1299 4393 exit.
1342 4339 1416 4408 gl.
1458 4339 1640 4408 spatio
1679 4339 1882 4394 idoneo
1923 4340 2135 4395 relict0.
