3025 4892
1129 234 1559 288 HESYCHIUS.
2359 234 2483 299 207

385 392 742 460 DCOLXV.
815 392 1303 479 Σωσιφάνης
1341 394 1767 472 Σωσικλέους
1804 392 2292 480 Συρακούσιος,
2336 421 2488 482 τρα-

229 495 406 580 γικός.
505 500 766 580 ἐδίδαξε
831 498 1133 586 δράματα
1197 498 1326 587 ογ’,
1391 501 1653 587 ἐνίκησε
1718 500 1792 568 δὲ
1856 499 1931 581 ζ’.
2036 505 2173 567 ἔστι
2240 500 2311 568 δὲ
2377 502 2487 568 καὶ

226 598 404 684 αὐτὸς
463 606 533 672 ἑκ
595 608 731 673 τῶν
796 604 854 686 ζ’
918 610 1283 693 τραγικῶν,
1349 610 1591 686 οἵτινες
1654 604 2157 693 ὠνομάσθησαν
2223 606 2488 687 Πλειάς.

224 711 458 795 ἐγένετο
505 711 580 780 δὲ
627 713 730 780 ἐπὶ
777 716 914 781 τῶν
962 718 1356 781 τελευταίων
1392 712 1661 801 χρόνων
1704 719 2061 799 Φιλίππου,
2109 717 2180 781 oc
2214 714 2289 781 δὲ
2322 713 2489 782 Ἀλε-

224 816 498 902 ξάνδρου
542 821 663 886 τοῦ
717 818 1133 898 Μακεδόνος.
1209 824 1504 910 [τελευτᾷ
1554 820 1628 887 δὲ
1674 820 1813 907 ρια’
1860 816 2252 906 ὀλυμπιάδι,
2302 822 2371 887 os
2413 820 2487 888 δὲ
2516 840 2541 879 ⁵

227 924 398 1011 ριδ’.]
489 928 560 992 os
601 924 676 991 δὲ
723 921 1014 1012 ἀκμάσαι
1061 922 1270 993 αὐτὸν
1316 925 1673 1012 γράφουσι.

377 1031 777 1098 DCCLXVI.
854 1030 1230 1110 Σωτάδας
1274 1031 1641 1114 Βυζάντιος
1686 1032 2093 1119 φιλόσοφος,
2134 1085 2149 1099 .
2180 1085 2193 1099 .
2222 1085 2239 1101 .
2280 1029 2371 1113 ὦς
2417 1034 2490 1103 ἐν

214 1141 296 1227 τῷ
341 1137 403 1219 ς’
449 1137 599 1226 περὶ
649 1142 1054 1225 φιλοσοφίας
1094 1135 1530 1224 Ἀριστοκλῆς.

374 1246 806 1313 DCOLXVII.
898 1242 1283 1330 Σωτάδης
1338 1243 1697 1330 Ἀθηναῖος
1760 1246 2048 1334 κωμικὸς
2107 1251 2224 1333 τῆς
2288 1248 2490 1335 μέσης

211 1355 565 1441 κωμῳδίας.
655 1348 663 1353 ’
1970 1410 1978 1417 .
2518 1375 2567 1413 ιο

374 1459 843 1526 DCCLXVIII.
907 1455 1287 1543 Σωτάδης
1326 1455 1685 1544 Ἀθηναῖος
1730 1460 2106 1548 φιλόσοφος
2150 1459 2187 1530 ὁ
2228 1462 2489 1548 γράψας

207 1566 350 1653 περὶ
395 1570 784 1653 μυστηρίων
828 1569 1093 1651 βιβλίον
1133 1564 1220 1633 α’.
1509 1654 1517 1659 -

372 1672 770 1740 DOOLXIX.
845 1672 1224 1758 Σωτάδης
1270 1672 1454 1759 Κρὴς
1499 1669 1627 1759 <ἦ>
1678 1681 2145 1762 Μαρωνείτης,
2182 1680 2483 1763 δαιμονι-

202 1785 414 1864 σθείς,
474 1778 954 1866 ίαμβογράφος.
1054 1784 1298 1866 ἔγραψε
1357 1779 1688 1865 φλύακας,
1744 1779 1890 1867 ἤτοι
1944 1784 2291 1861 κιναίδους
2344 1786 2485 1851 δια-

200 1886 396 1975 λέκτῳ
430 1881 717 1975 Ἰωνικῇ·
755 1886 866 1953 καὶ
903 1884 1031 1971 γὰρ
1066 1882 1348 1953 Ἰωνικοὶ
1387 1884 1576 1971 λόγοι
1617 1888 1977 1956 ἐκαλοῦντο
2020 1880 2223 1956 οὗτοι.
2298 1890 2485 1977 ἐχρή-
2516 1908 2567 1947 ¹⁵

201 2012 355 2059 σατο
431 1992 506 2059 δὲ
579 1996 668 2083 τῷ
742 1996 904 2059 εἴδει
966 1990 1180 2081 τούτῳ
1243 1993 1354 2059 καὶ
1414 1990 1847 2081 Ἀλέξανδρος
1912 1992 1947 2061 ὁ
2013 1993 2316 2074 Αἰτωλὸς
2376 1998 2487 2063 καὶ

201 2097 431 2185 Πύρης
508 2096 542 2167 ὁ
612 2097 953 2185 Μιλήσιος
1025 2099 1136 2167 καὶ
1199 2103 1625 2184 Θεοδωρίδας
1688 2101 1793 2167 καὶ
1870 2105 2314 2188 Τιμοχαρίδας
2376 2103 2486 2169 καὶ

201 2207 553 2293 Ξέναρχος.
626 2208 754 2274 εἰσὶ
803 2206 877 2274 δὲ
925 2203 1135 2273 αὐτοῦ
1181 2210 1326 2291 εἴδη
1373 2214 1665 2291 πλεῖστα,
1714 2201 1861 2274 οἷον
1900 2212 1993 2287 είς
2012 2205 2251 2277 ’Ἅιδου
2294 2209 2488 2277 κατά-

334 2364 630 2421 DCCLXV
671 2368 822 2423 Eud.
863 2385 916 2437 p.
947 2373 1066 2421 646.
1123 2365 1201 2419 cf.
1233 2366 1498 2419 Welcker
1534 2385 1589 2435 p.
1624 2372 1758 2420 1266
1873 2374 1898 2420 1
1940 2367 2143 2421 Veram
2182 2367 2482 2422 lectionem

193 2463 260 2499 ex
303 2445 484 2499 tribus
531 2446 654 2500 Par.
705 2448 786 2515 (οὐ
834 2446 957 2504 Vat.
996 2446 1204 2513 Pears.)
1251 2445 1500 2500 restituit
1536 2446 1601 2499 K
1596 2453 1834 2513 asterus,
1883 2443 2227 2515 Σωσιφάνης
2280 2443 2487 2517 ὁμοίως

192 2521 405 2594 κύριον.
482 2527 771 2593 Σωσικλῆς
808 2524 1162 2586 Σωσικλέους
1197 2533 1240 2579 E
1275 2527 1419 2596 vuly.
1459 2526 1585 2580 edd.
1632 2529 1766 2581 vett.
1806 2528 2096 2595 Σωσικλῆς
2133 2526 2487 2589 Σωσικλέους

190 2622 298 2658 om.
330 2601 674 2674 Σωσιφάνης
701 2606 852 2661 Eud.
890 2600 1235 2675 Σωσιφάνης
1263 2602 1444 2676 ὄνομα
1473 2602 1697 2674 κύριον,
1732 2603 1857 2669 υίὸς
1884 2606 2239 2669 Σωσικλέους
2266 2611 2310 2657 V
2350 2606 2483 2660 olim

191 2688 316 2740 erat
352 2690 499 2741 Σωσ.
539 2682 623 2742 ὅν.
663 2708 783 2755 κυρ.
824 2690 1040 2755 Σωσιφ.
1082 2681 1172 2755 ὁμ.
1211 2705 1332 2754 κυρ,
1371 2681 1619 2755 Σοσιφά.
1677 2686 2030 2749 Σωσικλέους
2185 2692 2217 2739 2
2258 2682 2481 2751 ἐδίδαξε

191 2783 306 2833 seq.
346 2766 488 2821 haec
525 2787 565 2822 s,
605 2768 696 2821 fin.
732 2767 881 2822 vitae
918 2766 1269 2836 expecbasses
1415 2773 1448 2821 4
1486 2764 1547 2821 οἱ
1579 2764 1643 2821 δὲ
1686 2799 1748 2807 -
1789 2767 1917 2823 exiit.
1957 2784 2063 2822 om.
2104 2767 2254 2821 Eud.

190 2853 223 2901 5
273 2844 406 2915 ρκα’
450 2879 512 2886 -
563 2841 692 2917 ρκδ’
741 2864 876 2902 corr.
919 2846 1143 2901 Olinton
1190 2848 1268 2901 III
1313 2867 1366 2917 p.
1407 2853 1466 2913 5,
1523 2849 1621 2902 sed
1667 2866 1894 2903 causam
1950 2847 2151 2902 erroris
2204 2844 2486 2915 perspexit

189 2927 401 2994 Rohde,
441 2928 580 2982 Mus.
613 2927 788 2981 Rhen.
818 2927 1051 2981 XXXIII
1078 2946 1132 2996 p.
1165 2933 1267 2981 219
1297 2929 1432 2992 not„
1470 2928 1615 2982 unde
1644 2927 1716 2981 ab
1745 2928 1865 2997 ipso
1897 2927 2069 2981 Suida
2097 2926 2188 2979 vel
2215 2944 2249 2980 a
2275 2928 2485 2980 lectore

189 3007 364 3061 verba
398 3007 750 3078 ineptissima
785 3006 1073 3076 adscripta
1109 3023 1228 3061 esse
1273 3006 1531 3075 suspicor

333 3085 649 3141 DCCLXVI
689 3104 796 3142 om.
829 3087 1102 3141 Westm.
1167 3086 1427 3141 Mutilam
1457 3102 1577 3139 esse
1606 3086 1778 3139 vitam
1810 3086 2076 3157 suspicor.
2137 3085 2338 3145 Σωτᾶς
2376 3080 2483 3137 Βύ-

190 3170 413 3233 ζαντιος
458 3166 606 3236 apud
647 3167 819 3221 Tzetz.
861 3167 992 3234 Lyc.
1027 3172 1164 3219 1350
1199 3166 1315 3236 legi
1353 3166 1571 3221 monuit
1606 3166 1962 3236 Bernhardy3
2010 3164 2272 3219 laudatur
2314 3164 2481 3218 etiam

190 3264 260 3301 ex
288 3246 521 3301 Ptolem.
555 3244 781 3301 Chenno
811 3247 900 3316 (ef.
921 3246 1170 3300 Hercher
1190 3265 1243 3315 p.
1267 3251 1356 3316 23)
1432 3254 1462 3301 7
1494 3248 1563 3300 de
1586 3246 1751 3301 Arist.
1773 3266 1823 3301 v.
1848 3246 2053 3300 Μιϊῖῑεν
2074 3245 2147 3299 IV
2169 3266 2222 3315 p.
2245 3251 2347 3299 329
2367 3247 2481 3298 not.

335 3324 675 3379 DCCLXVII
733 3326 964 3381 Tractat
998 3326 1256 3380 Meineke
1295 3326 1318 3378 I
1355 3344 1410 3394 p.
1448 3331 1581 3392 426,
1634 3326 1730 3393 qui
1783 3324 2102 3380 comoedias
2155 3324 2272 3379 eius
2323 3324 2485 3379 affert

187 3404 340 3459 infra
376 3404 491 3460 Sot.
522 3406 832 3460 Maronitae
868 3423 904 3459 a
940 3406 1114 3459 Suida
1151 3405 1312 3459 datas
1351 3406 1442 3475 (ef.
1482 3404 1684 3458 Athen.
1716 3404 1822 3457 VII
1858 3423 1910 3474 p.
1941 3407 2067 3473 293)

334 3484 704 3539 DCCLXVIII
742 3484 891 3541 Eud.
932 3504 984 3554 p.
1019 3491 1136 3540 657.
1210 3484 1292 3538 De
1329 3483 1612 3537 locutione
1650 3483 1720 3537 cf.
1759 3502 1810 3537 v.
1853 3478 2218 3551 Πολυκράτης

197 3573 264 3619 12
305 3567 490 3638 βιβλία
526 3567 654 3633 τρία
689 3565 840 3620 Eud.

336 3644 651 3699 DCCLXIX
688 3644 838 3699 Eud.
867 3663 922 3714 p.
945 3649 1064 3699 646.
1111 3643 1191 3698 cf.
1222 3642 1421 3696 Strabo
1451 3641 1582 3695 XIV
1613 3660 1667 3711 p.
1691 3648 1812 3698 648.
1851 3642 2118 3696 Tractant
2149 3641 2375 3695 Clinton
2404 3644 2479 3696 ΙΙΙ

189 3746 246 3797 p.
279 3730 399 3793 500,
439 3725 858 3781 Sommerbrodt
884 3726 920 3779 l.
952 3741 997 3777 e.
1028 3742 1081 3793 p.
1117 3730 1178 3777 11
1329 3729 1392 3776 13
1431 3716 1465 3788 ἢ
1505 3724 1636 3791 post
1676 3718 1830 3792 Κρής
1866 3722 2147 3791 supplevit
2185 3722 2480 3788 Westerm„

192 3822 304 3874 quo
334 3806 403 3859 de
432 3804 570 3861 vitio
599 3806 668 3861 cf.
697 3824 747 3861 v.
776 3802 1070 3873 ’Ἄψυρτοςς
1099 3804 1438 3873 Μαρωνίτης
1464 3808 1510 3855 V
1540 3805 1599 3856 et
1625 3802 1829 3856 Athen.
1857 3800 1985 3855 XIV
2013 3820 2065 3871 p.
2097 3807 2227 3870 620,
2276 3800 2373 3855 sed
2412 3801 2479 3854 cf.

191 3885 388 3955 Stepb.
420 3886 548 3954 Byz.
578 3906 630 3941 v.
663 3882 1001 3955 Μαρώνειας
1041 3884 1434 3954 δαιμονισθείς
1471 3882 1796 3951 corruptum
1835 3882 1945 3948 est,
1984 3896 2109 3933 cum
2144 3880 2238 3934 vix
2275 3880 2479 3948 „male-

194 3964 439 4019 dicentia
473 3966 750 4020 furiosus“
787 3965 1101 4033 significare
1131 3966 1314 4032 queat.
1355 3965 1442 4017 An
1471 3962 1881 4030 καταλειφθείς
1909 3960 1999 4028 (of.
2022 3960 2181 4029 Diog.
2204 3959 2296 4027 IX,
2322 3961 2479 4026 109)?

195 4041 488 4114 δαιμόνιός
514 4066 598 4108 τις
626 4042 768 4100 coni.
799 4045 1120 4099 Gutschmid
1170 4048 1320 4111 Μαρ.
1352 4041 1416 4097 δὲ
1454 4041 1749 4113 νομισθεὶς
1775 4040 1965 4095 Rohde
2074 4045 2139 4093 14
2168 4034 2480 4110 βλτίακαςῩ

199 4129 264 4177 15
311 4118 654 4192 ἐχρήσαντοῖ
819 4131 884 4179 17
933 4119 1126 4192 Πύρης
1171 4122 1366 4192 scripsi
1411 4141 1537 4177 cum
1584 4122 1862 4176 Athenaeo
1911 4115 2132 4188 Πύρρος
2176 4119 2321 4186 vuly.
2398 4116 2479 4172 Cf.

193 4201 475 4272 Meineke,
522 4202 684 4259 Anal.
722 4222 776 4272 p.
808 4209 912 4258 245
941 4220 1054 4272 seq.
1220 4204 1580 4270 Θεοδωρίδας
1625 4218 1764 4255 corr.
1808 4200 2057 4268 Toupius
2103 4194 2399 4265 Θεόδωρος
2436 4202 2482 4249 V

199 4276 495 4349 Θεοδῶρας
530 4284 672 4351 vuly.
702 4282 852 4339 Eud.
898 4284 1278 4352 Τιμοχαρίδας
1314 4284 1661 4352 suspectum3
1710 4296 1781 4333 an
1826 4274 2144 4348 Τιμοχάρης
2181 4279 2281 4331 aut
2312 4274 2480 4347 Τιμό-

194 4371 384 4435 χαριςῖ
511 4371 574 4417 18
613 4362 901 4433 Ξέναρχος
941 4362 1248 4431 Sophronis
1286 4379 1483 4431 nempe
1521 4360 1667 4415 filius
2094 4354 2099 4359 ’
