3025 4892
587 218 712 283 130
1503 218 1927 274 HESYCHIUS.
2274 254 2283 263 .
2826 300 2839 309 ·
2952 200 2955 411 >

580 384 822 456 σκαλος
869 384 1275 464 Πορφυρίου
1327 382 1448 445 τοῦ
1495 377 1911 463 φιλοσόφου,
1972 375 2373 463 πολυμαθὴς
2418 378 2531 445 καὶ
2576 376 2830 463 κριτικὸς

576 483 955 569 γενόμενος.
1017 475 1103 570 ἦν
1143 482 1216 551 δὲ
1257 485 1359 550 ἐπὶ
1399 482 1835 571 Αὐρηλιανοῦ
1872 487 1995 550 τοῦ
2034 488 2379 569 Καίσαρος
2414 483 2527 549 καὶ
2565 481 2829 571 ἀνῃρέθη

572 586 690 658 ὑπ’
769 587 979 658 αὐτοῦ
1053 587 1141 669 ὡς
1220 589 1568 675 σύμπνους
1634 596 1931 680 Ζηνοβίᾳ
1995 594 2073 678 τῇ
2136 588 2519 676 Ὀδηνᾶθου
2580 596 2829 675 γυναικί.
2954 520 2957 699 Ι

579 700 824 782 ἔγραψε
863 696 1011 783 περὶ
1049 698 1170 762 τοῦ
1206 693 1371 762 κατὰ
1417 698 1718 781 Φειδίου,
1766 693 2162 784 ἀπορήματα
2191 692 2532 783 Ὁμηρικᾶ,
2580 702 2639 764 εἰ
2671 695 2830 782 φιλό-
2926 700 2956 769 ,²

521 822 548 862 5
576 822 789 888 σοφος
825 800 1146 892 Ὅμηρος,
1203 800 1636 888 προβλήματα
1674 800 1966 889 Ὁμήρου
2019 804 2130 871 καὶ
2188 802 2411 882 λύσεις
2463 804 2536 871 ἐν
2582 809 2833 891 βιβλίοις

575 908 665 993 β’,
712 914 862 976 τίνα
909 906 1086 993 παρὰ
1131 904 1248 986 τὰς
1305 910 1601 995 ἱστορίας
1648 912 1716 976 οἱ
1772 908 2213 997 γραμματικοὶ
2270 906 2360 988 ὡς
2418 908 2708 996 ἱστορικὰ
2755 912 2833 989 ἐξ·

574 1016 1123 1102 ηγοῦνται,“περὶ
1170 1018 1307 1081 τῶν
1349 1012 1504 1102 παρ’
1540 1011 1798 1105 Ὁμήρῳ
1840 1012 2051 1082 πολλὰ
2102 1020 2580 1102 σημαινουσῶν
2625 1019 2835 1097 λέξεων

579 1120 676 1207 δ’,
728 1118 1039 1190 Ἀττικῶν
1107 1125 1348 1204 λέξεων
1416 1120 1711 1201 ἐκδόσεις
1775 1121 1844 1207 β’
1908 1120 2063 1211 (εἰσὶ
2130 1122 2203 1189 δὲ
2261 1121 2425 1190 κατὰ
2485 1125 2834 1210 στοιχεῖον),

576 1228 779 1308 λέξεις
819 1227 1213 1316 Ἀντιμάχου
1260 1228 1371 1296 καὶ
1408 1225 1866 1316 εΗρακλέιῑονος
1910 1228 2020 1295 καὶ
2068 1226 2234 1295 ἄλλα
2279 1229 2513 1297 πολλά.

503 1358 550 1393 1⁰
759 1335 1362 1403 CGOGLXXXVII.
1430 1333 1871 1414 Λολλιανὸς
1902 1332 2206 1420 Ἐφέσιος
2253 1336 2601 1423 σοφιστής,
2647 1346 2833 1423 μαθη-

574 1438 690 1528 τὴς
731 1436 980 1510 Ἰσαίου
1025 1446 1148 1510 τοῦ
1191 1440 1581 1528 Ἀσσυρίου,
1637 1440 1931 1527 γεγονώς
1978 1442 2081 1509 ἐπὶ
2124 1439 2481 1529 Ἀδριανοῦ
2529 1448 2648 1511 τοῦ
2692 1450 2833 1510 Καί-

576 1566 796 1635 σαρος.
887 1554 1134 1637 ἔγραψε
1179 1548 1410 1617 πολλά.
2114 1564 2121 1569 ’

753 1656 1389 1723 OGCCLXXXVIII.
1439 1652 1893 1733 Λουκιανὸς
1924 1653 2377 1743 Σαμοσατεύς,
2420 1653 2455 1723 ὁ
2490 1656 2840 1741 ἐπικληθεὶς

574 1763 983 1849 Βλάσφημος
1047 1758 1087 1849 ἢ
1147 1761 1523 1848 Δύσφημος
1588 1757 1656 1847 [ἢ
1729 1758 1934 1840 ἄθεος
1998 1766 2206 1829 εἰπεῖν
2262 1766 2583 1849 μᾶλλον],
2640 1760 2733 1830 ὅτι
2776 1764 2837 1827 ἐν

498 1888 546 1927 15
575 1880 715 1948 τοῖς
772 1868 1114 1956 διαλόγοις
1169 1866 1374 1935 αὐτοῦ
1430 1876 1657 1953 γελοῖα
1714 1864 1942 1951 [εἶναι]
1991 1868 2101 1934 καὶ
2147 1866 2227 1935 τὰ
2274 1869 2424 1953 περὶ
2472 1873 2608 1937 τῶν
2655 1874 2840 1936 θείων

575 1977 889 2063 εἰρημένα
947 1981 1402 2063 παρατίθεται.
1493 1974 1729 2061 γέγονε
1786 1974 1860 2041 δὲ
1907 1974 2011 2041 ἐπὶ
2058 1978 2179 2046 τοῦ
2228 1981 2575 2063 Καίσαρος
2626 1982 2834 2061 Τραϊα-

575 2084 703 2148 νοῦ
750 2082 860 2148 καὶ
909 2084 1225 2151 ἐπέκεινα.
1290 2073 1376 2168 ἦν
1426 2080 1499 2148 δὲ
1548 2072 1744 2161 οὗτος
1788 2080 1861 2147 τὸ
1906 2083 2065 2167 πρὶν
2114 2080 2473 2169 δικηγόρος
2512 2084 2586 2150 ἐν
2622 2080 2841 2150 Ἀντιο-

573 2192 717 2278 χείᾳ
754 2194 870 2276 τῆς
899 2196 1178 2278 Συρίας,
1220 2187 1697 2275 δυσπραγήσας
1725 2186 1788 2254 δ’
1825 2190 1898 2255 ἐν
1927 2188 2143 2279 τούτῳ
2175 2190 2278 2257 ἐπὶ
2308 2189 2382 2257 τὸ
2414 2197 2842 2279 λογογραφεῖν

573 2294 837 2383 ἐτράπη.
928 2297 1038 2365 καὶ
1094 2299 1451 2384 γέγραπται
1501 2292 1678 2385 αὐτῷ
1726 2292 1983 2381 ἄπειρα.
2080 2296 2489 2385 [τελευτῆσαι
2537 2296 2613 2363 δὲ
2658 2292 2841 2363 αὐτὸν

494 2422 544 2460 20
573 2403 770 2487 λόγος
835 2398 967 2469 ὑπὸ
1026 2406 1288 2488 κυνῶν,
1354 2401 1490 2469 ἐπεὶ
1545 2398 1711 2468 κατὰ
1776 2404 1892 2487 τῆς
1948 2399 2269 2488 ἀληθείας
2326 2402 2705 2489 ἐλύττησεν·
2766 2406 2844 2479 εἰς

571 2506 700 2595 γὰρ
748 2507 870 2576 τὸν
908 2514 1328 2599 Περεγρίνου
1374 2514 1529 2592 βίον
1573 2505 1982 2576 καθάπτεται
2029 2512 2152 2576 τοῦ
2195 2514 2705 2597 χριστιανισμοῦ
2748 2507 2843 2575 καὶ

714 2764 745 2811 3
793 2754 1153 2827 Ὀδυμνοὶθου
1193 2764 1237 2811 Δ
1279 2753 1641 2826 Ὀγυμνοὶθου
1679 2760 1723 2806 V
1775 2750 2082 2809 Ὀδννοὲτου
2120 2761 2237 2811 Bas,
2290 2753 2651 2827 Ὀδυμνάμου
2691 2760 2845 2809 3131

572 2841 690 2892 Ala.
730 2837 882 2893 Eud.
917 2832 1240 2905 Ὀδηνοὶθου
1279 2854 1416 2893 corr,
1456 2837 1819 2890 Ruhnkenius
1945 2842 1978 2889 4
2018 2836 2161 2891 κατὰ
2201 2839 2413 2910 φυβίου
2452 2841 2656 2889 ΔΒῩΒ
2692 2855 2843 2889 κατα-

573 2918 802 2985 φειδίου
831 2918 976 2987 vuly.
995 2917 1413 2971 Ειιά.’Μειδιόυ
1443 2917 1765 2985 Lanybaen.
1797 2916 1867 2968 ad
1894 2918 2148 2985 Longin.‚
2176 2934 2339 2985 quem
2371 2917 2570 2985 laudat
2598 2916 2844 2969 Hemster-

570 3000 687 3051 hus,
737 2992 902 3065 λόγου
952 3001 1078 3067 post
1123 2998 1222 3051 τοῦ
1272 2998 1497 3067 supplet
1544 2998 1770 3063 PortuS,
1828 2992 1991 3059 ὄντος
2037 2997 2347 3052 Pearson'us
2394 2998 2523 3065 περὶ
2570 2998 2669 3051 τοῦ
2714 2990 2840 3049 κατὰ

517 3095 522 3099 ·
573 3072 745 3144 φύσιν
775 3078 900 3145 βίου
932 3076 1200 3141 Schmidt,
1239 3076 1361 3130 Did.
1392 3095 1445 3146 p.
1467 3082 1536 3130 48
1565 3080 1681 3131 not,
1721 3078 1851 3145 περὶ
1888 3077 1988 3131 τοῦ
2000 3076 2127 3143 ***,
2158 3072 2302 3131 κατὰ
2333 3079 2665 3146 Πορφυρίου
2692 3074 2842 3129 Daub

572 3162 603 3209 5
633 3157 985 3225 problemata
1022 3173 1131 3209 non
1161 3155 1384 3211 diversa
1416 3156 1583 3211 fuisse
1622 3172 1655 3209 a
1683 3156 1829 3211 libro
1860 3154 2197 3226 ἀπορήματα
2236 3158 2553 3226 suspicatus
2583 3159 2667 3210 est
2692 3156 2841 3209 Lehr-

573 3238 702 3303 siuS,
741 3238 834 3291 Ar.
873 3254 924 3304 p.
956 3241 1059 3288 223
1181 3231 1243 3287 ἐν
1284 3236 1513 3307 βιβλίοις
1551 3232 1609 3289 δ’
1650 3235 1800 3290 Eud.
1931 3243 1963 3290 8
2002 3236 2219 3290 lexicon
2257 3237 2402 3291 inter
2441 3236 2649 3291 Suidae
2681 3236 2844 3288 fontes

571 3315 861 3448 laudagacufflx
1007 3321 1038 3369 9
1078 3314 1335 3377 Κλέωνος
1374 3317 1692 3385 Lanybaen.
1737 3312 1882 3370 κατὰ
1914 3311 2134 3384 Ἡρακλ.
2174 3318 2541 3371 Hemsterhus.
2683 3309 2838 3369 πολλὰ

575 3411 681 3449 om.
781 3412 818 3447 u
863 3438 872 3448 .

719 3473 1200 3528 CCCCLXXXVII
1241 3475 1392 3531 Eud.
1431 3494 1484 3545 p.
1526 3482 1645 3530 462.
1780 3481 1842 3529 11
1875 3470 2116 3530 Ἰσσαίου
2153 3484 2198 3530 V
2342 3474 2519 3546 γεγὼς
2555 3479 2650 3527 ΒΕ

717 3552 1228 3609 CCCCLXXXVHI
1266 3556 1415 3609 Eud.
1454 3573 1509 3625 p.
1550 3562 1669 3610 462.
1729 3555 1809 3610 Cf,
1850 3558 2041 3626 Daub,
2080 3556 2234 3613 Stud.
2273 3576 2328 3627 p.
2368 3564 2436 3612 63
2468 3574 2580 3625 seq.
2724 3559 2785 3607 13
2818 3546 2841 3604 ὁ

575 3632 902 3704 ἐπικληθεὶς
935 3669 983 3674 -
1011 3633 1209 3704 γέγονε
1241 3634 1304 3690 δὲ
1337 3654 1444 3689 om.
1467 3636 1617 3690 Eud.
1720 3644 1784 3691 14
1813 3640 1987 3693 verba
2015 3630 2048 3706 ἢ
2080 3633 2260 3700 ἄθεος
2289 3636 2473 3692 εἰπεῖν
2503 3638 2707 3707 μᾶλλον
2734 3634 2845 3704 posi]

572 3716 740 3782 ὃυσφ.
780 3716 955 3770 habet
989 3706 1244 3787 υιι19.ἐιὶ)
1283 3716 1480 3769 eodem
1518 3716 1737 3784 addita,
1786 3717 1881 3786 qui
1920 3738 1961 3772 s.
2000 3718 2091 3771 fin.
2132 3720 2302 3773 verba
2344 3717 2625 3783 adiunxit,
2674 3733 2774 3770 om.
2807 3717 2843 3763 V

573 3796 724 3850 Eud.
764 3797 1026 3865 leguntur
1064 3796 1235 3850 etiam
1270 3796 1328 3849 in
1365 3813 1543 3866 marg.
1574 3800 1645 3865 Δ,
1683 3798 1781 3853 ubi
1817 3798 2045 3853 additur
2074 3794 2208 3852 οὐαὶ
2238 3794 2421 3870 αὐτῷ,
2460 3791 2548 3850 ὅτι
2574 3788 2846 3850 ἀσπαστὸν

571 3879 738 3932 τοῦτο
776 3873 1025 3947 ἡγήσατο
1064 3878 1161 3932 καὶ
1197 3872 1340 3931 πολὺ
1380 3876 1729 3945 παρατρέπει
1767 3880 1866 3949 τῆς
1905 3874 2197 3952 εὐσεβείας
2344 3884 2407 3931 15
2447 3875 2599 3932 εἶναι
2628 3872 2845 3947 expunxi

576 3963 638 4011 16
687 3958 908 4026 λέγεται
957 3955 1020 4012 δὲ
1070 3955 1342 4026 γενέσθαι
1385 3957 1531 4025 vuly.
1582 3955 1777 4025 γέγονε
1827 3963 1927 4011 Av
1982 3959 2179 4028 γέγονε
2228 3956 2291 4013 δὲ
2340 3963 2380 4010 Β
2582 3960 2845 4023 Καίσαρος

575 4038 866 4106 Τραϊανοῦ
901 4068 965 4077 -
1005 4037 1210 4091 falsum
1239 4054 1359 4091 esse
1399 4034 1592 4089 docuit
1628 4036 1843 4103 Rohde,
1883 4037 2025 4092 Mus.
2066 4036 2239 4093 Rhen.
2268 4036 2507 4092 XXXIII
2543 4055 2598 4107 p.
2630 4042 2729 4091 174
2750 4050 2842 4100 seq.

576 4123 638 4171 17
679 4114 998 4187 δημηγόρος
1033 4119 1176 4186 vuly.
1215 4118 1365 4173 Eud.
1406 4114 1706 4187 δικηγόρος
1743 4135 1809 4171 ex
1854 4118 1987 4173 Par.
2028 4120 2301 4173 Kusterus
2423 4122 2487 4171 18
2526 4117 2625 4185 τῆς
2653 4116 2847 4182 Συρίας

571 4214 678 4251 om.
720 4198 873 4252 Eud.
1046 4193 1443 4266 δυσπραγήσας
1490 4192 1549 4250 δ’
1592 4195 1654 4252 ἐν
1693 4194 1872 4267 τούτῳ
1915 4202 2235 4267 corruptum
2273 4198 2436 4267 pubal,
2470 4198 2671 4261 Daub,
2717 4192 2847 4263 quod

572 4294 682 4330 non
718 4278 896 4346 probo
1010 4284 1073 4335 19
1112 4278 1439 4342 τελευτῆσαι
1471 4308 1535 4315 -
1568 4279 1696 4332 exit.
1728 4296 1835 4334 om.
1863 4279 2014 4333 Eud.
2054 4281 2226 4333 verba.
2263 4278 2473 4333 futtilia
2510 4276 2637 4331 add.
2670 4274 2847 4329 Suidas

571 4356 662 4411 vel
699 4356 876 4409 lector
1019 4364 1082 4409 21
1126 4357 1396 4425 Appellat
1435 4374 1561 4410 eum
1601 4360 1667 4425 (c.
1711 4360 1797 4426 13)
1840 4355 2389 4427 ἀνεσκολοπισμένον
2428 4354 2730 4427 σοφιστήν,
2766 4351 2847 4409 ubi
