3025 4892
544 186 632 250 50
1470 184 1900 243 HESYCHIUS.

718 346 936 414 CXCI.
1010 346 1413 435 Διαγόρας
1477 351 1916 434 Τηλεκλείδου
1969 342 2010 434 ἢ
2079 345 2497 433 Τηλεκλύτου
2554 344 2845 433 Μήλιος,

540 453 915 542 φιλόσοφος
950 454 1061 520 καὶ
1101 451 1417 543 ᾀσμάτων
1454 453 1752 541 ποιητής,
1794 451 1877 522 ὃν
1912 452 2131 541 εὐφυᾶ
2161 453 2583 541 θεασάμενος
2614 451 2846 539 Δημό-

537 586 759 649 κριτος
825 559 860 629 ὁ
916 557 1302 650 Ἀβδηρίτης
1371 560 1679 649 ὠνήσατο
1748 559 1959 630 αὐτὸν
2027 565 2283 630 δοῦλον
2350 559 2515 628 ὄντα
2579 565 2846 649 μυρίων

545 671 892 756 δραχμῶν,
949 669 1061 736 καὶ
1115 667 1430 755 μαθητὴν
1487 667 1863 755 ἐποιήσατο.
1957 665 1992 736 ὁ
2044 669 2120 736 δὲ
2164 668 2275 735 καὶ
2318 670 2399 755 τῇ
2447 671 2687 756 λυρικῇ
2738 669 2846 734 ἐπ-

492 801 517 842 5
545 777 772 862 έθετο,
846 789 986 854 τοῖς
1055 774 1324 863 χρόνοις
1397 770 1494 843 ὢν
1568 772 1731 843 κατὰ
1799 779 2155 862 Πίνδαρον
2218 775 2329 842 καὶ
2394 777 2848 862 Βακχυλίδην,

543 885 1063 950 Μελανιππίδου
1110 881 1184 949 δὲ
1230 879 1701 970 πρεσβύτερος·
1749 878 1991 968 ἤκμαζε
2026 885 2263 949 τοίνυν
2312 880 2420 967 οη’
2462 878 2845 967 ὀλυμπιάδι.

544 988 877 1076 ἐπεκλήθη
917 987 992 1057 δὲ
1032 987 1258 1075 ἄθεος,
1299 987 1472 1056 διότι
1501 991 1699 1056 τοῦτο
1731 987 2037 1069 ἐδόξαζεν
2066 985 2183 1073 ἀφ’
2221 978 2303 1055 οὗ
2331 1013 2432 1067 τις
2462 984 2846 1074 ὁμότεχνος,

545 1097 872 1176 αἰτιαθεὶς
929 1092 1041 1164 ὑπ’
1117 1093 1358 1181 αὐτοῦ,
1421 1091 1510 1174 ὡς
1576 1091 1659 1180 δὴ
1725 1097 1978 1161 παιᾶνα
2032 1091 2449 1181 ἀφελόμενος
2501 1089 2584 1161 ὃν
2644 1091 2849 1172 αὐτὸς

545 1201 939 1288 ἐπεποιήκει,
980 1200 1354 1288 ἐξωμόσατο
1393 1199 1482 1286 μὴ
1511 1200 1910 1286 κεκλοφέναι
1945 1203 2211 1286 τοῦτον,
2258 1197 2501 1287 μικρὸν
2541 1199 2617 1268 δὲ
2658 1197 2847 1268 ὕστε-

466 1334 517 1372 10
545 1335 670 1396 ρον
729 1308 1220 1397 ἐπιδειξάμενος
1270 1305 1478 1376 αὐτὸν
1530 1304 1955 1394 εὐημέρησεν.
2049 1308 2367 1375 ἐντεῦθεν
2416 1298 2545 1374 οὖν
2592 1303 2629 1374 ὁ
2680 1315 2845 1374 Δια-

544 1414 750 1504 γόρας
822 1414 1145 1502 λυπηθεὶς
1218 1418 1463 1501 ἔγραψε
1528 1411 1721 1492 τοὺς·
1749 1416 2208 1500 καλουμένους
2270 1411 2847 1501 άποπυργίζοντας

543 1522 816 1610 λόγους,
881 1520 1311 1609 ἀναχώρησιν
1382 1517 1591 1588 αὐτοῦ
1644 1521 1754 1589 καὶ
1812 1525 2136 1590 ἔκπτωσιν
2194 1526 2467 1608 ἔχοντας
2518 1525 2636 1608 τῆς
2693 1520 2844 1604 περὶ

540 1627 616 1698 τὸ
663 1639 860 1698 θεῖον
908 1629 1122 1716 δόξης.
1175 1626 1577 1714 κατοικήσας
1623 1626 1697 1694 δὲ
1739 1629 2095 1715 Κόρινθον
2135 1625 2170 1696 ὁ
2212 1627 2557 1717 Διαγόρας
2592 1627 2841 1697 αὐτόθι

541 1735 664 1804 τὸν
707 1743 862 1823 βίον
898 1740 1354 1820 κατέστρεψεν.

464 1869 516 1909 1⁶
722 1845 972 1913 CXCII.
1046 1846 1403 1928 Δίδυμος
1443 1836 1696 1927 Ἀτήιος
1746 1837 1813 1928 [ἢ
1840 1839 2129 1926 ’Ἀττιος]
2178 1849 2605 1930 χρηματίσας,
2653 1841 2840 1930 φιλό-

544 1969 757 2038 σοφος
815 1948 1312 2037 Ἀκαδημαϊκός.
1412 1953 1728 2018 πιθανῶν
1796 1949 1909 2016 καὶ
1977 1948 2415 2036 σοφισμάτων
2480 1949 2705 2030 λύσεις
2768 1951 2839 2016 ἐν

541 2062 830 2143 βιβλίοις
873 2057 956 2144 β’,
1002 2059 1111 2126 καὶ
1158 2057 1327 2126 ἄλλα
1371 2057 1606 2125 πολλά.

722 2165 1009 2234 CXCIII.
1085 2169 1447 2252 Δίδυμος
1494 2161 1811 2249 Διδύμου
1854 2163 2346 2252 ταριχοπώλου,
2392 2162 2839 2253 γραμματικὸς

538 2268 1056 2361 Ἀριστάρχειος,
1105 2269 1594 2357 Ἀλεξανδρεύς,
1641 2268 1933 2356 γεγονὼς
1975 2272 2079 2338 ἐπὶ
2104 2269 2466 2340 Ἀντωνίου
2490 2273 2605 2340 καὶ
2651 2272 2835 2339 Κικέ-

464 2407 516 2448 20
543 2404 760 2465 ρωνος
804 2380 915 2446 καὶ
955 2381 1076 2460 ἓως
1102 2376 1532 2464 Αὐγούστου,
1582 2379 2034 2462 Χαλκέντερος
2068 2379 2342 2464 κληθεὶς
2382 2377 2495 2446 διὰ
2540 2378 2663 2466 τὴν
2692 2377 2836 2465 περὶ

543 2483 621 2553 τὰ
658 2492 886 2573 βιβλία
925 2484 1267 2573 ἐπιμονήν.
1341 2483 1506 2571 φασὶ
1544 2481 1670 2569 γὰρ
1718 2480 1927 2551 αὐτὸν
1966 2489 2502 2574 συγγεγραφέναι
2548 2484 2714 2574 ὑπὲρ
2760 2481 2835 2551 τὰ

542 2598 872 2681 τρισχίλια
915 2594 1028 2662 καὶ
1074 2590 1477 2660 πεντακόσια
1524 2595 1768 2675 βιβλία.

1658 2785 1683 2816 0

688 2823 853 2878 CXCI
890 2825 970 2880 Cf.
1011 2825 1199 2895 Steph.
1238 2825 1364 2893 Byz.
1402 2841 1455 2876 v.
1489 2820 1687 2889 Μῆλος
1834 2828 1859 2876 1
1902 2817 2179 2891 Μιλήσιος
2205 2828 2475 2878 ABvlffl
2504 2843 2643 2880 corr.
2675 2825 2830 2880 Gais-

543 2905 672 2971 fo‘rd
744 2901 1012 2974 σοφιστὴς
1047 2899 1082 2974 ἢ
1123 2908 1237 2974 φιλ.
1275 2910 1318 2956 Ε
1357 2901 1548 2956 καὶ-
1580 2898 1817 2970 ποιητής
1855 2919 1962 2958 om.
2002 2908 2047 2956 V
2156 2909 2188 2958 2
2227 2898 2296 2959 ὃν
2334 2938 2402 2945 -
2440 2905 2570 2961 exit.
2612 2905 2831 2960 exhibet

544 2986 1016 3055 Pseudo-Hesyeh.
1055 3003 1099 3042 c.
1142 2990 1234 3051 173
1274 2984 1469 3038 eadem
1505 2983 1741 3038 fortasse
1778 2983 1950 3037 verba
1986 2983 2265 3051 Hesychio
2301 2985 2680 3042 adiudicanda
2713 2986 2834 3041 sunt

545 3072 576 3119 3
617 3065 844 3119 δοῦλονε
892 3064 1269 3128 Wachsmuth‚
1308 3061 1496 3132 Symb.
1536 3080 1589 3131 p.
1633 3067 1732 3116 141
1880 3069 1911 3117 5
1950 3059 2093 3117 κατὰ
2135 3080 2273 3120 corr.
2311 3067 2590 3122 Kusterus
2628 3062 2762 3138 μετὰ
2790 3067 2830 3114 Δ

543 3146 687 3214 vuly.
724 3144 1081 3216 Bernhardy3
1131 3145 1199 3200 cf.
1249 3143 1499 3211 Glinton,
1538 3161 1591 3210 p.
1631 3148 1697 3195 41
1738 3142 1832 3197 Kr.
2006 3150 2038 3197 6
2075 3148 2512 3200 Μελανιππίδου
2557 3177 2626 3186 -
2676 3141 2832 3213 ὀλυμ-

543 3220 708 3277 πιάδι
747 3242 853 3279 om.
884 3225 1018 3279 vett.
1052 3224 1175 3280 edd.
1217 3226 1274 3278 et
1299 3228 1448 3275 BEV
1478 3240 1547 3276 ex
1572 3225 1618 3273 A
1656 3222 1783 3276 add.
1813 3223 2114 3291 KasteruS,
2151 3225 2417 3294 leguntur
2442 3224 2504 3279 in
2529 3230 2658 3279 Vat.
2684 3231 2830 3276 Psar-

545 3321 670 3371 σοι,
708 3305 804 3360 sed
840 3305 900 3358 in
929 3310 974 3356 A
1012 3303 1256 3359 dilucide
1295 3301 1560 3371 scriptum
1602 3317 1721 3354 esse
1754 3304 2191 3372 Μελανιππίδης
2224 3305 2377 3358 recte
2415 3305 2642 3358 monuit
2679 3303 2831 3358 Gais-

541 3385 671 3451 ford
841 3392 870 3440 ‘1
913 3379 974 3447 ὃς
1014 3380 1198 3439 ἐπεκλ.
1237 3386 1282 3434 V
1319 3380 1421 3436 καὶ
1459 3377 1645 3435 ἐπεκλ.
1684 3385 1730 3434 A
1900 3377 2047 3436 διότι
2086 3414 2149 3421 -
2191 3385 2492 3452 λυπηθείς,
2541 3385 2603 3436 et
2641 3386 2827 3437 καλου-

543 3462 749 3533 μένους
787 3466 844 3518 et
887 3460 1242 3533 ἀναχώρησιν
1279 3457 1456 3517 αὐτοῦ
1507 3476 1615 3514 om.
1654 3462 1797 3531 vulg.
1837 3479 1905 3516 ex
1925 3466 1978 3514 'A
2017 3464 2075 3517 et
2111 3467 2233 3515 Vat.
2270 3467 2512 3515 Pcarson.
2550 3460 2827 3519 revocavit

542 3545 840 3610 Kusterus3
889 3544 1084 3599 eadem
1121 3545 1292 3600 etiam
1329 3541 1821 3612 Remulo-Hesych.
1859 3544 2119 3612 praebet,
2171 3543 2269 3613 qui
2306 3561 2413 3598 om.
2452 3543 2829 3616 καλουμένους

543 3624 602 3676 et
636 3620 993 3694 ἀναχώρησιν
1031 3618 1208 3679 αὐτοῦ
1347 3629 1410 3677 12
1453 3619 1718 3688 ἔκπτυξιν
1755 3639 1889 3678 corr.
1930 3624 2374 3680 Hemsterhusius
2502 3632 2567 3680 '13
2609 3621 2641 3680 ὁ
2673 3631 2824 3692 Amy.

543 3703 692 3757 solus
729 3709 802 3770 A,
838 3708 902 3759 uf,
937 3705 1174 3773 videtur,
1214 3699 1243 3758 ὁ
1285 3721 1393 3759 om.
1431 3704 1532 3758 rel.
1678 3707 1746 3756 14
1782 3701 2091 3773 κατε-’τρεψε
2130 3709 2175 3757 V
2212 3704 2596 3776 κατέστρεψεν
2634 3709 2681 3758 A

649 3782 878 3838 -CXCII
914 3786 1066 3840 Eud.
1114 3803 1167 3854 p.
1208 3790 1339 3854 234,
1387 3801 1528 3853 quae
1575 3782 1775 3852 incipit
1812 3786 1937 3838 Διδ.
1980 3779 2214 3854 Ἀτήϊος,
2261 3788 2373 3853 φιλ.
2418 3780 2597 3840 Ἀκαδ.
2646 3801 2747 3841 om.
2792 3777 2823 3850 ἢ

531 3857 751 3926 Ἄττιος.
821 3863 901 3920 cf.
941 3866 1160 3921 Unters.
1201 3883 1255 3934 p.
1286 3868 1382 3932 51,
1421 3863 1601 3931 Diels,
1640 3863 1882 3934 Doxogr.
1920 3882 1973 3933 p.
2015 3869 2083 3918 86
2104 3881 2232 3933 seq.,
2272 3864 2368 3933 qui
2403 3867 2535 3934 post
2572 3864 2824 3920 πιθανῶν

541 3961 834 3998 numerum
872 3944 1140 4001 excidisse
1168 3946 1335 4015 putat
1454 3951 1519 3999 15
1555 3941 1763 4015 ’Ἄρειος
1798 3961 1900 4012 pro
1926 3939 2131 4006 ’Ἄττιος
2160 3962 2226 3999 ex
2254 3945 2457 4000 Euseb.
2486 3965 2570 4016 pr.
2601 3965 2688 4002 ev.
2716 3942 2821 4010 XV,

478 4016 483 4021 ’
545 4032 609 4079 15
651 4025 792 4080 coni.
821 4025 1061 4093 Ιοηείιιε,
1100 4025 1229 4081 hist.
1262 4043 1362 4081 scr.
1393 4027 1485 4095 ph.
1517 4026 1623 4093 ΙΙΙ,
1656 4030 1681 4078 1
1722 4024 1982 4078 laudatus
2010 4022 2265 4079 Reinesio
2293 4028 2480 4088 Αἴνιος
2516 4026 2608 4080 vel
2639 4020 2823 4084 Ἀἑτιος

546 4105 821 4175 Toupius,
859 4099 894 4175 ἢ
921 4101 1126 4168 ’Ἄττιος
1163 4110 1535 4162 cori-ceturam
1571 4104 1797 4160 lectoris
1826 4121 1944 4158 csse
1972 4105 2120 4159 vidit
2154 4105 2488 4177 Bernhardy
2603 4112 2666 4160 16
2702 4101 2821 4172 περὶ

541 4187 808 4240 πιθανῶν
844 4187 937 4241 vel
973 4183 1197 4240 πιθανά
1235 4187 1406 4242 Daub

686 4264 905 4319 CXCIII
941 4267 1093 4320 Eud.
1122 4284 1175 4335 p.
1206 4273 1311 4320 230
1423 4273 1490 4320 19
1525 4261 1846 4320 Ἀντωνίνου
1874 4266 2019 4334 vuly.
2050 4281 2188 4322 corr.
2218 4265 2493 4320 Kasterus
2584 4272 2653 4321 20
2684 4267 2819 4320 Χαλ-

543 4340 804 4412 κέντερος
842 4360 960 4412 seq.
999 4344 1298 4414 descripsit
1334 4346 1825 4416 Pseudo-Hesych.
1866 4362 1913 4400 c.
1952 4351 2018 4399 21
2166 4353 2234 4401 22
2271 4344 2372 4401 καὶ
2409 4364 2516 4401 om.
2556 4352 2602 4400 A
