3025 4892
1157 160 1579 215 HESYcHrUS.
2381 162 2505 225 199

211 322 478 406 ἐγένετο
534 319 868 407 Νικήτου,
935 324 1332 409 συγχρονῶν
1382 319 1803 411 Ἀπολλωνίῳ
1856 324 1946 411 τῷ
2002 328 2264 389 Τυανεῖ.
2344 319 2509 408 πρὸς

211 420 302 494 ὃν
351 427 456 494 καὶ
499 424 848 505 ἐπιστολὰς
894 432 1183 514 ἔγραψεν
1226 424 1683 506 Ἀπολλώνιος.

401 535 700 602 DCCXL.
756 531 1070 613 Σκύλαξ
1099 531 1543 619 Καρυανδεὺς
1579 532 1800 621 (πόλις
1838 533 1918 601 δέ
1941 535 2076 601 ἐστι
2104 537 2220 619 τῆς
2248 539 2507 621 Καρίας

209 644 501 725 πλησίον
569 636 1098 727 Ἁλικαρνασσοῦ
1171 637 1250 706 τὰ
1329 636 1763 727 Καρύανδα),
1836 638 2325 730 Ιμαθηματικὸς
2394 641 2507 708 καὶ

206 745 556 836 μουσικόςΙ
573 799 588 813 .
634 746 666 837 ΙΙ
685 752 1050 833 περίπλουν
1079 748 1213 813 τῶν
1243 743 1431 825 ἐντὸς
1457 749 1592 813 τῶν
1619 742 2021 833 Ἡρακλέους
2049 751 2309 832 στηλῶν
2325 746 2386 837 ΙΙ,
2426 745 2506 814 τὰ
2534 776 2561 817 5

208 851 385 921 κατὰ
425 851 542 921 τὸν
577 851 1020 941 Ἡρακλείδην
1064 850 1185 920 τὸν
1225 851 1620 920 Μυλάσσων
1656 853 1955 939 βασιλέα,
2002 856 2123 939 γῆς
2162 856 2503 940 περίοδον,

211 958 671 1050 ,ἀντιγραφὴν
718 957 886 1047 πρὸς
930 957 1053 1045 τὴν
1099 962 1450 1044 Πολυβίου
1495 958 1856 1049 ίστορίανΙ.

397 1067 729 1135 DGOXLI.
813 1063 1095 1132 Σόλων
1149 1061 1637 1150 Ἐξηκεστίδου,
1696 1061 2056 1151 ’Λθηναῖος
2108 1064 2505 1152 φιλόσοφος,

208 1174 588 1259 νομοθέτης
641 1172 752 1239 καὶ
817 1169 1229 1259 δημαγωγός.
1320 1171 1555 1258 γέγονε
1603 1171 1679 1239 δὲ
1727 1172 1831 1239 ἐπὶ
1878 1176 1993 1259 τῆς
2037 1170 2141 1260 μζ’
2191 1169 2508 1258 ὀλυμπιά-

211 1284 366 1365 δος,
431 1282 500 1346 οί
553 1278 625 1346 δὲ
692 1277 819 1359 νς’.
931 1276 1435 1363 ἐπιβουλευθεὶς
1500 1276 1575 1345 δὲ
1638 1275 1769 1346 ὑπὸ
1837 1278 2323 1366 Πεισιστράτου
2384 1282 2507 1347 τοῦ
2535 1308 2587 1347 ιο

209 1385 557 1469 τυράννου
594 1382 1017 1470 ἀπεδήμησεν
1051 1385 1124 1450 ἐν
1155 1388 1428 1472 Κιλικίᾳ
1463 1382 1575 1449 καὶ
1618 1388 1830 1453 ἔκτισε
1866 1384 2089 1471 πόλιν,
2125 1380 2213 1471 ἣν
2242 1387 2507 1465 Σόλους

207 1492 522 1559 ἐκάλεσεν
582 1493 650 1572 ἐξ
709 1488 938 1559 αὑτοῦ.
1030 1490 1101 1557 οἰ
1157 1488 1232 1556 δὲ
1290 1489 1400 1557 καὶ
1461 1488 1619 1571 τοὺς
1679 1494 1751 1559 ἐν
1808 1491 2063 1583 Κύπρῳ
2120 1491 2385 1571 Σόλους
2440 1494 2505 1573 ἐξ

209 1596 424 1666 αὐτοῦ
469 1617 633 1683 φασι
677 1598 788 1665 καὶ
834 1599 1218 1683 τελευτῆσαι
1266 1592 1472 1663 αὐτὸν
1511 1599 1585 1665 ἐν
1624 1595 1897 1689 Κύπρῳ.
1970 1603 2216 1684 ἔγραψε
2254 1598 2507 1685 νόμους

355 1828 386 1875 2
426 1817 713 1876 ἐπιστολαὶ
751 1821 1057 1887 φαίνονται
1095 1811 1456 1871 Ἀπολλωνίου
1495 1816 1647 1873 Eud.

354 1898 592 1955 DCCXL
649 1900 731 1953 Cf.
771 1898 962 1967 Steph.
1002 1897 1136 1967 Byz.
1174 1917 1225 1952 v.
1260 1892 1604 1963 ΥΚαρύανδιιεε
1646 1893 1927 1953 ἐντεῦθεν
1963 1889 2037 1967 ἦν
2074 1898 2172 1952 καὶ
2208 1894 2433 1964 Σκύλαξ
2474 1896 2505 1954 ὃ

203 1978 448 2042 παλαιὸς
484 1975 837 2049 λογογράφος
883 1979 1012 2046 (om.
1052 1975 1240 2044 Daub,
1286 1976 1354 2029 de
1395 1974 1546 2031 Suid.
1586 1994 1640 2045 p.
1671 1980 1826 2045 447);
1874 1976 2077 2033 Sssrabo
2115 1978 2243 2032 XIV
2291 1996 2344 2047 p.
2383 1984 2504 2035 658.

207 2061 364 2114 Duos
399 2059 659 2128 Scylaces
686 2058 1082 2126 homonymos,
1120 2055 1358 2110 alterum
1387 2056 1682 2125 aequalem
1711 2057 1868 2110 Darii
1896 2057 2089 2126 primi,
2130 2057 2362 2112 Suidam
2393 2060 2507 2126 (vel

203 2140 571 2209 Hesychium)
604 2137 922 2193 confudisse
953 2135 1098 2192 vidit
1127 2135 1366 2191 Vossius,
1406 2134 1487 2189 cf.
1519 2136 1693 2189 etiam
1723 2135 1924 2190 Mt'iller
1945 2137 2023 2191 111
2053 2156 2107 2206 p.
2132 2143 2249 2192 183.
2288 2137 2506 2192 Masshe-

205 2220 507 2287 matIcum,
545 2220 642 2287 qui
670 2215 1050 2273 Halicarnassi
1078 2214 1342 2270 oriundus
1369 2220 1516 2284 erat,
1554 2220 1704 2271 certe
1742 2216 1801 2269 in
1830 2216 2017 2271 animo
2046 2217 2221 2271 habet
2249 2215 2361 2270 Cio.
2392 2216 2504 2273 div.

205 2303 278 2369 ΙΙ,
319 2307 384 2355 42
557 2306 589 2353 5
629 2299 740 2353 τῶν
777 2302 876 2351 Av
913 2296 1014 2351 τοῦ
1049 2296 1193 2365 vuly.
1368 2292 1529 2359 ἐκτὸς
1566 2296 1677 2351 τῶν
1714 2296 1841 2351 add.
1876 2296 2151 2351 Westerm.
2194 2293 2355 2359 ἐντὸς
2390 2298 2504 2351 τῶν

208 2378 492 2450 flagitavit.
519 2381 878 2450 Bernhardy,
907 2378 1059 2432 idem
1085 2376 1333 2446 praefert
1363 2377 1593 2442 Micller,
1624 2371 1783 2437 ἐντὸς
1810 2375 1907 2430 καὶ
1940 2371 2102 2437 ἐκτὸς
2129 2375 2240 2429 τῶν
2262 2376 2501 2432 Vossius.

209 2460 292 2517 Cf.
333 2461 506 2515 etiam
544 2479 594 2516 v.
633 2456 839 2527 Χάρων
877 2464 1067 2528 Λαμψ.
1139 2457 1398 2511 Ceterum
1433 2456 1583 2511 huno
1620 2456 1874 2510 libellum
1913 2472 2025 2510 non
2062 2454 2343 2510 diversum
2382 2473 2505 2511 esse

207 2558 243 2593 a.
271 2540 510 2593 Periodo
536 2542 744 2607 terrae,
783 2540 839 2593 et
876 2534 944 2591 τά
983 2533 1128 2592 κατὰ
1168 2540 1272 2591 etc.
1303 2553 1415 2590 non
1441 2534 1723 2589 diversum
1752 2551 1868 2589 esse
1898 2552 1933 2588 a.
1960 2534 2105 2589 libro
2142 2529 2501 2605 ἀντιγραφὴν

207 2619 354 2672 infra
401 2618 710 2673 memorato
757 2617 1067 2686 suspicatus
1114 2620 1202 2671 est
1237 2616 1467 2681 Mallem-3
1517 2616 1612 2669 sed
1659 2630 1825 2669 unam
1872 2611 2231 2684 άντιγραφὴν
2282 2616 2502 2670 mathe-

207 2697 403 2751 matici
432 2714 552 2751 esee
583 2696 728 2751 vidit
760 2696 1096 2752 Gutschmid.
1155 2694 1439 2764 Periplum
1474 2694 1721 2764 Scylaeis
1761 2712 1966 2750 nomen
2000 2695 2273 2749 ferentem
2303 2698 2501 2763 quarto

209 2776 432 2832 saeculo
470 2794 520 2832 a.
551 2775 648 2831 Ch.
680 2795 733 2831 n.
764 2775 1156 2831 concinnabum
1196 2793 1317 2831 esse
1354 2776 1599 2843 conatam
1639 2792 1705 2828 ex
1745 2776 1900 2829 cuius
1935 2774 2098 2829 initio
2136 2769 2397 2843 (ἄρξομαι
2437 2773 2500 2830 δὲ

207 2852 324 2911 άπὸ
359 2852 700 2923 εΗροικλειίπον
729 2858 940 2925 στηλῶν
973 2856 1085 2910 τῶν
1117 2851 1179 2909 ἐν
1207 2855 1274 2926 τῇ
1306 2850 1557 2925 Εύρώπῃ
1577 2855 1738 2924 μέχρι
1758 2850 1981 2922 εΗρακλ.
2013 2859 2158 2923 στηλ.
2191 2856 2303 2909 τῶν
2344 2851 2405 2911 ἐν
2434 2857 2500 2927 τῇ

207 2932 416 3006 Λιβύῃ)
457 2936 685 2990 Suidam
721 2936 949 2990 titulum
989 2933 1232 2989 effecisse
1271 2934 1502 3003 collegit
1541 2933 1865 2988 Gutschmid
2006 2940 2038 2987 6
2084 2929 2183 2988 τὸν
2222 2938 2354 2988 ante
2384 2930 2499 3002 Ἡρ.

208 3032 318 3069 om.
339 3021 410 3079 V;
449 3016 519 3068 de
548 3014 860 3084 Heraclide,
891 3013 1090 3069 Carum
1127 3014 1294 3082 duce,
1322 3014 1393 3068 of.
1424 3012 1779 3080 Gutsohmid‚
1816 3015 1953 3068 Mus,
1983 3014 2161 3069 Rhen.
2192 3014 2269 3067 IX
2297 3032 2350 3083 p.
2385 3022 2503 3081 142,

208 3097 268 3149 et
310 3110 454 3163 quae
491 3095 634 3148 dixit
669 3094 898 3161 Mfiller,
937 3093 1137 3164 Geogr.
1176 3095 1308 3149 min.
1339 3095 1363 3147 Ι
1403 3113 1454 3163 p.
1493 3093 1781 3147 XXXVIII
1820 3094 1921 3162 γῆς
1957 3093 2223 3161 περίοδον
2261 3110 2391 3148 vere
2430 3094 2501 3148 ad

207 3173 621 3243 logographum
659 3176 880 3243 spectat

354 3251 614 3307 DCCXLI
651 3254 802 3309 Eud.
831 3272 885 3325 p.
909 3260 1030 3321 651,
1066 3270 1209 3322 quae
1240 3252 1495 3308 adiunxit
1522 3252 1702 3307 Nonn.
1733 3253 1776 3322 Ι,
1806 3260 1890 3308 21.
1938 3252 2018 3307 Cf.
2042 3253 2204 3323 Diog.
2227 3255 2266 3322 Ι,
2289 3258 2358 3308 45
2388 3271 2501 3323 seq.

208 3332 421 3387 Eodem
460 3333 527 3386 de
563 3334 718 3388 fonte
757 3332 1048 3389 descendit
1084 3333 1268 3388 Schol.
1306 3334 1525 3389 Platon.
1565 3333 1643 3387 VI
1678 3351 1732 3402 p.
1764 3339 1893 3388 359:
1941 3329 2166 3399 Σόλων,
2209 3327 2503 3402 Ἀθηναῖος

204 3407 597 3480 Ἐξηκεστίδου
634 3408 782 3482 υἱός,
821 3410 998 3482 σοφὸς
1033 3412 1133 3467 καὶ
1169 3410 1488 3483 νομοθέτης
1524 3412 1621 3465 καὶ
1658 3411 1993 3481 δημαγωγὸς
2030 3408 2290 3481 γεγονώς.
2336 3402 2502 3475 οὗτος

212 3488 618 3561 Πεισιστράτου
654 3489 940 3548 κατειπών
977 3491 1271 3563 μέλλοντος
1305 3497 1606 3562 τυραννεῖν
1636 3487 1731 3545 διὰ
1762 3487 1866 3559 τὴν
1897 3487 1956 3557 ἐξ
1986 3486 2163 3545 αὐτοῦ
2195 3488 2501 3565 ἐπιβουλὴν

211 3567 575 3641 ἀπεδήμησεν
613 3571 694 3635 εἰς
730 3575 1011 3641 Αἴγυπτον
1048 3572 1146 3627 καὶ
1175 3568 1433 3641 Κύπρον,
1469 3566 1613 3624 ἄλλα
1650 3570 1750 3625 καὶ
1777 3567 1916 3639 πρὸς
1942 3574 2187 3639 Κροῖσον
2214 3568 2315 3624 τὸν
2343 3573 2500 3639 βασι-

211 3648 312 3705 λέα
347 3652 576 3721 Λυδῶν,
625 3648 746 3707 εἶτα
794 3652 876 3715 εἰς
911 3654 1196 3719 Κιλικίαν,
1245 3642 1312 3705 οὗ
1361 3653 1533 3717 κτίζει
1578 3647 1742 3704 πόλιν
1790 3646 2008 3711 Σόλους
2052 3647 2388 3719 λεγομένην,
2438 3648 2500 3704 ἐν

211 3722 248 3802 ᾗ
285 3726 418 3792 τοὺς
454 3730 924 3795 κατοικισθέντας
961 3728 1061 3787 ὑπ’
1104 3726 1282 3785 αὐτοῦ
1325 3726 1681 3799 Ἀθηναίους,
1728 3725 1904 3785 πολλοὶ
1943 3730 2040 3798 τῆς
2074 3722 2346 3790 Ἑλλάδος
2382 3749 2500 3797 φω-

213 3809 315 3877 νῆς
359 3805 457 3863 διὰ
503 3806 565 3865 τὸ
623 3809 808 3883 χρόνῳ
857 3811 1303 3885 βαρβαρωθῆναι
1347 3809 1965 3880 παραφθεγγομένους,
2024 3808 2350 3873 σολοικίζειν
2403 3807 2502 3861 καὶ

215 3890 500 3950 σολοίκους
538 3887 758 3961 ἔλεγον,
799 3886 857 3956 ἐξ
897 3884 965 3944 οὗ
1000 3890 1096 3943 καὶ
1125 3887 1487 3961 σολοικισμός.
1545 3886 1748 3945 τούτου
1786 3886 1849 3943 τὸ
1879 3886 2057 3958 μηδὲν
2086 3883 2251 3955 ἄγαν.
2284 3884 2497 3956 ἔγραψε

217 3965 278 4021 δὲ
313 3964 549 4037 νόμους,
596 3963 694 4033 οὓς
740 3965 951 4035 ἄξονας
990 3966 1294 4039 ἐκάλεσαν,
1340 3970 1438 4025 καὶ
1475 3965 1781 4037 ὑποθήκας
1827 3963 1905 4022 δι’
1948 3964 2212 4037 ἐλεγείας.
2290 3964 2385 4035 ἔτη
2434 3966 2498 4021 δὲ

215 4043 455 4117 γεγονὼς
491 4043 842 4118 ὀγδοήκοντα
881 4046 945 4105 ἐν
973 4045 1184 4120 Κύπρῳ
1214 4050 1462 4123 τελευτᾷ.
1522 4048 1938 4125 Ηοεγοὴίαῃοιιι
1966 4059 2086 4103 esse
2117 4047 2265 4102 vidit
2292 4046 2500 4113 Rohde,

217 4128 351 4183 Mue.
381 4128 556 4183 Rhen.
585 4128 821 4183 XXXIII
848 4148 901 4200 p.
933 4135 1035 4183 205
1064 4134 1199 4198 not„
1227 4128 1479 4198 neglexit
1509 4130 1791 4182 Mettauer
1818 4146 1871 4197 p.
1894 4133 1961 4182 57
1991 4127 2103 4182 not.
2127 4130 2179 4196 1,
2207 4142 2319 4180 non
2346 4128 2499 4181 reete

218 4204 522 4274 disputavit
557 4208 754 4275 Daub,
791 4208 860 4261 de
899 4207 1044 4261 Viol.
1083 4227 1136 4277 p.
1167 4215 1236 4262 24
1407 4214 1439 4262 8
1472 4205 1655 4277 Ἐξηκ.
1696 4225 1803 4262 om.
1842 4208 1993 4261 Eud.
2164 4214 2195 4262 9
2233 4206 2332 4261 καὶ
2368 4208 2497 4276 δημ.

219 4302 320 4340 om.
345 4286 498 4341 Eud.
612 4293 677 4341 10
705 4304 778 4341 an
805 4283 904 4357 μς’
945 4288 1071 4343 coll.
1103 4288 1326 4344 Clinton
1351 4307 1406 4359 p.
1429 4294 1533 4343 312
1554 4286 1687 4343 Kr.‘?
1724 4287 1822 4344 sed
1850 4286 1917 4343 cf.
1948 4286 2145 4343 Rohde
2174 4286 2210 4343 1.
2244 4304 2287 4341 ο.
2315 4304 2369 4356 p.
2396 4291 2495 4341 183
2582 4354 2591 4358 -
