3025 4892
1067 224 1491 282 HESYCHIUS.
2338 223 2425 289 63

141 390 530 476 δρομένους,
580 392 652 458 οἰ
695 391 770 458 δὲ
810 386 1338 478 Ἀριστομένους,
1391 391 1461 456 οἱ
1503 386 1579 455 δὲ
1606 387 2003 474 Σκάμωνος,
2048 375 2133 455 οὗ
2162 383 2425 474 ὁμῶνυ-

140 521 260 580 μον
307 501 495 582 ἔσχεν
543 497 716 563 υίόν.
808 496 1100 584 διέτριψε
1150 494 1224 563 δὲ
1259 492 1648 575 Ἑλλάνικος
1684 492 1813 562 σὺν
1851 491 2197 586 Ἡροδότῳ
2242 491 2421 583 παρά

135 601 534 694 Ἀλεξάνδρῳ
585 607 678 694 τῷ
731 601 1157 671 Μακεδόνων
1213 609 1480 689 βασιλεῖ
1529 601 1693 670 κατὰ
1752 600 1908 682 τοὺς
1953 600 2243 689 χρόνους
2288 598 2421 669 Εὐ-

149 713 413 794 ριπίδου
456 711 565 777 καὶ
615 714 1080 797 Σοφοκλέους,
1125 711 1236 779 καὶ
1274 708 1599 802 Ἑκαταίῳ
1644 714 1735 801 τῷ
1786 714 2101 800 Μιλησίῳ
2150 710 2423 795 ἐπέβαλε

143 818 464 901 γεγονότι·
492 816 659 885 κατὰ
709 817 791 885 τὰ
837 815 1137 905 Περσικὰ
1189 817 1301 885 καὶ
1359 821 1570 908 μικρῷ
1616 816 1939 904 πρόσθεν.
2030 817 2304 897 ἐξέτεινε
2350 816 2425 883 δὲ
2452 841 2479 884 ⁶

142 923 244 989 καὶ
306 925 495 1011 μέχρι
547 928 686 993 τῶν
741 921 1098 1012 Ἀρχελάου
1151 924 1448 1012 χρόνων,
1501 925 1615 992 καὶ
1672 924 2091 1011 ἐτελεύτησεν
2122 926 2197 991 ἐν
2253 931 2427 1010 Περ-

144 1036 372 1120 περίνῃ
415 1035 496 1120 τῇ
524 1030 926 1119 καταντικρὺ
964 1033 1248 1118 Λέσβου.
1302 1029 1768 1119 συνεγράψατο
1808 1031 1881 1100 δὲ
1916 1038 2189 1099 πλεῖστα
2224 1034 2428 1112 πεζῶς

146 1163 207 1203 τε
250 1141 360 1206 καὶ
393 1143 775 1226 ποιητικῶς.

312 1264 614 1331 COXLV.
682 1261 1211 1350 Ἐμπεδοκλῆς
1258 1265 1614 1350 Μέτωνος,
1663 1268 1734 1333 οἱ
1776 1264 1850 1334 δὲ
1891 1261 2312 1354 Ἀρχινόμου,
2361 1267 2433 1331 οἱ

148 1367 214 1435 δὲ
248 1373 570 1456 Ξενέτου,
615 1368 1131 1457 Ἀκραγαντῖνος
1179 1371 1340 1458 [δὲ],
1388 1372 1764 1458 φιλόσοφος
1808 1372 2093 1459 φυσικὸς
2127 1375 2237 1440 καὶ
2276 1374 2423 1441 ἐπο-
2454 1399 2505 1438 ιο

148 1475 347 1556 ποιός.
452 1479 564 1546 καὶ
639 1475 941 1564 ἀδελφὸν
1015 1483 1160 1565 ἔσχε
1235 1483 1793 1566 Καλλικρατίδην.
1904 1476 2279 1566 ἠκροάσατο
2356 1477 2430 1546 δὲ

149 1584 407 1670 πρώτου
452 1589 916 1672 Παρμενίδου,
965 1575 1048 1652 οὗ
1092 1611 1297 1672 τινος,
1345 1583 1434 1665 ῶς
1479 1604 1645 1673 φησι
1682 1585 2081 1674 Πορφύριος
2127 1588 2200 1653 ἐν
2237 1594 2427 1672 φιλο-

147 1690 325 1782 σόφῳ
375 1697 666 1783 ἱστορίᾳ,
711 1693 970 1779 ἐγένετο
1006 1693 1298 1786 παιδικά.
1383 1696 1453 1760 oc
1496 1692 1570 1761 δὲ
1610 1699 1913 1780 ἔφρασαν
1949 1691 2263 1780 μαθητὴν
2309 1699 2429 1780 Τη-

146 1798 428 1886 λαύγους
489 1805 613 1869 τοῦ
678 1799 1101 1888 Πυθαγόρου
1168 1803 1324 1868 υἰοῦ
1389 1798 1507 1868 τὸν
1586 1798 2030 1888 Ἐμπεδοκλέα
2093 1803 2429 1886 γενέσθαι.

151 1898 365 1988 [οὗτος
411 1905 446 1976 ὁ
479 1905 925 1995 Ἐμπεδοκλῆς
980 1908 1232 1994 στέμμα
1290 1911 1459 1994 ἔχων
1508 1907 1613 1975 ἐπὶ
1657 1913 1775 1995 τῆς
1818 1911 2106 1996 κεφαλῆς
2133 1910 2430 1996 χρυσοῦν
2464 1931 2513 1974 1⁵

148 2015 250 2081 καὶ
295 2015 598 2102 α’μύκλας
645 2017 719 2083 ἐν
772 2029 913 2095 τοῖς
956 2015 1115 2082 ποσὶ
1161 2017 1405 2101 χαλκᾶς
1465 2016 1576 2082 καὶ
1623 2018 1957 2103 στέμματα
2005 2012 2312 2102 Δελφικὰ
2357 2016 2431 2083 ἐν

145 2135 276 2202 ταῖς
335 2124 560 2211 χερσὶν
627 2121 810 2212 ἐπῄει
863 2121 980 2202 τὰς
1032 2120 1290 2207 πόλεις,
1357 2120 1565 2202 δόξαν
1626 2123 1774 2207 περὶ
1822 2121 2033 2191 αὑτοῦ
2077 2137 2431 2209 κατασχεῖν

149 2224 229 2307 ὡς
270 2229 418 2317 περὶ
469 2234 640 2298 θεοῦ
689 2228 1118 2316 βουλόμενος.
1210 2228 1347 2296 ἐπεὶ
1395 2228 1468 2295 δὲ
1516 2227 1792 2317 γηραιὸς
1839 2231 2120 2315 ἐγένετο,
2166 2228 2429 2312 νύκτωρ

149 2340 409 2423 ἔρριψεν
466 2334 710 2404 ἑαυτὸν
755 2341 850 2416 εἰς
892 2339 1186 2423 κρατῆρα
1233 2333 1478 2423 πυρός,
1536 2333 1705 2403 ῶστε
1750 2335 1839 2422 μὴ
1886 2341 2183 2423 φανῆναι
2214 2326 2431 2405 αὐτοῦ

147 2439 212 2508 τὸ
259 2447 462 2531 σῶμα.
552 2446 662 2511 καὶ
710 2441 922 2523 οὕτως
965 2442 1298 2530 άπῶλετο,
1345 2447 1467 2511 τοῦ
1513 2447 1884 2512 σανδαλίου
1930 2441 2139 2512 αὐτοῦ
2188 2446 2420 2532 ἐκβρα-
2450 2473 2501 2511 20

150 2552 416 2631 σθέντος
453 2548 582 2618 ὑπὸ
631 2553 754 2618 τοῦ
799 2548 1027 2638 πυρός.
1119 2550 1450 2638 ἐπεκλήθη
1500 2550 1576 2618 δὲ
1620 2551 1731 2619 καὶ
1768 2553 2269 2638 Κωλυσανέμας
2316 2549 2429 2619 διὰ

147 2654 214 2724 τὸ
259 2657 508 2746 ἀνέμου
551 2661 812 2726 πολλοῦ
859 2659 1263 2744 ἐπιθεμένου
1306 2661 1385 2747 τῇ
1419 2655 1813 2744 Ἀκράγαντι
1861 2655 2159 2738 ἐξελάσαι
2196 2655 2428 2745 αὐτόν,

153 2766 345 2852 δορὰς
392 2765 573 2834 ὄνων
618 2768 981 2852 περιθέντα
1029 2769 1106 2854 τῇ
1145 2764 1380 2849 πόλει.]
1457 2767 1693 2851 γέγονε
1731 2765 1805 2837 δὲ
1840 2764 2086 2834 τούτου
2122 2764 2427 2852 μαθητὴς

151 2876 424 2960 Γοργίας
478 2871 514 2941 ὁ
572 2871 794 2960 ῥήτωρ
853 2868 888 2940 ὁ
938 2877 1318 2952 Λεοντῖνος.
1408 2872 1520 2941 καὶ
1582 2877 1827 2960 ἔγραψε
1883 2870 1973 2940 δι’
2036 2874 2214 2941 ἐπῶν
2272 2874 2421 2962 περὶ

284 3177 311 3224 1
351 3168 408 3225 οἷ
440 3168 503 3225 δὲ
545 3200 612 3210 -—
648 3165 779 3223 υἱὸν
815 3167 912 3222 καὶ
939 3163 1222 3240 Ἑκαταίῳ
1248 3165 1553 3238 -Λέσβου
1602 3185 1709 3224 om.
1739 3166 1901 3222 Eud.
1976 3169 2055 3225 Cf.
2095 3189 2146 3227 V.
2184 3167 2429 3225 Σάνδων

153 3253 180 3298 3
211 3245 538 3322 Ἀλεξάνδρῳ
574 3265 676 3319 pro
719 3245 953 3322 Ἀμύντᾳ
998 3248 1146 3303 infra
1185 3243 1476 3318 Ἀρχελάου
1523 3264 1627 3319 pro
1671 3250 1994 3316 Περδίκκου
2040 3251 2429 3321 corrigendum

152 3344 261 3385 esse
297 3333 514 3386 monuit
553 3330 878 3385 Gutschmid
915 3324 1230 3400 (Ἀρχελάου
1261 3329 1441 3384 suasit
1476 3327 1649 3383 etiam
1688 3330 1961 3400 Glinton),
2001 3335 2292 3404 Περδίκκᾳ
2329 3348 2430 3401 pro

148 3401 363 3485 Ἀμύντᾳ
405 3412 655 3479 GlintO‘n,
691 3411 816 3466 fast.
853 3427 907 3478 p.
947 3416 1051 3465 383
1087 3409 1182 3463 Kr.
1337 3415 1372 3463 4
1408 3407 1691 3481 Αἷκαταίῳ
1730 3414 1775 3461 Δ
1920 3415 1952 3464 5
1990 3405 2025 3480 ἢ
2062 3411 2161 3466 καὶ
2197 3413 2368 3466 Daub

152 3487 281 3556 πρὸς
305 3492 450 3559 libri,
478 3487 587 3560 πρὸ
619 3507 746 3546 cum
773 3489 941 3545 Porto
970 3491 1271 3558 Kasterus,
1300 3486 1575 3561 πρότερον
1604 3491 1910 3560 Βοὸναειιε,
1937 3487 2194 3560 πρόσθεν
2222 3491 2430 3558 Rohde,

153 3567 280 3626 Mus,
301 3573 473 3627 Rhen.
493 3570 728 3626 XXXIII
747 3588 802 3639 p.
829 3575 932 3624 165
963 3569 1089 3626 coll.
1113 3569 1264 3626 Suid.
1284 3588 1337 3626 v,
1359 3568 1738 3640 Πλούταρχος,
1767 3572 1916 3639 quod
1943 3572 2131 3641 recepi
2222 3579 2254 3625 6
2284 3573 2429 3640 Προ-

155 3649 301 3704 δίκου
336 3653 546 3707 Suidas
581 3670 634 3706 v.
665 3647 968 3722 ἐπέβαλεν,
1005 3650 1103 3704 ubi
1131 3667 1200 3704 ex
1226 3650 1401 3704 Paris.
1431 3666 1572 3706 corr.
1602 3650 1877 3705 Kasterus
1915 3647 2253 3720 Περπερήνῃ
2281 3652 2425 3718 vuly.

157 3729 459 3804 Περπερίνῃ
498 3736 599 3784 Av
743 3736 776 3786 8
813 3731 1119 3799 ποιητικῶς
1153 3731 1340 3785 Paris.
1369 3731 1627 3798 Kasteri,
1669 3726 1875 3792 ἐπικῶς
1909 3733 2052 3801 vuly.
2084 3731 2252 3796 Eud„
2290 3746 2427 3782 neu-

156 3807 289 3865 trum
324 3818 477 3868 recte
515 3830 576 3868 se
615 3813 822 3867 habere
859 3811 1083 3881 pussavit
1116 3811 1476 3882 Bernhardyz
1523 3811 1622 3864 sed
1667 3811 1971 3879 ποιητικῶς
2010 3813 2084 3866 ad
2119 3810 2428 3880 pleniorem

157 3888 389 3948 tabulam
447 3895 698 3963 spectare
711 3937 724 3962 ‚
781 3909 894 3960 qua
949 3891 1325 3947 contineretur
1388 3891 1562 3946 etiam
1618 3893 1909 3960 catalogue
1960 3891 2428 3947 Carneonicorum

156 3983 304 4026 versu
337 3974 570 4028 heroico
608 3960 992 4041 compositus‚'
1010 3973 1294 4041 perspexit
1331 3971 1653 4026 Gutschmid

282 4071 520 4128 CCXLV
557 4087 665 4126 om.
703 4075 763 4126 A.
837 4071 919 4123 De
957 4069 1064 4124 hae
1111 4070 1230 4125 viia
1275 4069 1366 4139 egi
1411 4072 1555 4126 Mus,
1592 4070 1769 4126 Rhen.
1808 4069 2015 4124 XXXV
2059 4088 2112 4139 p.
2152 4061 2283 4140 209',
2330 4069 2428 4124 ubi

157 4152 310 4208 verba
345 4145 515 4215 οὗτος
551 4183 616 4192 -
656 4148 820 4205 πόλει
855 4167 890 4204 a
933 4149 1108 4203 Suida
1143 4167 1211 4204 ex
1236 4150 1539 4222 Porphyrii
1575 4151 1809 4206 historia
1844 4149 2067 4205 adiecta
2104 4167 2225 4205 esse
2264 4150 2431 4205 docui

163 4234 220 4283 10
254 4233 499 4294 Ξενέτου
536 4231 694 4299 libri,
725 4227 1050 4296 Ἐξαινέτου
1089 4248 1157 4286 ex
1200 4231 1364 4303 Diog.
1403 4232 1561 4300 VIII,
1599 4236 1664 4284 53
1703 4248 1811 4285 reo.
1849 4231 2080 4298 Bekker3
2119 4230 2207 4283 his
2243 4230 2430 4285 verbis

161 4311 370 4368 adiunxi
403 4310 686 4384 Ἀκραγαν.
727 4344 790 4352 -
834 4307 1128 4382 ἐποποιός,
1167 4331 1312 4383 quae
1347 4311 1407 4366 in
1444 4311 1605 4366 libris
1640 4312 1772 4381 posi,
1804 4309 2078 4380 γενέσθαι
2115 4311 2382 4381 leguntur

167 4394 222 4444 12
256 4389 314 4448 ἐν
353 4399 535 4465 φιλοσ.
574 4391 741 4464 [otoo.
781 4409 850 4448 ex
885 4410 996 4448 uno
1032 4394 1156 4450 Par.
1195 4393 1322 4470 add.
1359 4393 1636 4448 Kusterus
1781 4396 1847 4445 15
1888 4387 2161 4447 ἐποποιόν
2197 4397 2242 4446 V
