3025 4892
1129 252 1136 257 ·
1187 233 1611 289 HESYcfflUS.
2416 232 2541 297 139

209 405 418 471 ψατο
497 393 872 481 Σωκράτην
951 392 1114 480 μετὰ
1183 392 1478 463 Ἀνύτου.
1534 444 1541 449 -
1588 400 1979 481 πεποίηνται
2052 392 2126 461 δὲ
2190 393 2368 486 αὐτῷ
2434 394 2545 461 καὶ

218 504 642 593 τραγῳδίαι.
732 500 1156 586 κατελιθωθη
1207 500 1280 569 δὲ
1326 498 1457 569 ὑπὸ
1505 506 1643 571 τῶν
1684 499 2083 588 Ἀθηναίων.

436 608 672 675 DXIX.
737 606 1140 685 Μέλισσος
1188 603 1428 693 [ὄνομα
1467 600 1735 694 κύρίον]
1779 608 1943 691 [καὶ]
1990 598 2271 693 <οὗτος>
2312 598 2399 693 ἦν
2438 606 2540 674 ἐπὶ

221 717 390 781 τῶν
440 713 761 800 Ζήνωνος
806 716 930 781 τοῦ
972 710 1283 782 Ἐλεάτου
1327 714 1437 781 καὶ
1482 715 1990 801 Εμπεδοκλέους
2036 714 2303 801 χρόνων
2342 713 2539 799 (καὶ)

229 812 513 905 [οὗτος]
563 826 809 910 ἔγραψε
847 822 996 909 περὶ
1033 825 1153 889 τοῦ
1193 819 1404 901 ὄντος.
1477 822 1587 889 καὶ
1618 821 2207 889 ἀντεπολιτεύσατο
2240 820 2313 888 δὲ
2345 828 2545 908 Περι-
2574 840 2599 881 5

225 936 420 1013 κλεῖ,
465 928 574 995 καὶ
623 925 790 1014 ὑπὲρ
831 934 1112 1015 Σαμίων
1161 928 1617 1015 στρατηγήσας
1654 927 2071 1016 ἐναυμάχησε
2108 925 2274 1016 πρὸς
2317 933 2543 1014 Σοφο-

235 1037 430 1121 κλῆν
476 1032 594 1103 τὸν
639 1033 960 1121 τραγικὸν
1008 1033 1369 1122 ὀλυμπιάδι
1406 1035 1543 1105 πδ’.

439 1143 640 1219 DXX.
717 1145 1232 1231 [Μένανδρος
1273 1141 1631 1230 Ἀθηναῖος
1674 1143 1965 1232 κωμικὸς
2010 1143 2329 1233 ἀρχαῖος]

445 1250 552 1315 καὶ
602 1250 1082 1335 Μένανδρος
1128 1251 1377 1338 ἕτερος,
1431 1248 1819 1337 Ἀθηναῖος,
1882 1250 1919 1319 ὁ
1971 1258 2387 1333 Διοπείθους
2440 1255 2549 1320 καὶ

227 1355 718 1443 ‘Hy-eorpuinus,
782 1356 932 1444 περὶ
991 1348 1072 1424 οὗ
1126 1354 1333 1436 πολὺς
1387 1356 1564 1444 παρὰ
1618 1362 1823 1426 πᾶσιν
1882 1356 1919 1427 ὁ
1979 1358 2214 1447 λόγος,
2266 1359 2552 1448 κωμικὸς
2582 1343 2665 1426 10⁶

149 1540 160 1547 ⁵
241 1465 376 1549 τῆς
429 1464 584 1543 νέας
628 1467 999 1556 κωμῳδίας,
1048 1462 1331 1552 στραβὸς
1365 1462 1480 1545 τὰς
1520 1462 1727 1549 ὄψεις,
1767 1464 1922 1547 ὀξὺς
1962 1466 2037 1534 δὲ
2072 1465 2193 1535 τὸν
2231 1472 2403 1535 νοῦν
2442 1472 2551 1536 καὶ

247 1570 412 1657 περὶ
485 1586 810 1658 γυναῖκας
875 1572 1368 1656 ἐκμανέστατος.
1480 1573 1772 1659 γέγραφε
1845 1578 2198 1666 κωμῳδίας
2266 1575 2378 1663 ρη’
2443 1577 2551 1643 καὶ

249 1677 608 1759 ἐπιστολὰς
653 1677 823 1766 πρὸς
873 1685 1296 1765 Πτολεμαῖον
1343 1676 1466 1747 τὸν
1512 1682 1789 1764 βασιλέα
1834 1682 1945 1748 καὶ
1993 1679 2237 1767 λόγους
2290 1681 2554 1769 ἑτέρους

247 1790 608 1867 πλείστους
652 1787 1138 1873 καταλογάδην.
1538 1832 1549 1839 -
2003 1773 2005 1777 ,

423 1883 667 1961 ‘DXXL
767 1895 1244 1982 Μένανδρος
1318 1897 1693 1974 Λαοδικευς
1753 1898 1871 1982 τῆς
1946 1894 2124 1983 παρὰ
2191 1896 2391 1988 Λύκῳ
2459 1902 2549 1989 τῷ
2582 1921 2632 1961 15

246 2003 558 2089 ποταμῷ,
617 2000 958 2087 σοφιστής.
1051 2006 1340 2088 ἔγραψεν
1396 1998 1758 2088 ὑπόμνημα
1805 2006 1899 2081 εἰς
1943 2000 2067 2087 τὴν
2106 1999 2553 2090 Ἑρμογένους

247 2106 503 2191 τέχνην
547 2107 658 2173 καὶ
707 2105 871 2193 (ra)
917 2111 1392 2175 Μινουκιανοῦ
1435 2096 2010 2195 προγυμνάσματα
2056 2109 2165 2175 καὶ
2214 2107 2399 2177 ἄλλα.

441 2214 708 2281 DXXII.
784 2216 1265 2301 Μένανδρος
1311 2219 1702 2302 Προτίκτωρ
1751 2214 2099 2301 ἱστορικός.

405 2387 438 2434 2
475 2382 566 2436 hio
603 2382 731 2438 add.
770 2382 921 2437 Eud.
963 2380 1176 2452 ἔγραψε
1207 2381 1466 2451 περὶτοῦ
1495 2378 1674 2444 ὄντος.
1731 2374 1803 2452 ἦν
1834 2379 1927 2439 ἐπὶ
1950 2380 2215 2454 ιΖήνωνος
2254 2385 2353 2438 καὶ
2380 2388 2552 2454 Περι-

245 2459 460 2524 κλέους
494 2462 591 2516 καὶ
619 2462 1010 2531 Σοφοκλέους,
1047 2478 1190 2531 quae
1219 2460 1444 2515 uberius
1483 2462 1678 2517 eodem
1708 2464 1831 2518 loco
1863 2464 2069 2519 Suidae
2096 2466 2226 2519 libri
2256 2464 2549 2532 exhibent3

245 2542 331 2596 ad
362 2541 650 2595 Melissum
684 2544 942 2611 >spectare
979 2542 1193 2610 primns
1221 2539 1367 2595 vidit
1395 2540 1863 2608 Hemsterhasim,
1904 2542 2161 2597 distinxit
2194 2543 2419 2599 Olinton
2447 2546 2481 2599 l.
2506 2562 2551 2599 c.

241 2623 349 2689 (cf.
381 2620 541 2693 Diog.
572 2623 666 2691 IX,
687 2624 798 2693 24),
836 2639 939 2677 nos
975 2622 1444 2677 Westermannum
1473 2622 1653 2675 secuti
1680 2623 1754 2677 ad
1781 2622 2027 2692 glossam
2054 2623 2336 2687 Μέλισσος
2372 2628 2551 2679 brans-

243 2703 560 2773 posuimus.
634 2705 934 2759 Praeterea
977 2702 1068 2756 his
1107 2697 1362 2755 adiunxit
1400 2701 1598 2756 Suidas
1644 2703 1816 2758 schol.
1855 2705 1949 2758 Ar.
1987 2705 2126 2757 Ran.
2170 2711 2322 2759 1337.
2390 2705 2550 2760 Cete-

241 2801 382 2837 rum
419 2798 620 2852 operae
659 2783 902 2853 pretium
938 2782 1162 2837 videtur
1200 2780 1395 2835 afferre
1432 2782 1605 2836 schol.
1637 2784 1853 2840 Platon.
1886 2784 1974 2853 (of.
2008 2784 2180 2839 etiam
2208 2783 2286 2837 VI
2315 2803 2365 2854 p.
2398 2789 2550 2855 228):

242 2860 518 2931 Μέλητος
564 2863 627 2919 δὲ
675 2865 989 2935 τραγῳδίας
1036 2862 1253 2931 φαῦλος
1289 2857 1549 2932 ποιητής,
1602 2864 1755 2932 Θρᾷξ
1803 2862 1991 2932 γένος,
2040 2860 2115 2925 ὡς
2158 2857 2554 2933 Ἀριστοφάνης

243 2936 584 3009 Βατράχοις,
622 2945 936 3012 Πελαργοῖς
964 2942 1149 2997 Λαΐου
1187 2938 1315 2995 υἷόν
1346 2937 1524 2995 αὐτὸν
1562 2943 1757 3011 λέγων,
1798 2939 1923 2997 ἐπεὶ
1952 2935 1993 3016 ᾦ
2034 2942 2147 2998 ἔτει
2187 2940 2246 2997 οἱ
2268 2945 2551 3013 Πελαργοὶ

247 3020 654 3088 ἐδίδασκοντο,
691 3022 788 3076 καὶ
826 3018 856 3076 ὃ
888 3024 1150 3091 Μέλητος
1180 3018 1554 3075 Οἰδιπόδειαν
1594 3021 1832 3091 ἔθηκεν,
1872 3020 1946 3085 ὥς
1979 3019 2345 3093 Ἀριστοτέλης
2374 3026 2549 3077 Διδα-

243 3102 526 3163 σκαλί.αις
605 3098 666 3155 έν
723 3101 787 3157 δὲ
844 3107 1123 3171 Γεωργοῖς
1179 3097 1254 3163 ὡς
1303 3105 1555 3156 Καλλίαν
1604 3104 1989 3171 περαίνοντος
2025 3124 2205 3159 αυτου
2256 3103 2549 3176 μέμνηται.

244 3180 535 3253 μέμνηται
573 3178 752 3237 αὐτοῦ
772 3173 890 3278 rmad
924 3183 1136 3244 Λυσίας
1175 3176 1238 3235 ἐν
1276 3178 1619 3251 Σωκράτους
1658 3178 1936 3272 ἀπολογία

401 3260 580 3316 DXIX
653 3268 685 3315 3
725 3254 891 3325 οὖτος
928 3263 1020 3317 hie
1056 3263 1288 3330 inserui,
1328 3262 1480 3317 infra.
1510 3262 1778 3331 expunxi,
1817 3239 1918 3316 καί
1950 3263 2096 3317 infra
2134 3264 2328 3334 scripsi

252 3349 285 3396 7
332 3337 431 3395 πε’
468 3342 652 3411 poscifi
689 3344 1022 3413 Bernhardy

401 3420 554 3475 DXX
607 3423 757 3478 Eud.
806 3442 858 3493 p.
899 3430 1002 3479 498
1049 3423 1294 3494 priorem
1340 3425 1569 3493 poetam
1616 3423 1778 3476 unice
1825 3441 1926 3477 nos
1976 3423 2177 3478 Suidae
2234 3426 2405 3479 errori
2456 3426 2551 3479 de-

245 3504 390 3557 bere
436 3505 715 3571 persuasit
753 3506 1027 3559 Meinekel
1075 3524 1128 3575 p.
1158 3511 1262 3559 270
1435 3510 1466 3558 8
1505 3499 1753 3572 κωμικὸς
1791 3535 1857 3543 —-
1900 3498 2193 3571 Ἀθηναῖος
2238 3522 2551 3575 expungere

246 3581 476 3635 mavult
501 3582 836 3654 Bernhardy
908 3584 1006 3637 καὶ
1033 3583 1149 3639 et⁶
1121 3604 1308 3654 ετερος
1337 3584 1506 3638 Daub
1616 3581 1955 3651 Μένανδρος
1994 3584 2230 3637 alterum
2260 3602 2368 3639 om.
2398 3587 2547 3640 Eud.

247 3668 284 3716 9
333 3656 362 3713 ὁ
399 3660 529 3715 add.
566 3666 716 3724 Anv
755 3678 860 3716 om.
890 3664 1034 3732 valy.
1065 3663 1216 3717 Eud.
1329 3668 1394 3716 10
1425 3660 1857 3733 Ἡγησιστράτης
1894 3667 2037 3733 vulg).
2070 3664 2217 3719 Eud.
2260 3660 2454 3735 (Ἡγισ.
2483 3671 2549 3736 Ε)

246 3744 408 3795 recte
437 3745 590 3794 ABv
703 3748 764 3795 11
807 3740 922 3797 ἔστι
961 3741 1025 3797 δὲ
1056 3743 1152 3809 τῆς
1190 3740 1325 3804 νέας
1361 3744 1660 3813 κωμῳδίας
1683 3745 1834 3799 Eud.
1950 3752 2013 3798 12
2046 3742 2135 3813 Qy'
2164 3750 2233 3809 Ες
2272 3745 2341 3798 cf.
2378 3745 2548 3799 etiam

247 3820 400 3875 Gell.
438 3820 614 3889 XVII,
653 3828 704 3889 4,
735 3827 765 3876 5
883 3830 946 3876 13
988 3818 1192 3889 ἑτέρων
1231 3820 1336 3876 δύο
1366 3830 1426 3878 V.
1488 3822 1747 3878 Ceterum
1786 3842 1825 3879 S.
1864 3825 1959 3878 fin.
1998 3825 2186 3893 plures
2214 3823 2548 3879 Menandros

245 3902 612 3971 perturbatos
649 3919 768 3955 esse
806 3904 1162 3973 Bernhardy,
1203 3904 1274 3956 ad
1313 3904 1595 3958 rhetorem
1632 3903 1770 3959 haec
1808 3904 1981 3959 refert
2018 3905 2337 3958 Gutschmid

399 3980 578 4035 DXXI
616 3983 766 4037 Eud.
805 4001 858 4051 p.
891 3989 1014 4053 497·
1108 3990 1172 4037 16
1221 3984 1488 4050 σοφιστοῦ
1531 3988 1575 4035 Δ
1689 3983 1770 4039 Cf.
1810 4002 1859 4039 v.
1891 3980 2249 4053 Ἑρμογένης.
2375 3990 2439 4039 17
2479 3981 2546 4039 τὰ

247 4062 384 4117 add.
423 4062 594 4116 Daub
740 4062 837 4115 καὶ
874 4058 1014 4117 ἄλλα
1051 4079 1159 4119 om.
1192 4070 1237 4116 V

399 4141 607 4195 DXXII
635 4142 786 4197 Eud.
808 4160 863 4211 p.
885 4149 1008 4211 493,
1037 4160 1178 4211 quae
1206 4143 1380 4198 talem
1401 4142 1577 4198 vitam
1600 4143 1851 4197 exhibeb:
1884 4140 2097 4211 ἔγραψε
2123 4141 2269 4211 [cod.
2291 4137 2385 4212 τὰ]
2408 4140 2547 4210 μετὰ

249 4217 363 4289 τὴν
393 4216 706 4292 άποβίωσιν
734 4222 836 4275 τοῦ
863 4217 1139 4291 Ἀγαθίου,
1167 4218 1296 4291 ἤτοι
1317 4222 1376 4292 [l.
1397 4214 1469 4290 ἦν
1499 4220 1588 4293 δὲ]
1613 4218 1876 4291 διάδοχος
1903 4224 2002 4291 τῆς
2034 4217 2256 4276 ἐκείνου
2286 4218 2547 4293 ἱστορίας,

245 4317 424 4369 quam
464 4300 876 4371 Hesychianam
913 4318 1034 4357 esse
1072 4302 1187 4355 dixi
1223 4302 1444 4358 UnterS.
1487 4321 1539 4369 p.
1580 4308 1674 4370 61,
1713 4303 1853 4356 Mus.
1893 4303 2068 4355 Rhen.
2108 4302 2313 4356 XXXV
2351 4322 2402 4371 p.
2444 4310 2549 4359 218

248 4386 314 4437 et
351 4388 482 4450 2293
524 4380 852 4435 adversatus
892 4385 978 4437 est
1012 4382 1233 4451 Rohde,
1281 4381 1355 4436 ib.
1396 4381 1629 4437 XXXIV
1666 4400 1719 4455 p.
1752 4388 1853 4439 583
2002 4389 2067 4438 18
2108 4385 2237 4455 post
2272 4379 2550 4455 ἱστορικός
