3025 4892
357 622 474 700 §7

357 1560 593 1642 §1'

523 243 752 300 XLVIII
1381 239 1825 300 PROLEGOME
1833 246 1949 301 NA.

528 408 742 472 minus
787 407 865 472 de
902 407 1266 492 praefatore
1314 429 1483 474 orac.
1512 406 1645 473 Sib.
1674 431 1736 493 p.
1770 409 1850 473 16
1900 405 2027 494 (ed.
2065 405 2461 494 Alexandro)
2501 371 2837 472 erravisse

530 513 964 579 Mettauerum
1012 538 1071 599 p.
1116 515 1201 580 58
1248 514 1463 599 prima
1508 515 1701 580 huius
1747 515 1979 598 capitis
2024 519 2211 599 parte
2260 516 2545 599 exposui.

702 619 917 686 Schol.
991 621 1250 686 Lucian.
1327 621 1549 688 Amor.
1612 621 1699 686 50
1774 622 1844 686 in
1912 621 2048 686 cod.
2103 621 2165 685 V
2236 623 2543 706 praebere
2616 621 2834 686 vitam

523 728 1069 794 Theramensis
1117 729 1336 794 nescio
1377 728 1542 793 unde
1581 727 1989 813 desumptam
2028 727 2161 792 dixi
2198 729 2279 793 ad
2306 728 2587 792 rhetoris
2617 729 2833 792 vitam

526 835 633 920 (cf.
672 835 932 901 Lucian.
971 836 1068 900 ed.
1093 835 1390 900 Jacobitz
1428 833 1525 899 IV
1562 858 1623 919 p.
1657 835 1810 900 163:
1846 840 2008 918 Θηρ.
2041 830 2398 918 Ἀθηναῖος
2437 830 2659 918 ῥήτωρ
2698 858 2835 918 μα-

523 937 738 1025 θητὴς
784 942 1135 1024 Προδίκου
1178 943 1300 1007 τοῦ
1347 946 1588 1025 Κείου,
1645 935 1720 1018 ὃς
1766 940 2139 1008 ἐπεκαλεῖτο
2187 937 2606 1028 Κόθορνος),
2663 943 2833 1006 alte-

525 1071 670 1112 rum
710 1049 1028 1114 scholium
1077 1049 1445 1133 Agathonis
1495 1048 1627 1114 dixi
1672 1049 1741 1114 in
1788 1035 2122 1136 apparatu.
2144 1047 2193 1133 ¹)

1351 1266 1595 1360 Caput
1648 1266 1982 1339 tertium.

1175 1433 1282 1488 De
1338 1432 1711 1488 fontibus
1764 1431 2169 1500 Hesychii.

627 1631 635 1638 ,
703 1564 1216 1650 Antiquissimus
1281 1565 1453 1650 fonS,
1519 1587 1595 1630 ex
1663 1589 1789 1651 quo
1837 1567 2147 1632 ‚manavit
2178 1565 2523 1650 ·Hesychii
2577 1564 2829 1630 Milesii

530 1671 846 1755 doctrina,
889 1671 1122 1737 Duris
1162 1671 1460 1737 Samius
1507 1676 1627 1752 est,
1674 1674 1855 1738 cuius
1896 1671 2194 1738 Samiaca
2230 1673 2480 1738 laudari
2519 1671 2833 1737 videntur

526 1801 587 1842 v.
631 1775 984 1856 Πανύασις
1029 1775 1139 1865 (cf.
1182 1777 1414 1844 Miiller
1457 1778 1524 1843 II
1561 1802 1621 1863 p.
1660 1779 1843 1866 482),
1890 1803 2081 1865 quem
2130 1780 2344 1845 locum
2391 1779 2668 1845 fortasse
2714 1779 2827 1843 vel

527 1885 698 1970 apud
776 1885 1106 1950 Laertium
1175 1885 1567 1971 Diogenem,
1651 1886 1761 1970 qui
1844 1887 2100 1971 saepius
2170 1884 2435 1950 Duridis
2506 1884 2829 1949 historias

528 1991 937 2075 compilavit,
982 1992 1086 2056 vel
1133 1992 1352 2076 potius
1410 1993 1476 2056 in
1530 1993 1666 2058 eius
1713 1993 1921 2078 fonte,
1971 1994 2139 2059 libro
2188 1993 2406 2078 aliquo
2450 1988 2601 2075 περὶ
2649 1985 2830 2076 ὁμω-

527 2093 764 2180 νύμων
809 2098 1130 2162 invenisse
1178 2099 1500 2183 putandus
1542 2103 1669 2182 est,
1715 2101 1818 2164 vel
1859 2100 2029 2184 apud
2075 2100 2266 2183 alios,
2312 2099 2486 2165 velut
2531 2097 2827 2183 Porphy-

530 2203 727 2288 rium,
760 2225 964 2288 .quem
1010 2205 1088 2269 de
1126 2205 1370 2290 Duride
1419 2228 1612 2291 saepe
1658 2206 1937 2291 pendere
1984 2207 2224 2271 dudum
2261 2206 2597 2290 cognitum
2636 2203 2828 2288 θεά-..2)

527 2311 764 2376 Parum
802 2311 973 2376 enim
1010 2333 1112 2376 res
1151 2316 1409 2377 constat
1441 2312 1520 2377 de
1556 2313 1923 2398 Eugeone
1960 2311 2241 2397 SamiO,
2290 2313 2602 2398 scriptore
2640 2315 2829 2375 vetu-

528 2418 845 2498 stissimO,
919 2419 1031 2503 qui
1095 2422 1245 2484 ante
1310 2419 1553 2484 bellum
1609 2418 2268 2505 Peloponnessiacum
2323 2419 2513 2502 vixit3
2570 2419 2829 2484 eunden

524 2525 700 2590 enim
766 2547 822 2588 v.
885 2529 1198 2612 Αἶπωσος
1261 2523 1655 2608 intellegunt
1706 2523 2030 2608 Meineke,
2097 2524 2287 2590 Anal.
2344 2525 2453 2590 Al.
2505 2549 2567 2610 p.
2614 2526 2695 2590 61
2756 2529 2831 2590 ct

493 2629 762 2695 Mtiller
807 2629 871 2693 II
917 2652 979 2714 p.
1020 2633 1122 2714 16,
1169 2653 1313 2696 cum
1350 2625 1713 2715 Εὐγείτων,
1759 2630 1931 2715 quod
1971 2631 2123 2696 libri
2160 2635 2517 2717 praestant,
2561 2637 2829 2698 tueatur

524 2735 846 2802 VVelcker.
925 2736 1085 2803 Post
1124 2737 1503 2824 Eugeonem
1550 2738 1834 2802 occurrit
1876 2738 2388 2824 Aristagoras
2435 2738 2827 2822 Milesius,

525 2842 902 2909 Aristotelis
930 2844 1064 2910 fere
1095 2867 1354 2930 suppar,
1381 2844 1685 2911 laudatus
1709 2868 1766 2911 v.
1787 2847 2033 2928 Χίλων,
2064 2866 2255 2929 quem
2282 2846 2497 2911 locum
2528 2868 2604 2910 ex
2630 2844 2824 2930 Diog.

526 2950 582 3030 I,
634 2952 716 3015 72
772 2950 1224 3036 depromptum
1279 2949 1544 3014 silentio
1600 2951 1825 3015 omisit
1876 2950 2113 3015 Miiller
2166 2950 2232 3015 II
2284 2975 2349 3036 p.
2394 2953 2499 3017 98.
2596 2952 2823 3017 Proxi-

525 3080 669 3122 mus
716 3062 818 3122 est
861 3056 1326 3145 Hermippus
1374 3054 1977 3140 CallimacheuS,
2029 3058 2209 3122 cuius
2255 3059 2449 3140 βίους
2493 3059 2819 3142 insignem

525 3163 841 3248 Diogenis
880 3164 1126 3229 Laertii
1170 3162 1421 3227 fontem
1452 3163 1685 3247 'fuisse,
1736 3163 2032 3247 inprimis
2080 3184 2299 3228 corum
2344 3164 2635 3246 singulas
2673 3187 2821 3246 par-

523 3275 625 3336 tes
679 3268 830 3353 περὶ
888 3271 1284 3354 νομοθετῶν
1342 3273 1408 3334 et
1460 3266 1611 3352 περὶ
1665 3269 1801 3334 τῶν
1849 3263 2009 3344 ἑπτά
2058 3270 2319 3352 σοφῶν,
2372 3270 2546 3333 inter
2592 3291 2817 3335 omnes

525 3379 686 3443 satis
735 3382 1009 3443 constat.
1100 3376 1373 3461 Scripsit
1420 3376 1616 3440 etiam
1663 3374 1812 3459 περὶ
1848 3375 1986 3440 τῶν
2028 3370 2448 3460 Ἰσοκράτους
2491 3379 2821 3461 μαθητῶν

481 3549 488 3556 ,
526 3483 632 3571 (cf.
681 3485 916 3550 Athen.
954 3485 1014 3550 X
1050 3509 1112 3569 p.
1141 3482 1319 3568 451).
1393 3481 1725 3548 Laudatur
1770 3482 1853 3546 ab
1891 3480 2218 3566 Hesychio
2258 3507 2315 3548 v.
2345 3483 2820 3570 Δημοσθένης,

525 3593 859 3674 Σίβυλλα,
912 3592 1252 3672 Φιλίσκος,
1299 3611 1460 3674 quos
1507 3589 1683 3654 locos
1732 3587 1969 3652 Muller
2014 3587 2115 3652 III
2151 3612 2213 3674 p.
2253 3589 2340 3655 35
2374 3614 2503 3678 seq.
2552 3615 2817 3684 prorsus

671 3821 721 3888 1)
764 3818 961 3874 Suidas
998 3834 1218 3886 quoque
1253 3815 1375 3886 ipse
1413 3815 1630 3871 scholia
1664 3816 1725 3871 in
1761 3815 2070 3872 Lucianum
2120 3819 2441 3876 adhibuisse
2479 3819 2724 3888 videtur,
2772 3822 2819 3876 si

525 3914 914 3969 comparamus
952 3898 1070 3952 eius
1107 3899 1165 3951 in
1201 3895 1436 3951 Luciani
1472 3895 1595 3952 vita.
1629 3897 2174 3954 animadversionem
2212 3917 2334 3955 cum
2374 3901 2546 3956 schol.
2588 3900 2818 3957 Lucian.

522 3981 582 4034 in
612 3997 685 4034 m.
714 3977 1002 4047 Peregrini
1031 3994 1075 4032 c.
1110 3983 1174 4030 13
1205 3975 1480 4045 (Jacobitz
1507 3975 1587 4030 IV
1614 3996 1672 4048 p.
1700 3982 1854 4050 247)=
1894 3977 1987 4035 οἷα
2024 3983 2236 4050 ληρεῖς,
2277 3973 2319 4034 ὦ
2356 3977 2639 4047 κατάρατε
2670 3977 2816 4034 κατὰ

522 4060 626 4115 τοῦ
665 4059 910 4128 σωτῆρος
937 4057 1207 4126 Χριστοῦς
1249 4051 1312 4120 ὅς
1348 4074 1408 4110 σε
1447 4056 1547 4111 καὶ
1582 4054 1786 4115 τούτου
1828 4058 2023 4115 ’ἕνεκεν
2050 4055 2329 4133 άθανάτῳ
2367 4055 2693 4127 παραδώσει
2720 4079 2817 4114 κο-

525 4135 683 4194 λάσει
721 4133 796 4202 ῶς
831 4133 1169 4210 παραβάτην
1197 4137 1296 4192 καὶ
1323 4133 1392 4192 τὰ
1422 4132 1669 4208 ἡμέτερα
1698 4137 2058 4209 διασύροντα.
2115 4133 2158 4193 ὦ
2195 4139 2296 4208 τῆς
2332 4133 2657 4209 ἀπεράντου
2688 4157 2817 4210 συγ-

524 4215 735 4287 χύσεως
772 4219 869 4274 καὶ
899 4220 1194 4290 βδελυρίας
1219 4216 1406 4289 πάσης
1432 4219 1713 4292 γεμούσης
1740 4217 2136 4289 εὐτραπελίας,
2174 4217 2339 4289 μιαρὲ
2371 4219 2468 4273 καὶ
2497 4214 2814 4288 ἀκάθαρτε,

525 4291 777 4366 άλλότριε
817 4300 919 4368 τῆς
957 4299 1100 4368 ζωῆς
1133 4299 1232 4354 καὶ
1268 4297 1466 4370 μέτοχε
1507 4302 1608 4375 τῆς
1644 4299 1883 4355 αἰωνίου
1920 4295 2213 4362 κολάσεως.

668 4380 722 4444 2)
762 4379 1134 4434 Phavorinum
1174 4379 1451 4447 Hesychio
1490 4379 1711 4435 dedisse
1748 4379 2061 4435 hariolatur
2095 4377 2307 4445 Maass,
2350 4379 2531 4449 Biogr.
2570 4397 2624 4448 p.
2660 4386 2777 4435 120.

3006 0 3017 346 ι
