3025 4892
1149 205 1578 266 HESYCHIUS.
2425 207 2507 274 51
2582 185 2607 206 ⁸

395 372 679 442 CXCIV.
756 373 1114 459 Δίδυμος
1160 373 1340 452 νέος
1379 367 1871 458 Ἀλεξανδρεύς,
1918 368 2390 458 γραμματικός,
2441 368 2517 450 dg

195 483 690 569 ἐσοφίσευστεν
751 481 824 548 ἐν
866 476 1105 569 Ῥώμῃ.
1196 485 1440 567 ἔγραψε
1487 479 1773 567 πιθανά,
1828 481 1979 566 περὶ
2026 477 2513 566 ὀρθογραφίας,
2572 490 2581 496 “

193 588 324 654 καὶ
371 586 540 656 ἄλλα
587 594 858 655 πλεῖστα
903 588 1014 654 καὶ
1051 585 1305 672 ἄριστα.
1387 623 1396 632 ·

397 693 644 762 CXCV.
720 697 1081 779 Δίδυμος
1126 690 1162 760 ὁ
1200 692 1543 772 Κλαύδιος
1580 698 2001 780 χρηματίσας,
2046 694 2513 781 γραμματικός.

197 800 364 887 περὶ
410 804 546 868 των
593 795 1076 886 ἡμαρτημένων
1120 797 1298 886 παρὰ
1340 797 1463 886 τὴν
1499 796 1871 884 ἀναλογίαν
1908 803 2314 888 Θουκυδίδῃ,
2359 799 2508 885 περὶ
2538 823 2565 862 ⁵

198 911 332 994 τῆς
385 904 566 994 παρὰ
613 904 964 993 Ῥωμαίοις
1016 903 1408 992 ἀναλογίας,
1475 903 1797 994 ἐπιτομὴν
1852 909 1988 975 τῶν
2034 904 2513 995 Ἡρακλέωνος,

201 1014 325 1082 καὶ
373 1012 545 1082 ἄλλα
591 1013 762 1084 τινά.

395 1122 677 1190 CXCVI.
752 1125 1110 1209 Δίδυμος
1157 1118 1192 1189 ὁ
1241 1125 1364 1190 τοῦ
1400 1118 1877 1208 Ἡρακλείδου,
1922 1117 2391 1208 γραμματικός,
2440 1113 2518 1197 ὃς

205 1229 513 1314 διέτριψε
551 1225 728 1315 παρὰ
767 1229 1044 1314 Νέρωνι
1079 1227 1190 1296 καὶ
1229 1229 1731 1314 ἐχρηματίσατο,
1780 1227 2101 1316 μουσικός
2131 1253 2201 1295 τε
2238 1218 2325 1313 ἦν
2362 1230 2517 1292 λίαν

204 1336 326 1403 καὶ
372 1332 540 1424 πρὸς
585 1335 746 1420 μέλη
796 1333 1180 1421 ἐπιτήδειος.
2549 1359 2601 1398 ιο

396 1441 713 1510 CXCVII.
762 1444 1120 1529 Δίδυμος
1143 1438 1628 1528 Ἀλεξανδρεύς.
1672 1439 2002 1529 γεωργικὰ
2025 1444 2098 1511 ἐν
2118 1444 2405 1528 βιβλίοις
2424 1438 2519 1508 ιε’.

396 1549 746 1617 CXCVIII.
829 1556 895 1615 A
914 1575 937 1616 ι
957 1575 996 1616 κ
1017 1575 1058 1616 α
1081 1553 1112 1614 ί
1127 1575 1168 1614 α
1188 1574 1227 1636 ρ
1247 1576 1286 1636 χ
1309 1573 1346 1615 o
1367 1575 1402 1628 ς
1448 1546 2003 1636 Λακεδαιμόνιος,
2049 1546 2519 1636 γραμματικός,

207 1652 550 1744 ἀκροατὴς
590 1652 1042 1743 Ἀριστάρχου.

397 1764 677 1832 CXCIX.
762 1766 1254 1847 Δικαίαρχος
1314 1763 1627 1849 Φειδίου,
1681 1761 2087 1849 Σικελιώτης
2142 1765 2213 1831 ἐκ
2264 1760 2521 1842 πόλεως

209 1869 605 1957 Μεσσήνης,
647 1866 1142 1956 Ἀριστοτέλους
1187 1865 1541 1955 ἀκουστής,
1587 1869 1963 1957 φιλόσοφος
1995 1871 2107 1938 καὶ
2146 1869 2367 1958 ῥήτωρ
2405 1867 2519 1936 καὶ
2550 1893 2601 1933 16

209 1977 608 2063 γεωμέτρης.
671 1973 1182 2062 καταμετρήσεις
1215 1979 1352 2043 τῶν
1391 1977 1466 2044 ἐν
1503 1977 2013 2069 Πελοποννήσῳ
2053 1973 2257 2066 ὅρων,
2294 1973 2520 2044 Ἑλλά-

364 2117 580 2173 CXCIV
617 2120 770 2174 Eud.
809 2138 864 2188 p.
903 2123 1035 2187 230,
1073 2133 1216 2186 quae
1253 2115 1456 2186 incipit
1489 2113 1523 2172 ὁ
1562 2115 1853 2188 δεύτερος,
1886 2115 2047 2186 mee.
2084 2117 2185 2173 καὶ
2221 2113 2420 2186 αὐτός,
2457 2109 2522 2178 ὃς

214 2198 319 2253 καὶ
365 2195 526 2268 ἐσοφ.
577 2195 639 2254 ἐν
676 2194 874 2269 Ῥώμῃ.
951 2196 1162 2268 ἔγραψε
1213 2214 1327 2266 seq.
1375 2200 1436 2252 et
1480 2217 1522 2252 s.
1562 2199 1653 2254 fin.
1700 2197 1800 2253 καὶ
1835 2196 1991 2254 ἄλλα.
2145 2205 2179 2254 2
2227 2198 2308 2253 Cf.
2347 2199 2520 2252 Bern-

213 2280 424 2349 hardy:
490 2280 747 2348 „Incerta
791 2280 990 2333 horum
1035 2276 1330 2332 titulorum
1375 2277 1531 2335 fides,
1614 2279 1667 2332 Ν
1670 2296 1761 2333 am
1808 2280 2049 2350 primum
2098 2278 2233 2347 quin
2280 2274 2518 2331 Πιθανοξ

218 2359 295 2413 ad
322 2361 628 2430 Didymum
658 2362 864 2414 Areum
893 2358 1136 2412 debeant
1172 2357 1352 2412 redire
1379 2375 1493 2412 non
1520 2359 1875 2429 ambigimus,
1934 2358 2146 2412 Deinde
2184 2355 2313 2424 περὶ
2350 2351 2520 2425 ὀρθο-

215 2442 468 2509 γραφίας
513 2439 621 2495 etsi
668 2439 844 2494 nolim
891 2438 1202 2507 aspernari,
1250 2437 1380 2505 περὶ
1427 2442 1786 2509 γεωγραφίας
1830 2442 2020 2494 tamen
2072 2437 2297 2507 scripsit
2340 2436 2513 2490 Paris.

217 2521 372 2590 apud
405 2521 706 2590 Brequign.
746 2538 798 2589 p.
843 2525 923 2574 16.
998 2518 1252 2589 Denique
1303 2518 1403 2573 καὶ
1439 2515 1580 2574 ἄλλα
1618 2524 1851 2574 πλεῖστα
1887 2519 1987 2574 καὶ
2022 2514 2222 2588 ἄριστα
2260 2515 2384 2587 quis
2422 2516 2520 2572 du-

215 2603 366 2656 bitet
414 2601 771 2655 Aristarcheo
827 2598 1214 2654 laudatissimo
1275 2598 1595 2654 vindicare?
1668 2600 1903 2655 Accedit
1954 2601 2103 2670 quod
2150 2599 2290 2654 Eud.
2341 2597 2523 2652 nescit

217 2685 451 2736 πλεῖστα
488 2680 589 2735 καὶ
623 2676 840 2749 ἄριστα.
917 2680 1125 2735 Contra
1170 2679 1519 2750 suspicamur
1563 2684 1743 2736 totum
1792 2684 2209 2751 argumentum,
2256 2678 2403 2747 quod
2441 2678 2517 2746 gl.

220 2763 352 2815 Δίδ.
391 2757 420 2814 ὁ
465 2757 746 2823 Κλαύδιος
783 2759 1117 2826 continetur,
1155 2759 1226 2814 ad
1255 2759 1559 2829 Didymum
1595 2760 1871 2816 iuniorem
1899 2761 2179 2830 pertinere
2209 2759 2365 2812 cuius
2405 2776 2519 2813 me-

225 2842 408 2896 moria
441 2843 529 2896 bis
567 2842 680 2896 fere
719 2840 948 2909 finibus,
995 2836 1103 2894 nisi
1141 2841 1334 2907 fallor,
1381 2840 1579 2894 debuit
1614 2841 2017 2896 circumscribi:
2072 2843 2197 2895 Δίδ.
2238 2835 2267 2892 ὁ
2306 2837 2520 2894 Κλαύδ.

220 2942 383 2993 χρημ.
426 2918 548 2992 Ἀλ.,
607 2916 670 2984 ὃς
716 2917 875 2990 ἐσοφ.
927 2915 990 2974 ἐν
1029 2916 1223 2990 Ῥώμῃ.
1303 2918 1514 2988 ἔγραψε
1576 2919 1708 2990 περὶ
1758 2916 2178 2990 ὀρθογραφίας,
2229 2917 2360 2987 περὶ
2410 2920 2521 2972 τῶν

218 2999 419 3071 ἡμαρτ.
458 3005 607 3071 seq.“
680 3002 908 3056 Rectius
953 2999 1342 3055 iudicaverunt
1387 2999 1668 3068 Schmidt,
1716 3000 1842 3055 Did.
1891 3019 1945 3070 p.
1991 3007 2023 3054 3
2066 3004 2125 3055 et
2161 3006 2293 3067 345,
2342 2999 2522 3058 Daub,

228 3082 388 3136 Stud.
426 3100 481 3151 p.
521 3087 588 3136 88
610 3099 721 3150 seq.

373 3159 559 3215 CXCV
597 3162 750 3218 Eud.
778 3180 832 3230 p.
863 3167 984 3216 230.
1015 3159 1094 3214 Cf.
1134 3178 1186 3214 v.
1218 3154 1539 3228 Ηρακλέων
1664 3167 1697 3216 4
1733 3162 2078 3232 χρηματίσας
2114 3178 2223 3217 om.
2261 3166 2306 3214 V
2362 3155 2393 3215 ὃ
2424 3162 2524 3215 καὶ

231 3247 328 3298 Κλ.
351 3238 768 3313 ὀνομαζόμενος
785 3243 937 3298 Eud.
968 3237 998 3295 ὁ
1031 3258 1139 3295 om.
1151 3244 1196 3292 V
1307 3247 1339 3295 6
1379 3236 1651 3311 ἐπιτομὴν
1680 3242 1791 3296 τῶν
1812 3237 1925 3311 Η.ρ
1957 3237 2252 3312 ὀνομάτων
2278 3242 2526 3297 tentavit

227 3323 446 3389 Rohde,
484 3324 554 3378 de
591 3322 731 3380 Poll.
769 3322 907 3376 font.
947 3340 999 3391 p.
1044 3327 1108 3374 13
1147 3321 1261 3376 not.
1301 3327 1334 3374 3

369 3402 585 3458 CXCVI
623 3403 774 3458 Eud.
803 3420 860 3470 p.
889 3407 1024 3470 230,
1059 3418 1202 3469 quae
1239 3402 1385 3456 hanc
1421 3401 1598 3455 vitam
1636 3402 1865 3459 exhibet
1900 3398 1931 3457 ὁ
1961 3405 2166 3472 τρίτος,
2204 3397 2236 3457 ὁ
2275 3403 2376 3456 τοῦ
2406 3399 2523 3471 ’,Ηρ

230 3481 326 3540 ἐπὶ
352 3484 648 3551 Νέρωνος,
685 3475 753 3536 οὖ
793 3476 970 3550 μόνον
997 3500 1222 3550 γραμμ,
1257 3477 1400 3535 αλλὰ
1431 3480 1531 3536 καὶ
1559 3480 1639 3543 εἰς
1673 3477 1737 3536 τὸ
1776 3478 1955 3551 ἄκρον
1983 3478 2251 3552 μουσικὸς
2278 3483 2377 3536 καὶ
2404 3499 2520 3550 seq.

373 3562 615 3618 CXCVII
653 3560 965 3628 Fabricius,
1003 3563 1146 3617 Bibl.
1186 3564 1278 3619 Gr.
1316 3562 1446 3616 XIII
1484 3580 1539 3631 p.
1582 3567 1678 3616 141

373 3641 644 3696 CXCVIII
685 3639 765 3696 Cf.
804 3639 1008 3695 Mfiller
1043 3641 1096 3694 II
1132 3661 1186 3711 p.
1227 3649 1358 3712 225,
1396 3643 1585 3710 Dauh,
1626 3641 1783 3697 Stud.
1821 3661 1874 3712 p.
1907 3649 1973 3698 96
2135 3649 2199 3697 13
2236 3639 2521 3711 Ἀριστοτέ-

227 3726 359 3784 λους
394 3721 612 3776 mavult
643 3721 894 3788 Nicolai‚
934 3721 1040 3778 Lit.
1072 3720 1164 3775 Gr.
1195 3722 1247 3775 II
1273 3740 1328 3791 p.
1359 3729 1479 3777 267.
1538 3723 1693 3775 Idem
1733 3723 1882 3777 enim
1920 3739 2040 3776 esse
2077 3723 2316 3791 videtur,
2354 3737 2521 3790 quem

230 3801 633 3868 Aristophanes
674 3801 1033 3868 reprehendit
1067 3802 1218 3870 apud
1256 3804 1459 3858 Athen.
1499 3804 1580 3856 III
1615 3821 1668 3872 p.
1710 3809 1777 3858 85

371 3878 588 3934 CXCIX
623 3879 774 3932 Eud.
815 3896 870 3946 p.
909 3885 1040 3947 234,
1079 3879 1148 3935 cf.
1187 3881 1392 3937 Muller
1427 3884 1462 3938 l.
1504 3900 1551 3938 ο.
1665 3889 1731 3937 14
1767 3879 2140 3952 Σικελειιότης
2175 3886 2221 3934 Δ
2256 3877 2522 3936 Σικελιώ-

233 3981 328 4029 της
367 3991 432 4000 --
473 3955 753 4028 ἄκουστὴς
799 3965 858 4012 et
902 3957 1001 4013 καὶ
1045 3956 1216 4029 νόμος
1255 3993 1320 4000 -
1360 3964 1491 4018 exit.
1532 3981 1638 4019 om.
1678 3964 1829 4017 Eud.
1866 3977 1870 3980 ·
1902 3963 2023 4017 Hac
2068 3963 2249 4018 forma.
2291 3961 2413 4016 vita
2448 3963 2523 4015 ab

229 4039 507 4107 Hesychio
534 4038 791 4110 profecta
825 4057 944 4094 esse
980 4039 1192 4108 nequit,
1237 4060 1358 4097 cum
1400 4043 1610 4112 scripta
1646 4041 1975 4096 Dicaearchi
2012 4043 2096 4096 bis
2131 4045 2522 4108 memorentur,

233 4121 379 4189 quod
431 4119 770 4188 Hesychium
817 4137 930 4174 non
977 4120 1152 4175 decet.
1227 4121 1308 4177 Cf.
1351 4118 1684 4191 Ἀνακρέων,
1732 4123 1791 4175 et
1828 4139 1969 4190 quae
2014 4121 2097 4175 ibi
2134 4123 2264 4178 dixi.
2328 4123 2524 4176 Potius

233 4201 514 4255 Eudociae
551 4199 688 4254 fides
725 4198 1009 4268 habenda,
1047 4219 1190 4269 quae
1227 4203 1308 4256 sic
1342 4204 1555 4274 pergit:
1597 4201 1808 4271 ἔγραψε
1840 4199 2279 4273 καταμετρήσεις
2310 4202 2420 4256 τῶν
2460 4197 2524 4256 ἐν

238 4284 443 4336 Πελοπ.
475 4277 652 4349 ὀρῶν,
684 4275 950 4341 Ἑλλάδος
979 4283 1104 4353 βίον
1135 4279 1196 4335 ἐν
1224 4283 1369 4351 τρισὶ
1405 4285 1638 4354 βιβλίοις
1674 4282 1772 4335 καὶ
1807 4283 2183 4349 Σπαρτιατῶν
2219 4284 2525 4337 πολιτείαν.

235 4367 298 4416 15
327 4355 636 4428 Μεσσήνης
655 4364 701 4413 Δ
728 4355 998 4430 Μεσήνης
1014 4361 1158 4429 vuly.
1237 4368 1302 4416 16
1331 4362 1400 4418 de
1427 4357 1868 4433 καταμετρήσεις
1886 4362 1955 4418 cf.
1977 4363 2119 4419 Plin.
2140 4364 2271 4419 hist.
2289 4380 2344 4420 n.
2365 4362 2437 4431 11,
2456 4368 2525 4418 65

2022 4452 2100 4507 4*
