3025 4892
1147 177 1576 239 HESchUS.
2423 180 2505 247 51
2580 159 2605 178 “

393 345 676 414 CXCIV.
753 346 1112 432 Δίδυμος
1158 347 1338 424 νέος
1377 341 1869 430 Ἀλεξανδρεύς,
1916 341 2387 431 γραμματικός,
2439 341 2515 423 ὁς

212 453 688 540 ἐσοφίσευστεν
747 453 820 520 ἐν
863 449 1102 542 Ῥώμῃ.
1194 458 1438 540 ἔγραψε
1485 451 1771 540 πιθανά,
1826 453 1976 537 περὶ
2024 449 2511 539 ὄρθογραφίας,
2570 463 2579 470 ’

205 560 324 626 καὶ
370 558 540 628 ἄλλα
585 566 855 627 πλεῖστα
901 560 1012 628 καὶ
1049 557 1303 646 ἄριστα.
1385 596 1394 604 ·

395 665 643 734 CXCV.
720 669 1078 753 Δίδυμος
1123 662 1160 732 5
1197 664 1541 744 Κλαύδιος
1576 671 1999 752 χρηματίσας,
2045 667 2511 753 γραμματικός.

207 771 364 858 περὶ
409 776 543 840 τῶν
591 768 1073 859 ἡμαρτημένων
1117 771 1297 858 παρὰ
1337 769 1462 858 τὴν
1497 769 1868 856 ἀναλογίαν
1906 776 2311 862 Θουκυδίδῃ,
2358 772 2505 858 περὶ
2536 795 2563 836 5

207 883 332 965 τῆς
383 876 564 966 παρὰ
611 876 961 967 Ῥωμαίοις
1013 876 1406 965 ἀναλογίας,
1472 877 1795 967 ἐπιτομὴν
1849 883 1986 948 τῶν
2032 877 2511 967 Ἡρακλέωνος,

209 987 326 1054 καὶ
373 984 543 1054 ἅλλα
588 985 760 1055 τινά.

394 1094 674 1162 CXCVI.
749 1097 1108 1182 Δίδυμος
1154 1091 1190 1161 5
1239 1097 1362 1162 τοῦ
1398 1090 1875 1180 Ἡρακλείδου,
1921 1091 2389 1180 γραμματικός,
2437 1086 2515 1170 ὃς

211 1201 511 1286 διέτριψε
549 1197 725 1287 παρὰ
764 1201 1040 1284 Νέρωνι
1076 1201 1188 1268 καὶ
1226 1202 1727 1287 ἐχρηματίσατο,
1778 1199 2098 1288 μουσικός
2128 1225 2199 1266 τε
2236 1191 2322 1286 ἦν
2360 1203 2515 1266 λίαν

211 1307 326 1374 καὶ
371 1304 538 1395 πρὸς
583 1307 743 1392 με’λη
793 1306 1178 1393 ἐπιτήδειος.
1838 1395 1850 1406 .
2546 1331 2598 1371 ιο

396 1413 711 1482 CXCVII.
759 1417 1117 1500 Δίδυμος
1140 1411 1626 1500 Ἀλεξανδρεύς.
1670 1411 2001 1500 γεωργικὰ
2022 1416 2096 1483 ἐν
2114 1416 2403 1500 βιβλίοις
2421 1410 2516 1480 ιε’.

396 1521 744 1588 CXCVIII.
825 1528 892 1587 A
911 1548 936 1588 ι
955 1545 994 1588 κ
1013 1547 1056 1587 α
1078 1525 1108 1587 ί
1123 1547 1166 1587 α
1185 1546 1224 1608 ρ
1245 1548 1282 1609 χ
1304 1547 1343 1588 ο
1365 1548 1398 1600 ς
1445 1518 2001 1609 Λακεδαιμόνιος,
2047 1519 2517 1610 γραμματικός,

211 1625 550 1716 ἀκροατὴς
588 1624 1040 1715 Ἀριστάρχου.

396 1735 675 1802 CXCIX.
760 1740 1252 1822 Δικαίαρχος
1311 1737 1624 1822 Φειδίου,
1678 1733 2085 1822 Σικελιώτης
2140 1737 2210 1803 ἐκ
2261 1733 2518 1815 πόλεως

211 1841 603 1928 Μεσσήνης,
645 1838 1140 1929 Ἀριστοτέλους
1185 1838 1538 1928 ἀκουστής,
1584 1841 1960 1930 φιλόσοφος
1992 1843 2103 1910 καὶ
2142 1841 2364 1931 ῥήτωρ
2402 1840 2516 1909 καὶ
2547 1866 2598 1906 1⁶

210 1949 606 2035 γεωμέτρης.
669 1946 1178 2035 καταμετρήσεις
1213 1951 1349 2016 τῶν
1388 1951 1464 2016 ἐν
1499 1949 2009 2042 Πελοποννήσῳ
2050 1946 2254 2037 ὀρῶν,
2290 1945 2517 2017 Ἑλλά-

362 2089 578 2145 CXCIV
615 2092 768 2148 Eud.
806 2109 861 2160 p.
901 2095 1032 2159 230,
1070 2106 1212 2159 quae
1249 2089 1453 2159 incipit
1487 2086 1519 2146 5
1559 2088 1851 2162 δεύτερος,
1884 2087 2045 2159 Ἅλεξ.
2081 2090 2182 2146 καὶ
2218 2086 2417 2159 αὐτός,
2454 2082 2519 2151 ὃς

214 2170 317 2225 καὶ
361 2167 523 2240 ἐσοφ.
575 2167 636 2226 ἐν
674 2166 872 2242 Ῥώμῃ.
948 2169 1160 2239 ἔγραψε
1209 2187 1324 2240 seq.
1373 2173 1432 2225 et
1477 2190 1519 2225 s.
1558 2172 1650 2228 fin.
1697 2169 1796 2226 καὶ
1832 2169 1989 2227 ἄλλα.
2142 2178 2175 2226 2
2222 2170 2305 2225 Cf.
2344 2172 2518 2225 Bern-

213 2250 422 2321 hardy:
488 2252 745 2319 „Incerta
789 2252 988 2305 horum
1032 2249 1326 2304 titulorum
1373 2250 1529 2308 fides.
1611 2253 1758 2307 Nam
1805 2253 2047 2322 primum
2094 2251 2229 2321 quin
2277 2247 2516 2304 Πιθανά

217 2331 294 2384 ad
323 2332 626 2402 Didymum
656 2334 860 2386 Areum
890 2331 1133 2386 debeant
1169 2331 1348 2386 redire
1376 2349 1489 2386 non
1518 2333 1871 2402 ambigimus.
1928 2332 2142 2386 Deinde
2179 2329 2311 2399 περὶ
2346 2325 2518 2398 ὀρθο-

214 2413 465 2480 γραφίας
511 2412 619 2466 etsi
666 2411 841 2466 nolim
887 2411 1199 2481 aspernari,
1247 2410 1378 2478 περὶ
1423 2415 1783 2483 γεωγραφίας
1827 2416 2017 2468 tamen
2068 2411 2293 2481 scripsit
2336 2410 2509 2465 Paris.

216 2493 368 2562 apud
402 2493 704 2562 Brequign.
743 2510 796 2561 p.
841 2498 920 2546 16.
995 2491 1249 2563 Denique
1300 2491 1400 2546 καὶ
1435 2489 1577 2548 ἄλλα
1615 2498 1847 2548 πλεῖστα
1885 2493 1984 2548 καὶ
2018 2488 2219 2562 ἄριστα
2257 2490 2381 2560 quis
2418 2490 2517 2544 du-

216 2573 363 2627 bitet
411 2573 768 2627 Aristarcheo
823 2572 1211 2628 laudatissimo
1272 2572 1592 2628 vindicare?
1665 2573 1900 2629 Accedit
1952 2574 2100 2642 quod
2146 2573 2288 2628 Eud.
2337 2570 2520 2625 nescit

217 2656 447 2707 πλεῖστα
486 2651 586 2707 καὶ
621 2648 838 2722 ἄριστα.
914 2653 1122 2707 Contra
1167 2652 1516 2722 suspicamur
1560 2657 1741 2709 totum
1788 2657 2205 2724 argumentum,
2252 2652 2401 2720 quod
2438 2653 2514 2719 gl.

219 2735 348 2787 Δίδ.
385 2729 416 2786 ὁ
462 2729 744 2795 Κλαύδιος
780 2732 1114 2799 continetur,
1151 2733 1224 2786 ad
1253 2732 1555 2802 Didymum
1592 2733 1868 2790 iuniorem
1895 2735 2176 2804 pertinere
2206 2733 2361 2786 cuius
2402 2750 2517 2786 mc-

225 2814 402 2868 moria
437 2815 526 2868 bis
565 2813 678 2867 fere
717 2813 946 2881 finibus,
992 2811 1100 2866 nisi
1138 2813 1330 2879 fauor,
1377 2813 1575 2868 debuit
1610 2815 2013 2870 circumscribi:
2068 2816 2195 2868 Δίδ.
2235 2809 2264 2866 ὁ
2303 2811 2517 2869 Κλαύδ.

220 2913 376 2964 χρημ.
421 2890 545 2964 Ἀλ.,
605 2887 668 2956 ὃς
714 2889 873 2961 ἐσοφ.
925 2887 986 2946 ἐν
1026 2889 1220 2963 Ῥώμῃ.
1299 2891 1510 2962 ἔγραψε
1572 2892 1704 2961 περὶ
1754 2889 2176 2962 ὀρθογραφίας,
2226 2892 2357 2961 περὶ
2406 2894 2519 2946 τῶν

219 2969 413 3042 ἡμαρτ.
453 2977 604 3043 seq.“
678 2973 905 3028 Rectius
952 2971 1338 3027 iudicaverunt
1383 2972 1664 3041 Scfflifflz,
1712 2973 1838 3028 Did.
1887 2992 1941 3042 p.
1988 2980 2019 3027 3
2063 2977 2121 3028 et
2158 2979 2289 3042 345,
2339 2972 2519 3032 Daub2

230 3053 381 3108 Stud.
421 3072 477 3123 p.
517 3059 586 3108 88
607 3069 719 3122 seq.

366 3130 557 3186 CXCV
594 3133 746 3189 Eud.
777 3151 829 3202 p.
859 3138 982 3187 230.
1012 3131 1092 3186 Cf.
1131 3151 1183 3186 v.
1215 3127 1536 3200 Ηρακλὲων
1659 3141 1694 3188 4
1730 3134 2075 3203 χρηματίσας
2111 3151 2220 3190 om.
2258 3139 2303 3187 V
2359 3129 2390 3189 5
2421 3135 2520 3189 καὶ

233 3218 324 3269 Κλ.
347 3209 765 3284 ὀνομαζόμενος
783 3214 934 3270 Eud.
964 3209 995 3266 5
1028 3231 1136 3268 om.
1148 3217 1193 3265 V
1303 3220 1335 3267 6
1376 3209 1647 3284 ἐπιτομὴν
1676 3215 1787 3269 τῶν
1808 3211 1921 3284 Ηρ.
1954 3209 2249 3285 ὀνομάτων
2275 3216 2523 3270 tentavit

230 3293 441 3360 Rome,
480 3295 550 3348 de
588 3294 728 3350 Poll.
766 3294 904 3348 font.
943 3311 997 3362 p.
1041 3299 1105 3347 13
1144 3293 1258 3348 not.
1297 3299 1330 3346 3

365 3336 582 3429 CXCVI
620 3374 772 3430 Eud.
801 3392 857 3443 p.
887 3379 1020 3443 230,
1055 3391 1198 3441 quae
1235 3374 1381 3428 hanc
1417 3373 1595 3428 vitam
1632 3375 1861 3431 exhibet
1897 3371 1927 3431 5
1957 3378 2163 3446 τρίτος,
2201 3371 2233 3430 ὁ
2272 3377 2373 3431 τοῦ
2403 3373 2521 3444 ’.Ηρ

234 3451 326 3508 ἐπὶ
350 3454 644 3521 Νέρωνος,
683 3447 751 3508 οὖ
791 3449 968 3522 μόνον
994 3473 1218 3523 γραμμ,
1254 3449 1397 3508 ἄλλα
1427 3453 1527 3508 καὶ
1556 3453 1635 3516 εἰς
1672 3451 1733 3509 τὸ
1773 3450 1951 3525 ἄκρον
1980 3452 2247 3526 μουσικὸς
2275 3457 2373 3510 καὶ
2401 3474 2517 3524 seq.

369 3534 612 3588 CXCVII
651 3533 962 3600 Fabricius,
1000 3535 1143 3589 Bibl.
1182 3536 1274 3591 Gr.
1313 3534 1443 3588 XIII
1480 3553 1534 3604 p.
1578 3540 1675 3589 141

371 3613 640 3668 CXCVIII
682 3612 762 3668 cf.
801 3612 1004 3667 Muller
1039 3614 1093 3666 ΙΙ
1128 3633 1182 3683 p.
1223 3621 1354 3684 225,
1393 3615 1581 3683 Daub,
1622 3615 1779 3670 stud.
1818 3634 1871 3685 p.
1903 3623 1970 3671 96
2132 3623 2196 3670 13
2233 3613 2518 3685 Ἀριστοτέ-

234 3695 359 3753 λους
392 3693 609 3748 mavult
640 3693 892 3760 Nicolai‚
929 3693 1036 3750 Lit.
1068 3692 1160 3748 Gr.
1191 3695 1242 3747 II
1269 3713 1324 3764 p.
1355 3701 1476 3750 267.
1534 3695 1689 3748 Idem
1729 3696 1877 3749 enim
1916 3712 2036 3749 esse
2074 3696 2312 3764 videtur,
2350 3711 2518 3763 quem

237 3770 631 3840 Aristophanes
671 3771 1029 3840 reprehendit
1064 3773 1214 3842 apud
1252 3776 1456 3831 Athen.
1496 3777 1575 3829 III
1613 3795 1664 3846 p.
1707 3782 1773 3830 85

373 3849 585 3904 CXCIX
621 3851 771 3904 Eud.
812 3867 867 3918 p.
906 3857 1036 3919 234,
1075 3852 1144 3907 cf.
1183 3853 1388 3910 Missler
1423 3856 1458 3910 l.
1500 3874 1548 3911 c,
1662 3862 1727 3910 14
1764 3853 2135 3924 Σικελειιότης
2173 3860 2218 3906 Δ
2253 3851 2517 3908 Σικελιώ-

241 3949 335 3997 της
371 3961 432 3970 -
471 3926 750 4000 α’κουστής
795 3937 855 3984 et
899 3930 998 3984 καὶ
1043 3928 1212 4001 νόμος
1251 3965 1316 3972 -
1357 3937 1488 3991 exit.
1528 3954 1635 3993 om.
1675 3936 1825 3990 Eud.
1862 3949 1867 3953 ·
1898 3936 2020 3989 Hac
2064 3936 2244 3990 forma
2287 3935 2409 3989 vita.
2444 3935 2518 3987 ab

239 4009 503 4077 Hesychio
532 4011 788 4081 profecta
821 4029 940 4066 esse
976 4011 1188 4080 nequit,
1232 4032 1354 4068 cum
1397 4017 1607 4085 scripta
1642 4014 1971 4069 Dicaearchi
2008 4015 2091 4068 bis
2127 4017 2517 4079 memorentur,

242 4091 384 4157 quod
431 4091 768 4160 Hesychium
813 4109 926 4146 non
973 4092 1147 4148 decet.
1223 4093 1304 4149 Cf.
1346 4091 1681 4165 Ἀνακρέων,
1728 4095 1787 4150 et
1822 4110 1965 4163 quae
2010 4093 2093 4147 ibi
2130 4095 2260 4150 dixi.
2323 4095 2518 4147 Potius

243 4169 512 4226 Eudociae
549 4171 684 4226 fides
721 4171 1004 4241 habenda,
1042 4190 1186 4241 quae
1223 4174 1304 4228 sic
1338 4178 1553 4276 pergit.
1594 4175 1804 4246 ἔγραψε
1835 4170 2273 4243 καταμετρήσεις
2306 4174 2415 4227 τῶν
2454 4167 2519 4225 ἐν

249 4251 446 4304 Πελοπ.
475 4248 650 4321 ὀρῶν,
680 4247 947 4314 Ἑλλάδος
977 4254 1098 4325 βίον
1131 4251 1192 4307 ἐν
1221 4255 1365 4321 τρισὶ
1401 4259 1635 4328 βιβλίοις
1671 4253 1767 4310 καὶ
1803 4255 2179 4320 Σπαρτιατῶν
2216 4253 2519 4308 πολιτείαν.

247 4333 312 4382 15
339 4327 698 4400 ΜεσσήνηςΔ
724 4327 993 4401 Μεσήνης
1010 4333 1153 4402 ναῖς.
1233 4340 1298 4388 16
1327 4336 1396 4391 de
1423 4331 1863 4407 καταμετρήσεις
1882 4333 1953 4388 cf.
1974 4335 2116 4390 Plin.
2137 4335 2267 4390 hist.
2286 4352 2340 4391 n.
2361 4333 2432 4400 11,
2450 4337 2520 4386 65

2019 4423 2097 4478 4*
