3025 4892
590 221 719 291 190
1513 224 1939 282 HEsYonS.

585 386 749 455 κατὰ
798 394 1193 477 Σεμίραμιν.
1268 394 1513 478 ἔγραψε
1558 392 1637 477 τῇ
1683 394 2021 457 Φοινίκων
2068 390 2387 480 διαλέκτῳ
2434 396 2839 477 φυσιολογίαν

586 497 696 564 καὶ
743 493 912 563 ἄλλα
958 489 1129 565 τινά.

763 620 984 689 DGCI.
1041 620 1543 701 Σαλούστιος
1582 620 1922 709 σοφιστής.
1980 626 2268 712 ἔγραψεν
2297 626 2391 703 εἰς
2423 625 2842 711 Δημοσθένην

588 730 698 796 καὶ
735 727 1106 815 Ἡρόδοτον
1155 725 1514 817 ὑπόμνημα
1562 729 1673 796 καὶ
1720 728 1905 797 ἄλλα.

531 874 558 913 ⁵
762 854 1016 921 DOCII.
1089 855 1656 934 Σαλούστιος
1708 853 2068 941 Μοψεάτης
2114 854 2361 945 ἰατρός,
2410 856 2514 924 ἐπὶ
2566 860 2844 945 Τιβερίου

455 954 462 961 ’
591 965 949 1047 Καίσαρος.
1045 964 1334 1048 ἔγραψεν
1383 960 1663 1047 ἰατρικά.
2038 953 2045 957 ’

765 1086 1049 1154 DCCIII.
1105 1084 1327 1153 Σάνδ
1339 1112 1446 1153 ων
1475 1082 1876 1154 Ἑλλανίκου
1921 1086 2312 1173 φιλόσοφος.
2390 1068 2669 1175 ἔγραψεν
2701 1083 2843 1155 ὑπο-

591 1193 817 1272 θέσεις
863 1197 957 1272 είς
997 1190 1269 1282 Ὀρφέα,
1316 1199 1584 1281 βιβλίον
1632 1191 1721 1263 α’.

763 1318 1070 1409 DCOIV„
1133 1323 1691 1405 Σαννυρίων
1742 1315 2103 1404 Ἀθηναῖος
2166 1319 2473 1406 κωμικός.
2578 1318 2846 1407 δράματα

510 1449 561 1489 10
587 1421 795 1492 αὐτοῖ
837 1427 974 1493 ἐστι
1018 1428 1253 1493 ταῦτα·
1321 1425 1571 1511 Γέλως,
1621 1426 1891 1512 Δανάη,
1934 1424 2066 1514 Ἰώ,
2125 1432 2507 1514 Ψυχασταί,
2555 1422 2643 1505 ὥς
2678 1422 2847 1509 Ἀθή-

591 1558 780 1611 ναιος
828 1533 903 1599 έν
950 1541 1535 1619 Δειποσοφισταῖς.

767 1649 1018 1717 DCCV.
1074 1646 1372 1735 Σαπφὼ
1411 1652 1729 1734 Σίμωνος
1766 1648 1867 1735 (οἱ
1900 1646 1974 1717 δὲ
2014 1643 2426 1749 Εὐνομίνου,
2466 1652 2537 1716 οἰ
2573 1648 2645 1716 δὲ
2674 1645 2848 1732 Ἠερι-

586 1926 773 1994 patet,
819 1926 1006 1979 tamen
1056 1925 1432 1992 Gutschmidio
1483 1922 1751 1977 suadente
1802 1922 2037 1992 inserui,
2090 1924 2353 1992 quoniam
2402 1925 2464 1980 in
2512 1924 2778 1982 nonnullis
2822 1940 2850 1977 a
2964 1902 2966 1921 ⁵

589 2006 771 2074 priore
812 2004 1093 2074 discrepat
1239 2010 1302 2059 17
1342 1999 1609 2065 άϊδώνιος
1644 2008 1689 2055 V
1727 2018 1864 2057 corr.
1899 2004 2129 2059 Creuzer

731 2093 900 2148 DCCI
937 2094 1088 2149 Eud.
1128 2112 1181 2163 p.
1214 2099 1334 2148 640.
1408 2093 1674 2148 Eiusdem
1710 2092 1969 2147 meminit
2005 2093 2179 2150 schol.
2220 2096 2311 2148 Ar.
2350 2096 2499 2150 Plut.
2542 2102 2642 2151 725

732 2180 929 2235 DCCII
967 2181 1250 2236 Articulus
1289 2181 1448 2236 deesb
1474 2186 1535 2235 V.
1575 2182 1726 2237 Eud.
1757 2202 1810 2252 p.
1842 2188 1963 2249 641,
2002 2200 2144 2253 quae
2174 2184 2242 2239 de
2273 2185 2495 2255 soripbis
2523 2186 2659 2240 haec
2684 2182 2849 2237 refert:

596 2260 808 2331 ἔγραψε
849 2262 982 2331 περὶ
1010 2262 1294 2331 πυρετῶν,
1331 2261 1461 2330 περὶ
1489 2264 1844 2331 κατασκευῆς
1871 2264 1971 2317 τοῦ
2004 2260 2314 2335 ἀνθρώπου
2346 2265 2445 2320 καὶ
2473 2262 2613 2320 ἄλλα
2642 2257 2848 2333 ἰατρικά.

591 2342 836 2413 Scripta,
885 2360 1026 2412 quae
1073 2341 1224 2412 apud
1269 2341 1499 2396 suidam
1548 2342 1754 2413 desinfi,
1800 2344 2108 2399 Eudooiam
2156 2346 2383 2401 aliunde
2430 2345 2721 2416 sumpsisse
2759 2359 2853 2395 non

587 2423 852 2492 probaviss
886 2424 1082 2495 Daub,
1131 2423 1200 2477 de
1238 2422 1381 2477 Viol.
1422 2441 1475 2492 p.
1507 2430 1555 2477 6.
1630 2422 1713 2477 De
1752 2424 2027 2480 similibus
2075 2426 2255 2481 titulis
2297 2444 2365 2481 ex
2414 2428 2672 2498 catalogo
2706 2427 2851 2479 Vero-

587 2504 749 2557 nensi
784 2502 1130 2573 depromptis
1161 2502 1228 2557 ef.
1256 2502 1461 2573 Puloh,
1499 2504 1569 2557 de
1609 2504 1754 2560 Viol.
1792 2525 1845 2576 p.
1878 2512 1945 2561 89
1974 2509 2116 2563 nou:
2158 2510 2463 2563 Διονυσίου
2493 2505 2648 2573 τινὸς
2682 2510 2851 2563 καλου-

595 2584 770 2655 μένου
807 2580 992 2637 ἁπλοῦ
1033 2583 1163 2652 περὶ
1201 2585 1555 2652 κατασκευῆς
1592 2580 1906 2654 ἀνθρώπου
2585 2650 2591 2655 ,

730 2672 950 2727 DCCIII
1035 2678 1064 2727 7
1102 2669 1351 2742 Σκάμων
1406 2690 1506 2742 pro
1562 2670 1807 2730 Σάνδων
1854 2676 2155 2746 legendum
2200 2694 2320 2732 esse
2366 2680 2509 2735 coni.
2542 2682 2760 2746 Mamer,
2799 2678 2851 2731 fr.

590 2755 721 2809 hist.
760 2754 786 2807 I
820 2772 874 2823 p.
906 2752 1103 2821 XXIV,
1141 2754 1294 2821 quod
1330 2754 1676 2824 improbavit
1717 2755 2065 2824 Gutschmid‚
2101 2758 2199 2826 qui
2238 2759 2410 2813 etiam
2446 2764 2667 2828 patrem
2692 2759 2854 2813 Hella-

589 2830 777 2888 nioum
815 2834 1052 2889 fortasse
1090 2832 1328 2889 eundem
1367 2852 1513 2903 esse,
1564 2854 1729 2905 quem
1769 2832 2041 2906 Ὀρφικὴν
2077 2840 2385 2907 θεολογίαν
2422 2839 2709 2910 scripsisse
2740 2855 2851 2891 non-

588 2915 732 2969 nulli
767 2914 1145 2983 tradiderunt,
1183 2915 1399 2969 monuit·
1435 2916 1563 2970 coll.
1600 2917 1857 2971 Damaso.
1890 2918 1958 2971 de
1994 2916 2170 2987 princ.
2202 2918 2281 2971 III
2318 2936 2373 2987 p.
2403 2924 2507 2973 253
2540 2921 2646 2986 (ed.
2669 2919 2823 2985 Wolf)

731 3002 946 3057 Doclv
985 3003 1134 3057 Eud.
1171 3022 1226 3073 p.
1260 3010 1378 3060 642.
1453 3006 1687 3060 Tractat
1722 3006 1979 3061 Meineke
2017 3009 2042 3061 Ι
2077 3026 2130 3077 p.
2164 3013 2266 3062 283
2398 3015 2465 3061 10
2498 3003 2619 3063 ’1νὼ
2648 3013 2704 3064 et
2727 3011 2852 3075 Σαρ-

593 3082 919 3146 δανάπαλος
955 3084 1082 3140 add.
1123 3085 1295 3153 Eud„
1343 3102 1412 3138 ex
1449 3084 1650 3152 quibus
1686 3081 1803 3140 ’1νώ
1851 3104 1952 3157 pet
1998 3087 2445 3157 dittographiam
2493 3108 2545 3143 v.
2581 3084 2663 3143 Ἰώ
2699 3093 2854 3143 ortum

589 3163 1044 3235 Σαρδανάπαλος
1098 3181 1167 3218 ex
1223 3165 1554 3234 insequente
1609 3167 1798 3236 glossa.
1862 3166 2033 3236 γέλως
2098 3165 2405 3237 σαρδάνιος
2458 3168 2651 3237 inepte
2704 3167 2855 3235 suspi-

590 3248 751 3300 catus
789 3248 876 3300 est
902 3247 1258 3316 Bernhardy,
1297 3248 1553 3315 quamvis
1590 3248 1849 3302 laudatus
1888 3248 2145 3314 Palemo,
2184 3247 2253 3302 de
2284 3247 2429 3303 Viol.
2459 3267 2513 3318 p.
2547 3255 2633 3304 89.
2680 3249 2852 3302 Merito

591 3326 970 3396 obloquuntur
998 3326 1390 3397 Waohsmuth,
1428 3326 1617 3395 Symb.
1654 3346 1709 3397 p.
1744 3334 1862 3396 152,
1898 3328 2089 3396 Daub,
2126 3326 2266 3383 Mus.
2296 3329 2473 3383 Rhen.
2504 3329 2711 3382 XXXV
2736 3347 2787 3397 p.
2804 3331 2858 3379 64

589 3407 648 3461 et
683 3407 754 3461 de
789 3405 935 3461 Viol.
975 3425 1028 3476 p.
1061 3412 1093 3461 6
1255 3402 1332 3469 ὡς
1369 3440 1436 3447 —-
1474 3407 1605 3461 exit.
1647 3425 1753 3463 om.
1784 3410 1935 3464 Eud.
2018 3408 2099 3464 cf.
2138 3410 2340 3464 Athen.
2382 3410 2491 3463 VII
2525 3428 2581 3479 p.
2615 3415 2738 3477 2863
2774 3405 2857 3462 XlI

590 3506 650 3558 p.
678 3494 779 3542 551
932 3494 994 3541 11
1037 3483 1099 3541 ἐν
1139 3504 1247 3541 om.
1277 3492 1322 3539 V

731 3577 925 3632 Dccv
973 3578 1124 3632 Eud.
1162 3596 1218 3647 p.
1251 3582 1370 3633 642.
1447 3577 1529 3633 cf.
1568 3578 1740 3634 sch01.
1781 3566 1997 3633 Platon.
2038 3576 2115 3631 v1
2154 3596 2206 3651 p.
2238 3583 2341 3631 266
2378 3576 2637 3647 Σαπφώ,
2683 3571 2854 3645 avenn}

589 3656 881 3729 ποιήτρια,
931 3655 1505 3728 Σκαμανδρωνύμου,
1545 3662 1907 3728 Μιτυληναία
1947 3702 1958 3714 .
1991 3704 2003 3715 .
2037 3702 2048 3713 .
2090 3674 2231 3727 quae
2269 3659 2451 3727 ¹verba.
2497 3676 2633 3713 num
2674 3675 2739 3712 ex
2773 3656 2857 3709 He-

591 3740 780 3810 sychio
819 3739 1082 3794 fluxerint
1108 3738 1313 3793 iniuria
1342 3738 1623 3795 dubitavit
1652 3742 1948 3807 Mettauer,
1979 3740 2048 3793 de
2078 3737 2250 3793 schol.
2280 3738 2424 3793 Plat.
2455 3757 2509 3809 p.
2532 3745 2619 3794 59.
2656 3737 2859 3792 Tractat

590 3821 813 3877 Clinton
844 3821 867 3874 1
895 3839 947 3889 p.
980 3826 1083 3875 216
1177 3825 1208 3872 2
1240 3819 1307 3873 de
1336 3820 1506 3874 variis
1536 3821 1712 3889 patris
1740 3820 2060 3876 nominibus
2091 3820 2159 3874 cf.
2184 3819 2452 3887 Schoene,
2484 3820 2673 3889 Symb.
2702 3836 2755 3887 p.
2777 3822 2853 3872 741

589 3904 648 3956 el]
685 3906 815 3967 759,
855 3900 949 3969 qui
989 3896 1256 3969 ἐγαμήθη
1299 3932 1364 3939 -
1396 3896 1650 3955 Εὖνείκα
1690 3905 1825 3957 Σαλ.
1868 3900 1941 3954 ad
1977 3898 2222 3953 mediam
2262 3899 2485 3953 rettulifi
2520 3900 2857 3960 comoediam,

588 3981 703 4036 alia.
757 3981 829 4036 ad
886 3980 1377 4035 Chamaeleontem
1423 3980 1555 4049 περὶ
1599 3981 1881 4050 Σαπφοῦς
1933 3982 2157 4049 (Athen.
2205 3978 2335 4033 VIII
2382 3998 2435 4047 p.
2478 3983 2606 4049 559)
2653 3980 2765 4033 sive
2806 3976 2858 4031 ad

589 4060 828 4117 Calliam
875 4058 974 4115 τὸν
1020 4056 1246 4129 Σαπφώ
1295 4060 1394 4115 καὶ
1434 4057 1681 4115 Ἀλκαῖον
1740 4057 2159 4131 ἐξηγησάμενον
2207 4058 2432 4127 (Strabo
2480 4059 2611 4113 XIII
2647 4078 2702 4130 p.
2741 4060 2857 4124 618).

590 4142 669 4197 Of.
709 4142 897 4209 Daub,
956 4142 1024 4195 de
1079 4140 1232 4197 Suid.
1284 4159 1340 4209 p,
1381 4146 1500 4195 428.
1560 4138 1849 4212 Εὖνομίου
1892 4142 2227 4211 Bernhardy
2282 4134 2553 4209 Εὖμήνου
2602 4145 2699 4193 BV
2748 4141 2859 4193 Par.

589 4223 818 4276 Kusteri
855 4216 1121 4291 Εὐμήλου
1159 4222 1402 4290 Toupius
1440 4216 1764 4291 Εὗνομίνου
1800 4224 1946 4292 vuly.
2056 4216 2366 4291 Ἠερηγύου
2397 4223 2443 4271 Δ
2476 4216 2785 4289 Ἡεριγῦου,
2816 4219 2863 4280 αὑ,

589 4302 832 4371 videtur,
871 4304 1014 4371 vulg.
1056 4296 1345 4371 Εὖριγύου
1374 4302 1528 4356 Eud.
1563 4298 1850 4372 Ἐρυγίου,
1891 4302 2044 4372 quod
2081 4305 2140 4356 ef,
2174 4301 2234 4356 in
2268 4295 2538 4370 Ἐκρῦτου
2576 4301 2755 4356 latere
2789 4298 2860 4366 ait,

591 4383 1035 4437 Hemsterhusius
1067 4377 1330 4451 Ἐριγύου
1367 4383 1577 4439 Scho’ne
