3025 4892
1137 181 1563 237 HESYCHIUS.
2358 185 2483 249 221

224 339 418 428 θήρα,
479 342 588 408 καὶ
643 338 1052 427 ἀποτμηθεὶς
1114 338 1238 428 τὴν
1301 347 1601 428 γλῶτταν
1654 340 2013 410 ἀπέθανεν.
2112 342 2149 410 ὁ
2213 344 2287 411 δὲ
2340 343 2489 425 υίὸς

221 444 413 515 αὐτοῦ
465 447 888 528 Γλαύκιππος
949 445 1030 516 τὰ
1099 444 1262 516 ὀστᾶ
1325 448 1551 535 λαβὼν
1616 454 1710 529 είς
1775 447 1849 517 τὸ
1908 453 2219 541 πατρῷον
2275 456 2487 532 ἔθαψε

217 560 448 643 μνῆμα.
539 555 670 623 εἰσὶ
719 556 792 623 δὲ
841 558 910 623 οί
949 553 1193 634 πάντες
1237 554 1428 639 λόγοι
1475 552 1686 625 αὐτοῦ
1732 554 1861 637 νς’.

382 663 807 731 DOCOXVII.
888 667 1357 750 Φαβωρῖνος
1395 658 1750 749 Ἀρελάτου
1792 666 1911 748 τῆς
1955 664 2031 731 ἐν
2074 667 2326 753 Γαλλίᾳ
2371 662 2487 731 πό-

211 778 382 855 λεως,
426 766 602 857 ἀνὴρ
646 768 1048 858 πολυμαθὴς
1082 767 1245 837 κατὰ
1283 771 1506 836 πᾶσαν
1544 771 1877 855 παιδείαν,
1923 764 2215 856 γεγονὼς
2252 771 2327 837 δὲ
2363 769 2485 857 τὴν
2515 794 2540 832 5

207 879 320 945 τοῦ
353 876 652 964 σώματος
681 878 819 958 ἕξιν
851 875 1357 963 [ἄνδρόγυνος],
1397 875 1478 944 ὅν
1507 895 1720 963 φασιν
1748 875 2264 965 ἑρμαφρόδιτον,
2302 884 2487 963 φιλο-

209 990 444 1070 σοφίας
487 983 745 1071 μεστός,
798 987 1115 1073 ῥητορικῇ
1163 984 1238 1051 δὲ
1275 988 1535 1071 μᾶλλον
1579 984 2001 1069 ἐπιθέμενος,
2045 980 2337 1068 γεγονώς
2383 983 2487 1050 ἐπὶ

131 1150 150 1161 .
215 1095 548 1178 Τραϊανοῦ
607 1095 729 1159 τοῦ
776 1097 1150 1179 Καίσαρος,
1203 1092 1314 1158 καὶ
1369 1094 1769 1179 παρατείνας
1823 1091 2012 1178 μέχρι
2055 1092 2192 1157 τῶν
2232 1085 2486 1177 Ἀδρια-

199 1202 324 1264 νοῦ
376 1196 644 1285 χρόνων
706 1202 828 1265 τοῦ
873 1198 1213 1284 βασιλέως.
1305 1193 1871 1283 ἄντεφιλοτιμεῖτο
1918 1199 2088 1281 γοῦν
2133 1197 2243 1263 καὶ
2290 1198 2487 1282 ζῆλον

195 1301 324 1390 εἶχε
377 1303 547 1393 πρὸς
603 1304 1045 1393 Πλούταρχον
1104 1303 1227 1375 τὸν
1286 1304 1638 1392 Χαιρωνέα
1695 1307 1761 1384 ἐς
1811 1303 1886 1372 τὸ
1945 1308 2081 1372 τῶν
2138 1323 2485 1372 συνταττο·
2515 1324 2566 1363 1⁰

195 1411 416 1495 μένων
463 1416 748 1497 βιβλίων
793 1408 1090 1500 ἄπειρον.
1181 1412 1541 1499 γέγραπται
1586 1413 1760 1497 γοῦν
1806 1408 1984 1500 αὐτῷ
2033 1408 2376 1497 φιλόσοφά
2415 1434 2485 1475 τε

193 1516 300 1583 καὶ
359 1515 694 1605 ἱστορικά,
751 1507 848 1584 ὧν
903 1516 1114 1597 πολὺς
1159 1516 1464 1605 ἀριθμός.
1557 1521 1694 1585 ἔστι
1744 1516 1818 1584 δὲ
1865 1516 2157 1584 καὶτῶν
2203 1521 2487 1602 βιβλίων

194 1620 404 1691 αὐτοῦ
447 1626 685 1690 ταῦτα·
730 1623 880 1710 περὶ
925 1628 1042 1709 τῆς
1075 1620 1370 1709 Ὁμήρου
1415 1628 1838 1710 φιλοσοφίας,
1884 1624 2034 1710 περὶ
2082 1622 2488 1709 Σωκράτους

195 1730 303 1797 καὶ
360 1734 478 1816 τῆς
531 1727 674 1797 κατ’
737 1728 946 1798 αὐτὸν
1006 1732 1322 1818 ἐρωτικῆς
1374 1732 1633 1815 τέχνης,
1688 1734 1839 1818 περὶ
1888 1729 2279 1813 Πλάτωνος,
2334 1729 2483 1816 περὶ

188 1840 304 1921 τῆς
369 1831 629 1921 διαίτης
691 1837 827 1902 τῶν
891 1832 1290 1921 φιλοσόφων
1353 1834 1463 1901 καὶ
1524 1832 1711 1903 ἄλλα.
1814 1827 2010 1916 οὗτος
2064 1842 2308 1925 ἔγραψε
2372 1836 2481 1904 καὶ
2513 1814 2577 1897 15ο

192 1941 677 2028 γνωμολογικά.

364 2049 833 2118 DCCOXVIII.
925 2053 1246 2117 Φαίδων
1296 2046 1552 2127 Ἠλεῖος
1610 2046 2015 2135 φιλόσοφος,
2078 2049 2484 2138 Σωκράτους

191 2154 548 2242 ἀκουστής,
609 2152 683 2234 ὃς
736 2148 893 2243 ἦρξε
949 2160 1064 2243 τῆς
1103 2153 1413 2242 Ἠλιακῆς
1466 2152 1585 2222 ἀπ’
1642 2152 1850 2222 αὐτοῦ
1909 2163 2271 2243 κληθείσης
2314 2158 2483 2245 αἶρέ·

189 2283 376 2348 σεως,
424 2260 569 2348 ἥτις
605 2260 891 2351 ὕστερον
927 2261 1058 2332 ἀπὸ
1097 2262 1509 2350 Μενεδήμου
1544 2266 1667 2330 τοῦ
1699 2260 2079 2350 Ἐρετριέως
2100 2260 2478 2350 Ἐρετριακὴ

183 2367 723 2457 προσηγορεύθη.
843 2372 1086 2437 τοῦτον
1171 2371 1418 2455 συνέβη
1501 2372 1770 2457 πρῶτον
1854 2367 2277 2455 αἰχμάλωτον
2345 2364 2477 2435 ’ὑπὸ
2509 2390 2561 2427 20

179 2474 422 2543 Ἰνδῶν
469 2479 840 2562 ληφθῆναι,
887 2474 1026 2542 εἶτα
1065 2476 1348 2564 πραθεὶς
1385 2480 1823 2567 πορνοβοσκῷ
1862 2502 1998 2543 τινι
2034 2475 2319 2562 προέστη
2356 2471 2473 2541 ὑπ’

185 2579 398 2649 αὐτοῦ
463 2580 631 2669 πρὸς
695 2582 1037 2670 ἑταίρησιν
1092 2586 1165 2649 ἐν
1216 2581 1551 2669 Ἀθήναις.
1656 2582 1953 2670 ἐντυχὼν
2009 2582 2084 2649 δὲ
2139 2582 2479 2669 Σωκράτει

186 2690 608 2779 ἐξηγουμένω
665 2676 944 2777 ἠράσθη
988 2694 1126 2757 τῶν
1181 2688 1416 2775 λόγων·
1470 2687 1681 2757 αὐτοῦ
1741 2690 1852 2757 καὶ
1907 2694 2081 2757 αἰτεῖ
2126 2688 2479 2756 λύσασθαι.
2540 2734 2543 2737 -

183 2793 220 2863 ὁ
267 2795 342 2863 δὲ
379 2800 602 2863 πείθει
635 2793 1063 2882 Ἀλκιβιάδην
1107 2802 1434 2884 πρίασθαι
1481 2794 1727 2879 αὐτόν,
1772 2798 1881 2863 καὶ
1920 2790 2006 2883 ἦν
2045 2796 2121 2864 τὸ
2162 2797 2481 2864 ἐντεῦθεν

184 2900 581 2988 φιλόσοφος.
685 2902 988 2990 διάλογοι
1052 2903 1125 2970 δὲ
1181 2900 1391 2971 αὐτοῦ
1449 2902 1805 2988 Ζώπυρος,
1864 2903 2161 2988 Μήδιος,
2218 2910 2477 2989 Σίμων,
2508 2922 2561 2961 25

183 3007 574 3096 Ἀντίμαχος
620 3005 660 3095 ἢ
711 2999 1124 3097 Πρεσβύτης,
1171 3016 1436 3100 Νικίας,
1484 3014 1799 3094 Σιμμίας,
1842 3006 2277 3095 Ἀλκιβιάδης,
2318 3016 2477 3093 Κρι-

187 3114 446 3194 τόλαος.

335 3354 366 3401 3
403 3343 496 3417 νβ’
539 3346 928 3417 corrigendum
967 3362 1085 3401 esse
1125 3344 1270 3401 vidit
1304 3348 1637 3417 Bernhardy

329 3426 673 3483 DCCOXVII
712 3427 792 3483 cf.
829 3425 1152 3483 Philostrat.
1190 3426 1303 3480 vit.
1342 3428 1392 3494 Ι,
1432 3434 1482 3482 8.
1556 3429 1979 3498 Praeceptorem
2028 3428 2199 3483 fuisse
2241 3427 2479 3482 Herodis

187 3509 363 3564 Attici
397 3510 564 3565 docet
597 3529 648 3564 v.
682 3504 933 3577 ξΗριιίδης
1041 3514 1075 3561 4
1106 3503 1392 3577 Ἀρελάτου
1431 3525 1569 3564 corr.
1600 3526 1666 3561 ex
1700 3509 1962 3563 Philostr.
1995 3503 2282 3578 Ἀρλεάτου
2312 3514 2479 3562 Avu

192 3594 308 3643 Am.
333 3584 624 3658 Ἅρλεώτον
642 3594 736 3641 ΒΕ
761 3583 1078 3658 Ἀρελλάτου
1107 3592 1226 3641 Bas.
1329 3595 1360 3642 6
1389 3588 1673 3657 glossema
1700 3588 1769 3643 de
1800 3587 2003 3643 seclusi
2104 3594 2167 3643 11
2201 3590 2414 3661 βιβλίον
2433 3593 2479 3640 V

189 3670 330 3738 γοῦν
358 3674 461 3723 AV
551 3662 656 3724 οὖν
691 3670 836 3739 vuly.
977 3674 1044 3721 14
1081 3667 1430 3723 desideratur
1457 3662 1811 3737 Παντοδαπὴ
1840 3660 1975 3737 mn,
2014 3668 2082 3722 de
2112 3683 2222 3736 qua
2251 3666 2477 3720 omnino

201 3748 268 3802 cf.
307 3748 508 3804 Mfiller
544 3749 624 3803 III
659 3767 712 3818 p.
745 3754 847 3802 579
878 3764 992 3815 seq.

331 3838 700 3893 DCCCXVIII
745 3837 898 3891 Eud.
946 3855 999 3905 p.
1041 3840 1160 3890 719.
1245 3834 1325 3889 Cf.
1363 3834 1529 3905 Diog.
1568 3837 1645 3905 ΙΙ,
1696 3842 1813 3903 105.
1900 3836 2087 3891 Pauca
2132 3836 2479 3904 deprompsit

199 3920 684 3989 Pseudo-'Hesych
724 3935 769 3971 c.
803 3923 869 3971 70
1035 3922 1098 3970 17
1139 3918 1321 3982 Σωκρ.
1361 3910 1451 3970 άκ.
1491 3933 1599 3972 om.
1637 3922 1683 3969 A
1839 3922 1903 3970 18
1942 3910 2005 3978 ὃς
2039 3906 2171 3985 ἦρξε
2209 3945 2280 3954 -
2318 3911 2475 3982 φιλό-

112 4066 116 4071 ,
199 4018 362 4067 σοφος
398 4006 506 4053 om.
537 3999 689 4053 Eud.
719 4012 960 4067 pergens
991 3996 1266 4065 φέρονται
1299 3990 1476 4050 αὐτοῦ
1506 3992 1761 4065 διάλογοι
1876 4002 1942 4049 21
1981 3995 2194 4066 λῃστῶν
2223 4011 2326 4064 pro
2349 3988 2475 4047 Ἰνδ.

203 4078 397 4131 Portus
431 4096 601 4131 τινων
633 4077 934 4145 Me‘nayius
981 4076 1055 4129 ad
1091 4076 1252 4144 Diog.
1355 4070 1456 4129 ὑπ’
1491 4070 1772 4143 Ἀρκάδων
1809 4074 2092 4130 haesitans
2130 4074 2475 4138 Gutschmid3

203 4156 654 4222 v..Wachsmuth,
691 4154 876 4224 Symb.
913 4174 968 4225 p.
1001 4161 1102 4208 142
1265 4162 1332 4210 22
1382 4155 1460 4209 sic
1499 4172 1637 4210 corr.
1672 4155 1997 4224 MenayiuS,
2046 4149 2317 4222 ἕταίρισιν
2363 4154 2475 4223 (vel

202 4236 485 4305 ἕταιρίσιν,
523 4236 604 4290 sic
640 4238 780 4305 An.)
808 4240 914 4288 Bu
939 4236 1112 4309 ταῖς,
1157 4231 1460 4304 ἑταίροισιν
1497 4240 1561 4298 V,
1601 4230 1869 4303 ἕταίρισιν
1906 4234 2239 4305 Bernhardy

201 4324 264 4372 26
299 4318 559 4385 Σκαμίας
597 4317 748 4369 Eud.
789 4332 932 4385 quae
971 4334 1012 4369 s.
1051 4315 1140 4370 fin.
1181 4316 1307 4369 add.
1348 4314 1446 4369 καὶ
1483 4309 1624 4368 ἄλλα
