3025 4892
566 229 695 295 218
1499 232 1926 289 HESYCHIUS.

739 392 1142 461 DOOOVIII.
1239 397 1589 481 Τρωίλος
1658 392 2009 481 σοφιστής,
2082 392 2448 475 παιδεύσας
2516 398 2589 463 ἐν
2658 402 2843 465 Κων-

563 502 921 577 σταντίνου
965 499 1173 568 πόλει.
1264 502 1506 586 λόγους
1549 499 1963 586 πολιτικούς,
2012 501 2378 569 ἐπιστολῶν
2424 507 2651 589 βιβλία
2700 502 2769 585 ζ’.

738 606 1077 674 DOOGIX.
1159 613 1626 695 Τυραννίων
1666 605 2133 696 Ἐπικρατίδου
2184 608 2296 677 καὶ
2342 611 2625 688 Λινδίας
2682 606 2839 676 'Ake-

563 712 949 800 ξανδρίνης,
996 714 1370 802 Αμισηνός,
1417 713 1798 803 ἐχρημάτιζε
1837 713 1911 782 δὲ
1958 714 2361 803 Κορύμβου,
2411 714 2703 801 γεγονὼς
2747 716 2841 783 ἐπὶ

508 841 534 880 5
563 825 923 905 Πομπηίου
985 824 1106 889 τοῦ
1171 822 1465 909 μεγάλου
1526 821 1638 888 καὶ
1706 820 2071 909 πρότερον,
2133 819 2438 909 μαθητὴς
2500 820 2722 889 ἄλλων
2778 848 2841 889 τε

560 928 671 994 καὶ
713 924 1056 996 Ἑστιαίου
1117 932 1239 997 τοῦ
1299 926 1694 1015 Ἆμισηνοῦ,
1750 924 1875 1015 ὑφ’
1928 918 2011 997 οὗ
2064 928 2177 995 καὶ
2231 932 2629 1017 Τυραννίων
2682 926 2841 997 ὠνο-

563 1032 792 1120 μάσθη
841 1032 932 1115 ὥς
975 1036 1391 1123 κατατρέχων
1427 1038 1563 1103 τῶν
1612 1032 2025 1121 ὁμοσχόλων,
2069 1033 2400 1123 πρότερον
2441 1034 2841 1122 καλούμενος

562 1138 1006 1227 Θεόφραστος.
1099 1139 1238 1209 εἶτα
1317 1139 1635 1227 διήκουσε
1697 1140 1808 1208 καὶ
1860 1147 2238 1209 Διονυσίου
2280 1144 2403 1209 τοῦ
2462 1140 2723 1232 Θρᾳκὸς
2772 1142 2839 1209 ἐν

549 1242 781 1338 Ῥόδῳ.
874 1245 1430 1335 ἆντεσοφίστευσε
1487 1247 1563 1315 δὲ
1624 1252 1986 1339 Δημητρίῳ
2041 1250 2132 1340 τῷ
2182 1244 2579 1339 Ἑρυθραίῳ.
2669 1246 2839 1336 ἤχθη

487 1374 540 1414 10
567 1351 642 1420 δὲ
706 1357 799 1432 εἰς
851 1350 1111 1441 Ῥώμην
1177 1354 1461 1441 ληφθεὶς
1524 1353 1939 1441 αἰχμάλωτος
2000 1350 2131 1421 ὑπὸ
2198 1353 2667 1442 Λουκούλλου,
2740 1353 2840 1423 ὅτε

558 1460 1043 1547 κατεπολέμησε
1101 1458 1543 1548 Μιθριδάτην
1594 1458 1717 1528 τὸν
1770 1458 2046 1529 Πόντου
2100 1461 2603 1547 βασιλεύσαντα.
2710 1465 2839 1529 δια-

558 1564 808 1653 πρεπὴς
874 1566 950 1635 δὲ
1011 1567 1373 1655 γενόμενος
1436 1569 1512 1635 ἐν
1556 1565 1773 1657 Ῥώμῃ
1836 1569 1946 1635 καὶ
2000 1566 2322 1646 πλούσιος
2378 1568 2691 1655 ἐκτήσατο
2739 1568 2839 1635 καὶ

556 1675 839 1758 βιβλίων
902 1670 1071 1759 ὑπὲρ
1130 1673 1246 1754 τὰς
1308 1686 1483 1762 τρεῖς
1541 1674 1889 1762 μυριάδας.
1992 1674 2367 1761 ἐτελεύτησε
2422 1675 2497 1743 δὲ
2550 1674 2837 1763 γηραιός,

563 1775 694 1846 ὑπὸ
751 1780 1093 1867 ποδάγρας
1145 1787 1591 1868 παραλυθείς,
1655 1777 2018 1867 ὀλυμπιάδι
2074 1779 2256 1867 ρπη’,
2314 1781 2389 1847 ἐν
2446 1784 2536 1873 τῷ
2590 1780 2662 1867 γ’
2722 1785 2837 1849 ἔτει

485 1908 537 1949 15
561 1888 678 1973 τῆς
725 1885 1154 1974 ὀλυμπιάδος.
2018 1929 2037 1949 ·

733 1995 1040 2063 DOOCX.
1118 1998 1587 2082 Τυραννίων
1634 1989 1671 2061 ὅ
1717 1990 2061 2081 νεώτερος,
2112 1995 2373 2080 Φοῖνιξ,
2418 1992 2667 2082 πατρὸς
2706 1990 2835 2080 Ἀρί

555 2099 954 2189 τεμιδοόρου,
1006 2100 1313 2189 μαθητὴς
1363 2105 1842 2187 Τυραννίωνος
1884 2103 2006 2168 τοῦ
2050 2100 2537 2189 πρεσβυτέρου,
2583 2099 2693 2168 διὸ
2738 2098 2838 2167 καὶ

557 2203 927 2294 ὠνομάσθη
983 2212 1411 2294 Τυραννίων,
1467 2204 1796 2294 πρότερον
1848 2204 2262 2293 καλούμενος
2310 2209 2621 2293 Διοκλῆς.
2710 2210 2836 2291 αἰχ-

553 2311 856 2398 μάλωτος
901 2312 976 2381 δὲ
1021 2314 1382 2401 γενόμενος
1426 2312 1537 2381 καὶ
1585 2309 1790 2391 αὐτὸς
1836 2311 1943 2379 ἐπὶ
1988 2315 2113 2379 τοῦ
2163 2314 2458 2399 πολέμου
2490 2310 2836 2382 Ἀντωνίου

479 2441 532 2481 20
558 2418 669 2486 καὶ
731 2426 1072 2509 Καίσαρος
1133 2418 1263 2489 ὑπό
1329 2445 1517 2499 τινος
1573 2419 1929 2505 Δύμαντος
1990 2416 2259 2505 ὠνήθη,
2323 2424 2446 2488 τοῦ
2508 2424 2837 2505 Καίσαρος

559 2522 754 2605 ὄντος
798 2524 1296 2614 ἀπελευθέρου,
1343 2524 1482 2594 εἶτα
1530 2527 1845 2613 ἐδωρήθη
1902 2530 2214 2616 Τερεντίᾳ
2260 2530 2339 2614 τῇ
2385 2530 2510 2595 τοῦ
2556 2528 2834 2614 Κικέρω-

558 2658 676 2711 νος
737 2640 1023 2718 γυναικί.
1127 2632 1611 2721 ἐλευθερωθεὶς
1678 2632 1754 2700 δὲ
1808 2628 1920 2700 ὑπ’
1982 2629 2186 2719 αὐτῆς
2240 2634 2713 2720 ἐσοφίστευσεν
2768 2634 2833 2699 ἐν

548 2736 763 2828 Ῥώμῃ
811 2741 920 2808 καὶ
967 2745 1212 2826 ἔγραψε
1259 2746 1486 2827 βιβλία
1532 2737 1698 2827 πρὸς
1734 2738 1806 2825 η’
1844 2740 1954 2807 καὶ
2004 2737 2081 2826 ξ’,
2130 2730 2227 2806 ὧν
2267 2740 2378 2807 καὶ
2414 2744 2648 2808 ταῦτα·
2696 2739 2833 2826 περὶ

551 2848 669 2931 τῆς
703 2843 1056 2934 Ὁμηρικῆς
1100 2851 1511 2938 προσῳδίας,
1570 2846 1721 2934 περὶ
1765 2848 1902 2914 τῶν
1949 2848 2172 2933 μερῶν
2216 2849 2338 2913 τοῦ
2386 2846 2595 2932 λόγου
2644 2849 2742 2935 (ἐν
2785 2836 2834 2937 ᾦ

694 3014 1010 3071 DCCCVIII
1046 3016 1313 3071 Eiusdem
1350 3014 1609 3071 meminit
1640 3015 1914 3080 Socratem
1951 3013 2095 3068 Hist.
2126 3014 2258 3068 eccl.
2289 3014 2382 3081 VI,
2412 3021 2444 3069 6
2474 3016 2531 3069 οὔ
2558 3015 2681 3083 VII,
2712 3022 2737 3069 1
2776 3016 2825 3067 et

551 3100 638 3163 27,
673 3094 910 3150 fortasse
949 3095 1137 3163 SyneS.
1177 3114 1264 3165 ep.
1303 3102 1399 3162 26,
1437 3101 1503 3150 73
1513 3137 1533 3163 ,
1572 3102 1656 3163 90,
1697 3100 1797 3149 128
1836 3094 1907 3148 al.
1982 3094 2066 3147 De
2112 3094 2231 3149 eius
2280 3096 2465 3149 aetate
2505 3095 2577 3149 ef.
2619 3096 2825 3159 Mfiller‚

437 3226 444 3231 .
549 3173 616 3227 fr.
645 3173 775 3230 hist.
802 3175 879 3228 IV
907 3193 962 3243 p.
993 3181 1050 3241 43
1091 3175 1302 3230 erraviss
1337 3174 1484 3229 enim
1522 3173 1789 3242 cedinus,
1829 3174 1898 3229 de
1936 3174 2073 3244 orig.
2104 3174 2292 3229 Consss.
2322 3193 2378 3243 p.
2414 3180 2478 3229 18
2511 3175 2707 3244 Bonn.,
2744 3174 2827 3243 qui

551 3267 679 3307 eum
719 3251 1073 3308 Consssantini
1109 3253 1302 3323 Magni
1341 3255 1634 3323 aequalem
1670 3254 1841 3309 fuisse
1877 3253 2117 3309 tradidit

693 3332 958 3387 DCCCIX
1013 3332 1095 3389 cf.
1135 3333 1360 3389 Clinton
1396 3334 1476 3387 ΙΙΙ
1510 3354 1567 3404 p.
1600 3338 1727 3401 165;
1764 3333 1992 3400 Planer,
2030 3333 2099 3389 de
2138 3334 2377 3404 Tyrann.
2417 3349 2652 3402 gramm.
2694 3334 2822 3403 (Ber.

553 3416 736 3483 1852);
782 3413 970 3481 Daub‚
1011 3413 1164 3467 Stud.
1203 3432 1258 3482 p.
1291 3419 1408 3469 102.
1483 3413 1567 3469 De
1608 3416 1795 3469 aetate
1843 3414 2100 3470 consulas
2137 3413 2322 3481 Diem,
2360 3412 2601 3485 Doxqgr.
2642 3430 2698 3483 p.
2736 3418 2825 3466 216

548 3494 664 3547 not.
696 3498 744 3545 3.
819 3493 1009 3548 Pauca
1057 3493 1332 3563 excerpsit
1368 3493 1857 3563 Pseudo-Hesych.
1899 3510 1945 3549 e.
1975 3500 2043 3548 68
2197 3499 2231 3547 4
2274 3488 2570 3562 Ἐμισηνός
2604 3494 2823 3563 Hesych.

545 3568 860 3642 Ἀμινσηνός
895 3578 988 3625 BE
1026 3570 1325 3647 Κόρυμβος
1361 3571 1564 3628 maluit
1606 3573 1851 3643 Toupius
2004 3578 2035 3627 5
2074 3567 2350 3641 πρότερον
2389 3578 2435 3625 Δ
2597 3580 2629 3627 9
2670 3572 2747 3627 cf.
2782 3591 2824 3627 v.

550 3658 706 3709 Διον.
749 3653 905 3725 Θρᾷξ
1031 3653 1100 3707 de
1137 3652 1423 3709 Demetrio
1462 3654 1531 3707 cf.
1570 3653 1773 3708 Mfiller
1807 3653 1885 3707 IV
1922 3672 1977 3723 p.
2008 3659 2138 3719 3813
2176 3652 2433 3707 Amisum
2472 3670 2522 3708 a.
2566 3658 2669 3707 684
2705 3670 2752 3707 a.
2780 3670 2823 3704 u.

547 3733 924 3803 expugnassam
959 3748 1078 3786 esse
1117 3734 1360 3801 constat3
1399 3735 1647 3788 ceterum
1684 3752 1735 3787 v.
1764 3732 2160 3801 Waehsmussh‚
2200 3732 2390 3801 Symb.
2429 3751 2483 3801 p.
2517 3738 2617 3786 142

550 3818 611 3866 11
653 3814 786 3882 post
823 3808 1233 3882 βασιλεύσαντα
1271 3814 1406 3868 olim
1430 3813 1569 3869 ‘add.
1608 3813 1780 3868 fuisse
1827 3810 1949 3867 εἶτα
1996 3807 2219 3881 ἠφείθη
2261 3808 2360 3866 διὰ
2398 3808 2503 3881 τὴν
2539 3813 2823 3867 παίδευσιν

544 3893 717 3947 Daub
756 3892 881 3946 coll.
920 3910 974 3947 V.
1005 3886 1100 3945 Ἄλ.
1131 3896 1281 3961 Man„
1319 3892 1597 3962 Παρθέν.,
1640 3898 1772 3962 Τυρ.
1812 3893 2006 3957 Φοῖνιξ,
2142 3898 2209 3947 14
2246 3890 2344 3961 ρπ’
2382 3894 2683 3962 KasteruS,
2720 3888 2821 3963 ριη’

545 3978 776 4040 ABVE,
815 3971 998 4039 quode
1036 3973 1106 4027 cf.
1137 3974 1362 4029 Clinton
1389 3974 1469 4026 III
1505 3992 1558 4043 p.
1593 3979 1693 4028 185
1724 3969 1813 4042 ρκ’
1843 3974 1986 4042 vulq.
2028 3968 2165 4041 ρπη’
2200 3973 2290 4027 vel
2319 3970 2444 4041 ροη’
2474 3974 2818 4043 Bernhardy3

547 4052 689 4107 illud
725 4052 935 4121 probab
969 4052 1140 4107 Daub

685 4131 923 4202 DQCGX
961 4132 1041 4186 Cf.
1073 4132 1297 4188 Clinsson
1324 4151 1378 4203 p.
1401 4139 1532 4201 2273
1568 4133 1784 4202 Rohde,
1810 4135 1949 4188 Mus,
1981 4135 2157 4189 Rhen.
2178 4135 2384 4189 XXXV
2412 4153 2466 4204 p.
2487 4142 2625 4204 47ος
2656 4135 2821 4201 Daub,

546 4211 702 4267 stud.
741 4230 794 4280 p.
828 4218 930 4266 103
1043 4216 1112 4264 18
1150 4211 1229 4267 cf.
1260 4211 1633 4268 Waehsmuth
1667 4215 1707 4270 1.
1746 4231 1791 4272 ο.
1903 4220 1967 4268 19
2007 4216 2307 4284 Πομπηίου
2344 4231 2445 4284 pro
2480 4209 2611 4269 Ἄντ.
2644 4215 2817 4279 Daub,

545 4289 703 4342 stud.
741 4308 795 4357 p.
835 4296 938 4344 104
1105 4297 1173 4345 23
1221 4290 1301 4346 sie
1338 4297 1439 4345 Av
1476 4290 1538 4362 η’
1577 4289 1717 4363 πρὸς
1760 4300 1879 4357 τοῖς
1915 4290 1967 4359 ξ’
2009 4296 2154 4364 ναῖς).
2204 4290 2408 4350 ἑκατὸν
2454 4294 2551 4351 καὶ
2590 4290 2645 4361 ξ’
2694 4292 2822 4350 coni.

543 4366 878 4437 Bernhardy
915 4366 970 4436 ρ’
1010 4366 1150 4437 πρὸς
1185 4366 1244 4437 η’
1284 4370 1382 4425 καὶ
1420 4368 1473 4435 ξ’
1517 4372 1690 4427 Daub
1788 4403 1793 4407 ·
