3025 4892
1079 233 1508 289 HESYCHIUS.

149 397 570 483 Κλεομένους
615 399 738 464 τοῦ
785 393 1217 481 Σπαρτιάτου
1261 393 1372 461 καὶ
1418 398 1537 481 τῆς
1586 400 1923 462 Φιλίππου
1967 397 2089 461 τοῦ
2126 394 2440 477 Περσέως

144 506 288 568 υίοῦ
345 505 678 590 διαδοχῆς
730 505 868 570 τῶν
924 499 1382 586 Μακεδόνων,
1434 499 1514 567 τὰ
1573 500 1721 587 ἑξῆς
1776 502 2243 570 ἐπισυνάπτων
2285 497 2437 569 Ῥω·

146 608 402 698 μαίων).
487 609 764 693 [ίστέον,
807 606 938 692 ὅτι]
980 610 1352 695 διαδέχεται
1390 607 1551 695 <δὲ>
1583 606 1705 695 τὴν
1744 614 2095 694 Πολυβίου
2133 610 2437 694 ἱστορίαν

145 715 612 795 Ποσειδώνιος
649 712 1175 801 Ὀλβιοπολίτης,
1223 713 1565 801 σοφιστής.
1654 719 1899 802 ἔγραψε
1945 714 2020 781 δὲ
2064 714 2175 783 καὶ
2222 713 2436 801 Στρά-

141 827 272 905 βων
313 820 646 910 Ἀμασεὺς
692 820 772 889 τὰ
820 819 980 908 μετὰ
1028 824 1378 907 Πολύβιον
1425 823 1500 890 ἐν
1546 825 1835 907 βιβλίοις
1878 820 2014 909 μγ’.
2462 846 2489 885 s

307 930 605 997 DGLVI.
672 928 1196 1015 Πολυδεύκης
1233 933 1723 1016 Ναυκρατίτης,
1767 926 1945 1007 τινες
1981 928 2057 997 δὲ
2086 924 2439 1017 Ἀρδουέν-

139 1062 250 1114 νας
295 1034 640 1123 σοφιστὴν
686 1034 1025 1123 γράφουσι
1071 1039 1443 1113 πταίοντες·
1488 1033 1681 1112 πόλις
1726 1033 1815 1101 δὲ.
1854 1040 2173 1121 Φοινίκης
2216 1032 2257 1121 ἡ
2300 1033 2438 1123 Ἀρ-

140 1145 448 1212 δούεννα.
547 1145 897 1211 ἐπαίδευσε
954 1142 1029 1209 δὲ
1085 1143 1160 1209 ἐν
1201 1140 1518 1227 Ἀθήναις
1562 1140 1669 1209 ἐπὶ
1714 1141 2043 1229 Κομόδου
2086 1146 2207 1211 τοῦ
2252 1147 2439 1227 βασι-

138 1250 320 1337 λέως,
379 1252 500 1319 καὶ
559 1248 980 1335 ἐτελεύτησεν
1035 1254 1145 1335 ἔτη
1202 1246 1395 1335 βιοὺς
1439 1248 1507 1335 η’
1556 1249 1666 1316 καὶ
1712 1247 1781 1317 ν’
1839 1248 2166 1331 συντάξας
2214 1254 2440 1336 βιβλία

138 1359 363 1423 ταῦτα·
431 1356 887 1445 ὀνομαστικόν
948 1358 1022 1425 ἐν
1082 1360 1368 1441 βιβλίοις
1427 1356 1478 1423 ι’
1537 1356 1704 1443 (ἔστι
1762 1355 1836 1423 δὲ
1891 1354 2250 1445 συναγωγὴ
2304 1361 2439 1425 τῶν
2470 1382 2520 1419 10

145 1464 492 1549 διαφόρως
537 1463 700 1532 κατὰ
749 1467 871 1532 τοῦ
917 1460 1127 1531 αὐτοῦ
1164 1462 1600 1551 λεγομένων),
1648 1464 1969 1545 διαλέξεις
2004 1463 2153 1551 ἤτοι
2189 1463 2442 1549 λαλιάς,

145 1571 438 1657 μελέτας,
477 1577 577 1651 είς
611 1571 938 1659 Κόμοδον
973 1575 1284 1657 Καίσαρα
1321 1568 1791 1659 ἐπιθαλάμιον,
1816 1568 2189 1657 Ῥωμαϊκὸν
2216 1570 2444 1659 λόγον,

144 1678 554 1767 σαλπιγκτὴν
603 1675 644 1765 ἢ
683 1676 914 1766 ἀγῶνα
951 1676 1302 1767 μουσικόν,
1345 1676 1512 1745 κατὰ
1550 1678 1976 1764 Σωκράτους,
2022 1677 2185 1745 κατὰ
2226 1684 2443 1745 Σινω-

141 1784 345 1871 πέων,
395 1784 902 1872 Πανελλήνιον,
943 1783 1296 1872 Ἀραδικὸν
1341 1784 1452 1853 καὶ
1500 1785 1707 1870 ἕτερα.

311 1893 644 1961 DGLVII.
728 1894 1234 1972 Πολύευκτος
1289 1891 1594 1979 κωμικός.
1676 1884 1945 1962 τούτου
1978 1892 2201 1981 δρᾶμά
2259 1893 2439 1959 ἐστιν
2472 1917 2521 1955 15

138 1990 486 2086 “Ηνίοχος,
533 1997 624 2079 ὡς
661 1998 1024 2086 Ἀθήναιος
1069 2000 1142 2067 ἐν
1192 2006 1803 2086 Δειπνοσοφισταῖς
1849 2020 2078 2088 φησιν.
2172 2066 2187 2075 ,

311 2108 678 2175 DGLVIII.
732 2105 1193 2192 Πολύζηλος
1219 2107 1525 2192 κωμικός.
1579 2104 1883 2191 δράματα
1912 2106 2121 2175 αὐτοῦ
2152 2111 2442 2195 Νίπτρα,

145 2214 761 2303 Δημοτυνδάρεως,
817 2216 1123 2282 Μουσῶν
1169 2219 1398 2299 γοναί,
1456 2211 1809 2282 Διονύσου
1854 2220 2083 2301 γοναί,
2136 2213 2443 2302 Ἀφροδί-

144 2342 255 2402 της
299 2327 525 2406 γοναί.

151 2525 274 2598 τρός
312 2534 606 2604 scripsisse
634 2538 826 2591 censet
853 2535 1174 2589 Gutschmid
1285 2540 1311 2587 1
1351 2534 1451 2602 τῆς
1479 2566 1545 2574 -
1577 2536 1850 2606 διαδοχῆς
1882 2542 2085 2590 ABVE
2124 2537 2261 2592 olim
2287 2537 2441 2607 lege-

147 2607 307 2665 batur
344 2612 509 2685 υἷοῦ,
554 2618 620 2686 τῇ
661 2617 926 2687 διαδοχῇ,
973 2615 1123 2684 quod
1171 2615 1342 2668 etiam
1381 2619 1498 2667 Alc.
1539 2616 1690 2670 Eud.
1730 2617 1942 2672 habent
2103 2624 2135 2672 3
2176 2636 2216 2673 s.
2254 2616 2345 2671 fin.
2384 2616 2443 2669 in

145 2690 296 2747 libris
335 2700 566 2766 praeter
590 2704 637 2750 V
665 2699 746 2767 (et
772 2698 948 2765 Eud.)
976 2700 1034 2751 et
1059 2697 1119 2749 in
1157 2712 1331 2765 marg.
1362 2700 1407 2747 A
1443 2696 1584 2750 haec
1619 2695 1907 2766 leguntur:
1946 2697 2159 2767 ἰστέον,
2197 2693 2284 2752 ὅτι
2321 2699 2442 2751 δια-

148 2772 370 2842 δέχεται
429 2772 534 2846 τὴν
590 2780 876 2850 Πολυβίου
934 2774 1184 2845 ἱστορίαν
1234 2774 1616 2839 Ποσειδώνιος
1667 2773 2102 2849 Ὀλβιοπολίτης,
2161 2774 2443 2847 σοφιστής.

147 2848 358 2923 ἔγραψε
393 2854 458 2911 δὲ
489 2858 586 2911 καὶ
613 2857 887 2927 Στράβων
920 2851 1278 2927 Ἀμοισεύςτά
1310 2850 1450 2925 μετὰ
1480 2852 1766 2927 Πολύβιον
1798 2856 1861 2913 ἐν
1892 2861 2124 2933 βιβλίοις
2152 2854 2269 2927 μγ’,
2299 2874 2445 2925 quae

145 2929 348 2991 iniuria
387 2937 744 2992 manifestam
781 2936 1037 2992 fraudem
1071 2936 1259 2990 inesse
1304 2936 1415 2990 rati
1454 2942 1838 3005 expunxerunt
1876 2940 2144 3005 Gaisford
2180 2942 2238 2993 et
2264 2940 2444 2992 Bern—

146 3010 320 3086 hardy
361 3017 514 3085 (coll.
546 3014 928 3079 Ποσειδώνιος
960 3013 1054 3070 Ἄλ.
1095 3018 1154 3070 et
1180 3034 1230 3072 v.
1260 3012 1587 3085 Στράβων);
1625 3016 1861 3072 fortasse
1899 3019 1957 3072 in
1994 3018 2259 3089 Hesychii
2301 3020 2444 3074 Ono-

147 3097 435 3167 matologo
470 3096 550 3152 sic
579 3099 872 3152 extabant:
911 3092 984 3167 ἣν
1013 3096 1340 3167 διαδέχεται
1369 3093 1751 3160 Ποσειδώνιος
1775 3093 1869 3153 'AL
1901 3092 1934 3167 ἢ
1962 3094 2122 3172 ms,
2160 3097 2443 3169 σοφιστής.

156 3169 368 3244 ἔγραψε
411 3175 474 3231 δὲ
505 3178 602 3231 καὶ
631 3179 735 3233 etc.
796 3177 945 3233 Olim
971 3176 1186 3230 incuria
1213 3176 1430 3230 librarii
1459 3178 1667 3232 omissa
1696 3182 1752 3232 et
1790 3179 1860 3232 ad
1890 3180 2201 3249 marginem
2236 3179 2448 3234 reiecta

155 3254 399 3310 mutavit
432 3255 625 3311 lector.
772 3253 835 3310 δὲ
873 3255 1084 3309 inserui

285 3336 509 3391 DCLVI
546 3338 698 3393 Eud.
737 3356 792 3406 p.
823 3341 945 3391 590.
1020 3334 1103 3391 cf.
1143 3337 1462 3395 Philostrat.
1502 3338 1619 3394 Vit.
1648 3339 1717 3408 H,
1750 3345 1814 3393 12
1945 3348 1976 3395 6
2015 3344 2237 3410 Ναυκρ.
2276 3358 2446 3409 agno-

154 3414 257 3468 scit
283 3416 552 3475 Philostr.
582 3415 646 3472 δὲ
677 3434 785 3472 om.
810 3422 857 3468 V
969 3424 997 3470 7
1029 3419 1324 3483 παίζοντες
1350 3419 1497 3487 libri,
1526 3421 1824 3482 πταίοντες
1853 3420 1997 3475 coni.
2018 3422 2294 3475 Kusterus
2320 3438 2446 3489 pro-

150 3492 317 3552 bante
347 3498 628 3552 Pearsono
658 3496 715 3567 (i.
737 3513 784 3552 e.
816 3498 1083 3566 errantes,
1111 3498 1242 3552 falsi
1269 3498 1340 3553 cf.
1364 3518 1415 3554 v.
1442 3495 1718 3569 Ἄλκμάν);
1750 3500 2030 3569 sagaciter
2054 3496 2185 3569 Ἀρδ.
2216 3501 2275 3554 in
2300 3496 2445 3569 Ἀρά-

153 3575 252 3629 δου
292 3596 433 3635 corr.
473 3579 808 3647 Bernhardy
845 3575 936 3645 (cf.
979 3576 1171 3645 Steph.
1202 3578 1331 3647 Byz.
1370 3598 1420 3635 v.
1449 3576 1681 3649 ’Ἆραδος
1717 3579 1828 3646 aL),
1868 3580 1966 3633 sed
1996 3580 2227 3633 Suidam
2263 3579 2443 3649 ipsum

151 3670 436 3729 peccasse,
477 3660 572 3730 qui
609 3654 667 3713 δ’
701 3655 760 3723 ἐξ,
794 3652 1024 3726 Ἀράδου
1067 3654 1215 3711 εἶναι
1251 3659 1312 3712 in
1340 3659 1496 3714 fonte
1527 3676 1625 3714 suo
1661 3658 1869 3712 lectum
1911 3659 2245 3729 corruperit,
2282 3660 2448 3728 putat

155 3734 495 3809 Gutschmid,
534 3757 570 3794 a
605 3756 715 3808 quo
753 3738 1000 3791 monitus
1036 3737 1186 3794 infra
1223 3738 1421 3809 scripsi
1453 3734 1743 3809 Ἀραδικόν
1780 3756 1882 3809 pro
1916 3734 2241 3809 Ἀρκαδικόν

155 3818 185 3865 8
225 3813 563 3874 ἐπαίδευσεν
604 3815 666 3873 ἐν
695 3819 850 3873 Eud.
891 3814 978 3871 ἐπ.
1016 3814 1126 3887 γὰρ
1164 3823 1265 3871 Av
1428 3826 1460 3873 9
1507 3815 1567 3888 η’
1607 3819 1705 3873 καὶ
1752 3816 1807 3873 ν’
1849 3824 1950 3871 AV
1986 3817 2043 3873 ν’
2092 3820 2191 3875 καὶ
2228 3815 2286 3888 η’
2326 3824 2443 3876 Ald.

157 3899 298 3968 ναῖς.
348 3895 442 3969 νη’
481 3900 633 3954 Eud.
784 3904 850 3952 10
898 3893 1242 3967 ὅνομοιτικόν
1279 3905 1320 3953 Β

294 3979 540 4035 DOLVH
578 3980 728 4035 Eud.
758 3996 812 4048 p.
835 3984 957 4033 599.
995 3978 1329 4048 Respexisse
1359 3980 1585 4035 Suidam
1617 3981 1729 4049 (vel
1752 3979 2114 4048 Hesychium)
2142 3978 2215 4033 ad
2240 3979 2444 4035 Athen.

160 4055 231 4111 IX
266 4079 320 4129 p.
350 4067 453 4115 396
491 4058 638 4115 vidit
663 4060 954 4114 Kusterua
1017 4060 1139 4124 Quo
1175 4059 1301 4115 loco
1340 4078 1466 4115 cum
1504 4060 1779 4115 Heniochi
1816 4063 2016 4129 poetae
2054 4058 2245 4113 fabula
2280 4058 2445 4127 Poly-

163 4144 343 4195 euctos
363 4139 641 4207 laudetur,
666 4139 891 4195 foedam
909 4138 1041 4193 inde
1062 4141 1438 4209 corruptelam
1455 4141 1727 4195 invasisse
1748 4142 1985 4205 constat,
2006 4156 2175 4209 quam
2194 4140 2447 4209 profecto

164 4233 334 4288 neque
373 4221 445 4276 ad
484 4220 690 4275 Suidae
726 4237 908 4289 neque
945 4219 1018 4273 ad
1057 4220 1337 4275 Eudcciae
1373 4221 1663 4291 ingenium
1708 4236 1832 4273 cum
1875 4221 2154 4275 Meinekio
2188 4220 2213 4272 I
2248 4239 2303 4291 p.
2342 4227 2446 4276 422

167 4299 402 4356 reiciam.
443 4300 695 4356 Similem
725 4319 968 4356 errorem
997 4300 1192 4356 notavi
1218 4320 1270 4355 v.
1294 4299 1551 4371 Πύρρων,
1579 4302 1799 4369 Χείρων
1828 4300 1900 4355 al.
1978 4306 2042 4354 15
2072 4298 2332 4371 δράματα
2350 4306 2449 4354 BV

299 4380 571 4435 DCLVIII
608 4381 759 4435 Eud.
797 4400 852 4451 p.
883 4387 1005 4436 599.
1071 4382 1305 4437 Tractat
1329 4380 1587 4436 Meineke
1618 4382 1639 4433 I
1668 4398 1722 4449 p.
1753 4387 1852 4434 261
1969 4386 2035 4434 18
2062 4378 2256 4453 ’Ἄρεως
2284 4384 2457 4455 γοναί
