3025 4892
1169 185 1597 243 HESYCHIUS.
2446 192 2533 257 55

401 345 702 414 CCVIII.
760 345 1182 434 Διόδωρος
1218 344 1253 416 ὁ
1287 344 1653 435 Οὐαλέριος
1690 351 2092 437 ἐπικληθείς,
2131 350 2530 440 φιλόσοφος,

198 450 540 540 μαθητὴς
595 455 1017 540 Τηλεκλέους,
1050 451 1539 543 Ἀλεξανδρεύς,
1586 455 1735 534 υίὸς
1778 463 2149 539 Πωλίωνος
2188 461 2310 528 τοῦ
2348 469 2534 547 φιλο-

198 557 458 645 σόφου
509 563 634 628 τοῦ
691 559 1078 647 γράψαντος
1131 560 1255 648 τὴν
1297 558 1598 650 Ἀττικὴν
1655 564 1864 649 λέξιν,
1922 564 2217 650 γεγονῶς
2262 567 2367 635 ἐπὶ
2411 573 2533 637 τοῦ

197 671 579 752 Καίσαρος
616 663 994 753 Ἀδριανοῦ.

407 775 632 842 CCIX.
690 774 1111 862 Διόδωρος
1137 775 1543 861 Σικελιώτης
1580 774 1929 860 ἱστορικός.
1996 782 2242 865 ἔγραψε
2279 784 2530 864 βιβλιο-
2564 801 2590 841 r»

198 880 458 966 θήκην
496 882 664 970 (ἔστι
704 881 778 950 δὲ
810 885 1068 970 ἱστορία
1097 879 1426 970 Ῥωμαϊκή
1455 908 1524 950 τε
1552 883 1663 949 καὶ
1691 889 1956 970 ποικίλη
1997 885 2069 951 ἐν
2098 890 2386 972 βιβλίοις
2413 885 2533 976 μ’).

205 988 472 1074 γέγονε
525 988 600 1056 δὲ
647 991 748 1058 ἐπὶ
797 993 935 1058 τῶν
979 988 1246 1079 χρόνων
1299 987 1696 1076 Αὐγούστου
1743 996 2087 1077 Καίσαρος
2132 993 2243 1061 καὶ
2292 992 2531 1063 ἐπάνω.

407 1097 593 1164 CCX.
659 1100 1010 1183 Διοκλῆς
1041 1094 1401 1184 Ἀθηναῖος
1444 1091 1486 1183 ἢ
1532 1096 1872 1183 Φλιάσιος,
1912 1095 2185 1187 ἀρχαῖος
2220 1099 2532 1186 κωμικός,

202 1201 605 1290 σύγχρονος
664 1209 1101 1290 Σαννυρίωνι
1159 1204 1269 1270 καὶ
1332 1209 1691 1294 Φιλυλλίω.
1782 1203 2083 1293 δράματα
2141 1204 2351 1274 αὐτοῦ
2402 1207 2531 1275 Θά-

201 1316 460 1394 λαττα,
517 1310 873 1394 Μέλιτται,
909 1307 1236 1398 ’Όνειροι,
1292 1309 1579 1398 Βάκχαι,
1634 1311 1929 1396 Θυέστης
1982 1311 2061 1399 β’.
2129 1317 2396 1397 [τοῦτον
2456 1316 2536 1382 δέ
2560 1337 2611 1376 10

203 1436 436 1500 φασιν
485 1413 712 1503 εὑρεῖν
747 1418 858 1486 καὶ
903 1415 1027 1502 τὴν
1077 1419 1150 1485 ἐν
1193 1430 1334 1496 τοῖς
1369 1414 1737 1504 ὀξυβάφοις
1774 1413 2129 1504 ἁρμονίαν,
2182 1421 2255 1487 ἐν
2294 1418 2527 1508 ὀστρα-

203 1528 442 1604 κίνοις
497 1511 818 1610 ἀγγείοις,
883 1521 1050 1610 ἅπερ
1114 1528 1390 1612 ἔκρουεν
1452 1524 1527 1591 ἐν
1574 1527 1888 1615 ξυληφίῳ.
1980 1522 2054 1593 τὸ
2104 1525 2179 1594 δὲ
2224 1526 2529 1597 Θάλαττα

207 1629 491 1717 ἑταίρας
539 1629 754 1718 ὄνομά
800 1632 1002 1717 ἐστιν,
1049 1627 1140 1711 ῶς
1181 1627 1540 1717 Ἀθήναιός
1586 1637 1842 1717 φησιν].

407 1738 629 1822 CCXI.
701 1737 1256 1823 Διονυσιάδης
1299 1743 1733 1826 Φυλαρχίδου
1770 1738 2162 1827 Μαλλώτης,
2197 1741 2525 1829 τραγικός.

209 1835 306 1930 ἦν
371 1843 449 1912 δὲ
502 1835 694 1924 οὗτος
741 1848 878 1913 τῶν
922 1849 1042 1932 τῆς
1087 1843 1442 1929 Πλειάδος,
1488 1845 1600 1912 καὶ
1645 1846 2006 1934 γέγραπται
2056 1844 2234 1940 αὐτῷ
2283 1851 2527 1935 μεταξὺ
2558 1871 2606 1910 15

209 1947 454 2018 ἄλλων
490 1952 601 2018 καὶ
639 1955 1066 2040 Χαρακτῆρες
1100 1947 1140 2038 ἢ
1178 1951 1694 2042 Φιλοκωμωδός,
1734 1954 1805 2021 ἐν
1844 1945 1897 2045 ᾧ
1925 1953 2082 2036 τοὺς
2111 1960 2527 2046 χαρακτῆρας

212 2053 621 2144 ἀπαγγέλλει
670 2062 805 2127 τῶν
850 2061 1167 2145 ποιητῶν.

401 2165 659 2234 CCXII.
734 2163 1175 2244 Διονύσιος
1200 2160 1785 2253 Ἁλικαρνασσεύς,
1832 2166 2133 2253 γεγονῶς
2176 2171 2282 2238 ἐπὶ
2314 2167 2525 2260 Ἀδρι-

213 2275 394 2340 ανοῦ
443 2277 816 2359 Καίσαρος,
867 2271 1218 2358 σοφιστής,
1267 2269 1390 2358 <ὃ>
1437 2273 1547 2340 καὶ
1585 2271 1937 2352 Μουσικὸς
1980 2277 2256 2360 κληθεὶς
2304 2275 2415 2345 διὰ
2446 2277 2521 2347 τὸ

212 2385 535 2447 πλεῖστον
581 2377 962 2466 άσκηθῆναι
1018 2377 1097 2447 τὰ
1153 2381 1268 2467 τῆς
1323 2382 1663 2467 μουσικῆς.
1746 2385 1991 2467 ἔγραψε
2045 2381 2119 2449 δὲ
2167 2385 2523 2473 ῥυθμικῶν
2551 2406 2605 2446 20

213 2482 721 2574 ὑπομνημάτων
759 2492 988 2574 βιβλία
1021 2488 1152 2574 κδ’,
1192 2490 1516 2574 μουσικῆς
1560 2490 1854 2575 ἱστορίας
1892 2493 2119 2574 βιβλία
2156 2491 2263 2569 λς’
2304 2492 2409 2579 (ἐν
2448 2493 2521 2561 δὲ

215 2593 484 2672 τούτοις
537 2590 845 2680 αὐλητῶν
890 2596 1002 2661 καὶ
1056 2596 1464 2683 κιθαρῳδῶν
1520 2595 1631 2661 καὶ
1685 2598 1981 2681 ποιητῶν
2026 2603 2366 2665 παντοίων
2413 2601 2521 2686 με’-

218 2703 528 2788 μνηται),
603 2705 926 2788 μουσικῆς
986 2704 1290 2780 παιδείας
1352 2696 1392 2786 ἢ
1457 2704 1824 2788 διατριβῶν
1887 2708 2115 2789 βιβλία
2170 2706 2301 2790 κβ’,
2368 2711 2521 2773 τίνα

223 2812 564 2893 μουσικῶς
609 2818 862 2895 εἴρηται
911 2810 984 2876 ἐν
1029 2812 1108 2897 τῇ
1156 2807 1527 2887 Πλάτωνος
1570 2815 1899 2898 πολιτείᾳ,
1945 2815 2175 2896 βιβλία
2219 2809 2297 2879 ε’.

401 2917 686 2985 CCXIII.
769 2914 1208 2994 Διονύσιος
1258 2911 1757 3000 Ἀλεξανδρεύς,
1825 2917 2007 3004 Θρᾷξ
2065 2915 2139 2983 δὲ
2203 2913 2334 2985 άπὸ
2394 2923 2517 2986 τοῦ
2548 2940 2595 2980 25

363 3070 584 3126 CCVIII
621 3070 773 3124 Eud.
812 3086 866 3136 p.
905 3072 1009 3121 235
1154 3073 1186 3120 2
1219 3062 1378 3131 meg.
1419 3083 1527 3120 om.
1576 3067 1633 3119 et
1676 3067 1809 3134 post
1854 3061 2172 3134 φιλοσόφου
2221 3068 2347 3122 add.
2383 3064 2517 3124 Ἀλε-

227 3149 513 3216 ξανδρέως
549 3151 700 3205 Eud.
849 3155 880 3202 3
918 3143 1252 3217 γεγονότοςῗ
1291 3147 1360 3200 cf.
1397 3165 1450 3202 v.
1490 3147 1745 3200 Πωλίων.

369 3230 536 3286 CCIX
571 3232 722 3285 Eud.
762 3248 815 3299 p.
855 3235 958 3282 222
1104 3234 1136 3282 5
1176 3223 1550 3300 βιβλιοθήκην
1600 3221 1694 3280 ἐπὶ
1729 3219 1863 3294 Αύγ.
1902 3228 2066 3283 Kales.
2114 3227 2343 3296 reliquis
2390 3247 2517 3298 om„

231 3328 373 3378 quae
412 3313 544 3378 posss
581 3311 812 3382 βιβλίοις
851 3305 904 3377 μ’
943 3311 1274 3378 sequuntur,
1313 3308 1466 3364 Eud.

363 3391 505 3448 CCX
540 3392 689 3445 Eud.
729 3409 783 3460 p.
824 3395 943 3444 228.
1001 3391 1231 3445 Trachat
1267 3388 1525 3444 Meineke
1564 3388 1589 3440 I
1626 3407 1681 3457 p.
1712 3393 1815 3441 251
1927 3392 1959 3441 8
2001 3390 2092 3442 Φλ.
2134 3381 2169 3456 ἢ
2206 3383 2315 3442 Ἀθ.
2346 3391 2515 3444 Daub

223 3479 254 3526 9
296 3473 564 3544 Φιλυλλίῳ
603 3489 740 3527 corr.
771 3473 1156 3540 Iunyermann
1192 3470 1266 3524 ad.
1303 3469 1514 3524 Pollue.
1555 3469 1630 3535 X,
1672 3473 1737 3522 ’78
1780 3469 2078 3538 Φιλλυλλίῳ
2116 3468 2207 3523 vel
2246 3471 2514 3542 Φιλλυλίῳ

223 3552 418 3621 (Eud.)
456 3551 589 3606 libri
734 3558 801 3606 10
840 3547 944 3605 δύο
980 3555 1027 3602 V
1134 3545 1193 3620 β’
1235 3567 1343 3605 om.
1382 3549 1534 3603 Eud.
1574 3565 1716 3616 quae
1754 3565 1883 3601 cum
1918 3547 1975 3601 in
2023 3565 2218 3602 vocem
2259 3549 2515 3619 Θυέστην

223 3631 465 3699 desinat,
504 3630 720 3700 reliqua
756 3631 1054 3686 subditicia
1093 3647 1212 3686 esse
1249 3632 1368 3685 iure
1405 3629 1621 3684 iudicat
1655 3628 1989 3700 Bernhardy
2101 3635 2164 3681 12
2204 3629 2439 3702 ξυλιφίῳ
2468 3635 2513 3682 A

229 3717 292 3764 13
329 3711 534 3764 Athen.
573 3711 704 3765 xm
741 3728 793 3780 p.
833 3715 937 3765 567

365 3789 530 3844 CCXI
559 3806 627 3844 ex
645 3795 690 3842 A
719 3790 844 3844 add.
866 3789 1148 3858 Gaisford.
1179 3789 1699 3858 TractatWeloker,
1721 3787 1811 3842 Gr.
1833 3788 1997 3858 Trag.
2019 3808 2072 3858 p.
2098 3793 2233 3842 1267
2323 3794 2389 3842 15
2419 3809 2511 3860 με·

227 3866 364 3936 ταξύ
405 3865 586 3924 ἄλλων
625 3871 945 3939 corruptum
992 3887 1108 3926 esse
1149 3871 1296 3926 vidit
1330 3870 1662 3940 Bernhardy
1818 3875 1885 3922 16
1924 3862 2333 3940 Φιλοκωμῳδός
2374 3886 2511 3944 c9rr.

223 3952 466 4005 Meineke
493 3950 518 4002 I
547 3968 601 4018 p.
625 3955 690 4003 12
710 3966 820 4004 rec.
842 3949 1100 4017 Welcker,
1138 3951 1412 4005 Westerm.
1444 3950 1849 4022 Φιλοκωμῳδοί
1869 3951 2012 4018 vuly.
2047 3943 2445 4018 Φιλοκῶμωδοι
2466 3954 2511 4001 A

361 4030 554 4086 CCXII
590 4030 741 4085 Eud.
779 4048 834 4099 p.
866 4037 967 4085 227
1080 4037 1146 4086 18
1187 4027 1281 4086 ἐπὶ
1313 4027 1446 4096 Ἀδρ.
1483 4031 1710 4085 brevius
1739 4031 1890 4086 Eud.
2008 4035 2073 4083 19
2113 4024 2142 4082 ὁ
2184 4028 2311 4083 add.
2342 4030 2509 4084 Daub

226 4109 316 4165 διὰ
356 4142 422 4151 -—
463 4111 734 4180 μουσικῆς
769 4126 874 4166 om.
904 4111 1074 4184 Eud„
1167 4118 1234 4166 21
1275 4107 1337 4165 ἐν
1374 4110 1438 4166 δὲ
1477 4107 1697 4172 τούτοις
1736 4142 1801 4150 -
1842 4109 2118 4180 μέμνηται
2157 4125 2263 4163 om.
2304 4110 2455 4166 Eud.

227 4197 288 4244 23
329 4191 516 4264 βιβλία
555 4185 596 4242 ε’
638 4206 744 4244 om.
783 4189 934 4246 Eud.

362 4268 580 4326 CCXIII
615 4268 886 4325 Tractant
923 4269 1147 4326 Clinton
1185 4271 1264 4325 ΙΙΙ
1289 4289 1344 4341 p.
1378 4277 1506 4338 1313
1544 4268 1749 4323 Mfiller
1775 4269 1855 4322 III
1886 4287 1940 4338 p.
1976 4274 2103 4338 1893
2141 4268 2322 4340 Dauh,
2353 4269 2506 4328 stud.

228 4368 276 4422 p.
315 4356 382 4405 99
407 4365 522 4419 seq.
