<?xml version="1.0" encoding="UTF-8"?>
<!DOCTYPE html PUBLIC "-//W3C//DTD XHTML 1.0 Transitional//EN"
    "http://www.w3.org/TR/xhtml1/DTD/xhtml1-transitional.dtd">
<html xmlns="http://www.w3.org/1999/xhtml" xml:lang="en" lang="en">
 <head>
  <title>
</title>
<meta http-equiv="Content-Type" content="text/html;charset=utf-8" />
  <meta name='ocr-system' content='tesseract 3.04.00' />
  <meta name='ocr-capabilities' content='ocr_page ocr_carea ocr_par ocr_line ocrx_word'/>
</head>
<body>
  <div class='ocr_page' id='page_1' title='image "./hesychiimilesii04flacgoog_0164.png"; bbox 0 0 3025 4892; ppageno 0'>
   <div class='ocr_carea' id='block_1_1' title="bbox 553 0 2986 318">
    <p class='ocr_par' dir='ltr' id='par_1_1' title="bbox 553 0 2986 318">
     <span class='ocr_line' id='line_1_1' title="bbox 553 0 2986 318; baseline 0.002 -54"><span class='ocrx_word' id='word_1_1' title='bbox 553 211 639 278; x_wconf 85' lang='grc'><strong><em>66</em></strong></span> <span class='ocrx_word' id='word_1_2' title='bbox 1419 253 1428 263; x_wconf 95' lang='grc'><strong><em>.</em></strong></span> <span class='ocrx_word' id='word_1_3' title='bbox 1475 210 1905 270; x_wconf 76' lang='lat' dir='ltr'><strong>HESYcHrUS.</strong></span> <span class='ocrx_word' id='word_1_4' title='bbox 2575 273 2581 278; x_wconf 66' lang='grc'><strong><em>,</em></strong></span> <span class='ocrx_word' id='word_1_5' title='bbox 2967 0 2986 318; x_wconf 76' lang='grc' dir='ltr'>Ι</span> 
     </span>
    </p>
   </div>
   <div class='ocr_carea' id='block_1_2' title="bbox 457 370 2985 2278">
    <p class='ocr_par' dir='ltr' id='par_1_2' title="bbox 457 370 2985 2278">
     <span class='ocr_line' id='line_1_2' title="bbox 727 370 2983 463; baseline 0.002 -21"><span class='ocrx_word' id='word_1_6' title='bbox 727 374 970 447; x_wconf 80' lang='lat' dir='ltr'><strong>CCLH.</strong></span> <span class='ocrx_word' id='word_1_7' title='bbox 1037 370 1495 461; x_wconf 79' lang='grc' dir='ltr'><strong><em>Ἐπίκτητος</em></strong></span> <span class='ocrx_word' id='word_1_8' title='bbox 1528 372 1959 463; x_wconf 83' lang='grc' dir='ltr'><strong><em>Ἱεραπόλεως</em></strong></span> <span class='ocrx_word' id='word_1_9' title='bbox 2016 377 2133 462; x_wconf 80' lang='grc' dir='ltr'><strong><em>τῆς</em></strong></span> <span class='ocrx_word' id='word_1_10' title='bbox 2184 378 2513 462; x_wconf 77' lang='grc' dir='ltr'><strong><em>Φρυγίας,</em></strong></span> <span class='ocrx_word' id='word_1_11' title='bbox 2570 370 2836 461; x_wconf 81' lang='grc' dir='ltr'><strong><em>φιλόσο-</em></strong></span> <span class='ocrx_word' id='word_1_12' title='bbox 2975 407 2983 447; x_wconf 63' lang='lat' dir='ltr'>J</span> 
     </span>
     <span class='ocr_line' id='line_1_3' title="bbox 551 454 2985 570; baseline -0.001 -20"><span class='ocrx_word' id='word_1_13' title='bbox 551 508 702 570; x_wconf 86' lang='grc' dir='ltr'><strong><em>φος,</em></strong></span> <span class='ocrx_word' id='word_1_14' title='bbox 749 485 993 562; x_wconf 83' lang='grc' dir='ltr'><strong><em>δοῦλος</em></strong></span> <span class='ocrx_word' id='word_1_15' title='bbox 1023 479 1520 569; x_wconf 80' lang='grc' dir='ltr'><strong><em>Ἐπαφροδίτου</em></strong></span> <span class='ocrx_word' id='word_1_16' title='bbox 1560 486 1697 552; x_wconf 74' lang='grc' dir='ltr'><strong><em>τῶν</em></strong></span> <span class='ocrx_word' id='word_1_17' title='bbox 1736 480 2329 570; x_wconf 77' lang='grc' dir='ltr'><strong><em>σωματοφυλάκων</em></strong></span> <span class='ocrx_word' id='word_1_18' title='bbox 2363 483 2484 549; x_wconf 84' lang='grc' dir='ltr'><strong><em>τοῦ</em></strong></span> <span class='ocrx_word' id='word_1_19' title='bbox 2523 481 2837 566; x_wconf 85' lang='grc' dir='ltr'><strong><em>βασιλέως</em></strong></span> <span class='ocrx_word' id='word_1_20' title='bbox 2974 454 2985 513; x_wconf 59' lang='lat'><em>3</em></span> 
     </span>
     <span class='ocr_line' id='line_1_4' title="bbox 457 585 2833 678; baseline -0.001 -22"><span class='ocrx_word' id='word_1_21' title='bbox 457 661 460 666; x_wconf 64' lang='grc'><strong><em>,</em></strong></span> <span class='ocrx_word' id='word_1_22' title='bbox 553 588 894 678; x_wconf 84' lang='grc' dir='ltr'><strong><em>Νέρωνος.</em></strong></span> <span class='ocrx_word' id='word_1_23' title='bbox 959 590 1300 677; x_wconf 78' lang='grc' dir='ltr'><strong><em>πηρωθεὶς</em></strong></span> <span class='ocrx_word' id='word_1_24' title='bbox 1339 588 1413 658; x_wconf 70' lang='grc' dir='ltr'><strong><em>δὲ</em></strong></span> <span class='ocrx_word' id='word_1_25' title='bbox 1449 587 1525 657; x_wconf 90' lang='grc' dir='ltr'><strong><em>τὸ</em></strong></span> <span class='ocrx_word' id='word_1_26' title='bbox 1567 589 1799 670; x_wconf 77' lang='grc' dir='ltr'><strong><em>σκέλος</em></strong></span> <span class='ocrx_word' id='word_1_27' title='bbox 1834 585 1963 657; x_wconf 82' lang='grc' dir='ltr'><strong><em>ὑπὸ</em></strong></span> <span class='ocrx_word' id='word_1_28' title='bbox 2003 587 2330 676; x_wconf 71' lang='grc' dir='ltr'><strong><em>ῥεύματος</em></strong></span> <span class='ocrx_word' id='word_1_29' title='bbox 2364 588 2439 656; x_wconf 84' lang='grc' dir='ltr'><strong><em>έν</em></strong></span> <span class='ocrx_word' id='word_1_30' title='bbox 2478 586 2833 656; x_wconf 84' lang='grc' dir='ltr'><strong><em>Νικοπόλει</em></strong></span> 
     </span>
     <span class='ocr_line' id='line_1_5' title="bbox 497 692 2835 787; baseline -0 -24"><span class='ocrx_word' id='word_1_31' title='bbox 497 727 502 734; x_wconf 88' lang='lat'>·</span> <span class='ocrx_word' id='word_1_32' title='bbox 548 698 666 781; x_wconf 84' lang='grc' dir='ltr'><strong><em>τῆς</em></strong></span> <span class='ocrx_word' id='word_1_33' title='bbox 711 696 867 776; x_wconf 84' lang='grc' dir='ltr'><strong><em>νέας</em></strong></span> <span class='ocrx_word' id='word_1_34' title='bbox 896 693 1213 782; x_wconf 84' lang='grc' dir='ltr'><strong><em>Ἠπείρου</em></strong></span> <span class='ocrx_word' id='word_1_35' title='bbox 1249 692 1486 787; x_wconf 74' lang='grc' dir='ltr'><strong><em>ᾤκησε,</em></strong></span> <span class='ocrx_word' id='word_1_36' title='bbox 1532 696 1645 762; x_wconf 85' lang='grc' dir='ltr'><strong><em>καὶ</em></strong></span> <span class='ocrx_word' id='word_1_37' title='bbox 1683 698 2017 774; x_wconf 79' lang='grc' dir='ltr'><strong><em>διατείνας</em></strong></span> <span class='ocrx_word' id='word_1_38' title='bbox 2052 695 2242 783; x_wconf 80' lang='grc' dir='ltr'><strong><em>μέχρι</em></strong></span> <span class='ocrx_word' id='word_1_39' title='bbox 2281 693 2576 782; x_wconf 78' lang='grc' dir='ltr'><strong><em>Μάρκου</em></strong></span> <span class='ocrx_word' id='word_1_40' title='bbox 2612 692 2835 763; x_wconf 88' lang='grc' dir='ltr'><strong><em>Ἀντω-</em></strong></span> 
     </span>
     <span class='ocr_line' id='line_1_6' title="bbox 495 803 1378 892; baseline 0.008 -29"><span class='ocrx_word' id='word_1_41' title='bbox 495 820 522 863; x_wconf 80' lang='lat'>⁵</span> <span class='ocrx_word' id='word_1_42' title='bbox 549 806 765 871; x_wconf 88' lang='grc' dir='ltr'><strong><em>νίνου.</em></strong></span> <span class='ocrx_word' id='word_1_43' title='bbox 857 805 1103 892; x_wconf 80' lang='grc' dir='ltr'><strong><em>ἔγραψε</em></strong></span> <span class='ocrx_word' id='word_1_44' title='bbox 1147 803 1378 870; x_wconf 87' lang='grc' dir='ltr'><strong><em>πολλά.</em></strong></span> 
     </span>
     <span class='ocr_line' id='line_1_7' title="bbox 727 904 2832 998; baseline -0 -21"><span class='ocrx_word' id='word_1_45' title='bbox 727 909 1003 978; x_wconf 82' lang='lat' dir='ltr'><strong>GOLIII.</strong></span> <span class='ocrx_word' id='word_1_46' title='bbox 1078 904 1487 989; x_wconf 83' lang='grc' dir='ltr'><strong><em>Ἐπίλυκος</em></strong></span> <span class='ocrx_word' id='word_1_47' title='bbox 1554 906 1841 996; x_wconf 88' lang='grc' dir='ltr'><strong><em>κωμικὸς</em></strong></span> <span class='ocrx_word' id='word_1_48' title='bbox 1894 907 2187 995; x_wconf 80' lang='grc' dir='ltr'><strong><em>ποιητής.</em></strong></span> <span class='ocrx_word' id='word_1_49' title='bbox 2286 912 2423 978; x_wconf 73' lang='grc' dir='ltr'><strong><em>τῶν</em></strong></span> <span class='ocrx_word' id='word_1_50' title='bbox 2482 905 2832 998; x_wconf 77' lang='grc' dir='ltr'><strong><em>δραμάτων</em></strong></span> 
     </span>
     <span class='ocr_line' id='line_1_8' title="bbox 549 1012 2013 1106; baseline 0 -22"><span class='ocrx_word' id='word_1_51' title='bbox 549 1012 760 1086; x_wconf 75' lang='grc' dir='ltr'><strong><em>αὐτοῦ</em></strong></span> <span class='ocrx_word' id='word_1_52' title='bbox 807 1018 945 1086; x_wconf 79' lang='grc' dir='ltr'><strong><em>ἐστι</em></strong></span> <span class='ocrx_word' id='word_1_53' title='bbox 991 1021 1460 1106; x_wconf 87' lang='grc' dir='ltr'><strong><em>Κωραλίσκος,</em></strong></span> <span class='ocrx_word' id='word_1_54' title='bbox 1509 1013 1601 1096; x_wconf 78' lang='grc' dir='ltr'><strong><em>ὡς</em></strong></span> <span class='ocrx_word' id='word_1_55' title='bbox 1640 1013 2013 1102; x_wconf 76' lang='grc' dir='ltr'><strong><em>Ἀθήναιος.</em></strong></span> 
     </span>
     <span class='ocr_line' id='line_1_9' title="bbox 731 1118 2836 1211; baseline -0.001 -19"><span class='ocrx_word' id='word_1_56' title='bbox 731 1124 1004 1194; x_wconf 81' lang='lat' dir='ltr'>CCLIV.</span> <span class='ocrx_word' id='word_1_57' title='bbox 1064 1121 1564 1211; x_wconf 83' lang='grc' dir='ltr'><strong><em>Ἐπιμενίδης</em></strong></span> <span class='ocrx_word' id='word_1_58' title='bbox 1616 1128 1914 1192; x_wconf 86' lang='grc' dir='ltr'><strong><em>Φαίστου</em></strong></span> <span class='ocrx_word' id='word_1_59' title='bbox 1958 1118 2001 1210; x_wconf 82' lang='grc' dir='ltr'><em>ἢ</em></span> <span class='ocrx_word' id='word_1_60' title='bbox 2046 1121 2398 1192; x_wconf 89' lang='grc' dir='ltr'><strong><em>Δοσιάδου</em></strong></span> <span class='ocrx_word' id='word_1_61' title='bbox 2450 1118 2493 1210; x_wconf 80' lang='grc' dir='ltr'>ἢ</span> <span class='ocrx_word' id='word_1_62' title='bbox 2536 1118 2836 1208; x_wconf 85' lang='grc' dir='ltr'><strong><em>Ἀγησάρ-</em></strong></span> 
     </span>
     <span class='ocr_line' id='line_1_10' title="bbox 547 1226 2836 1318; baseline -0.001 -20"><span class='ocrx_word' id='word_1_63' title='bbox 547 1257 674 1318; x_wconf 80' lang='grc' dir='ltr'><strong><em>χου</em></strong></span> <span class='ocrx_word' id='word_1_64' title='bbox 717 1229 896 1316; x_wconf 79' lang='grc' dir='ltr'><strong><em>υἱός,</em></strong></span> <span class='ocrx_word' id='word_1_65' title='bbox 941 1231 1052 1298; x_wconf 85' lang='grc' dir='ltr'><strong><em>καὶ</em></strong></span> <span class='ocrx_word' id='word_1_66' title='bbox 1088 1229 1337 1318; x_wconf 88' lang='grc' dir='ltr'><strong><em>μητρὸς</em></strong></span> <span class='ocrx_word' id='word_1_67' title='bbox 1373 1229 1700 1316; x_wconf 85' lang='grc' dir='ltr'><strong><em>Βλάστας,</em></strong></span> <span class='ocrx_word' id='word_1_68' title='bbox 1740 1227 1926 1318; x_wconf 82' lang='grc' dir='ltr'><strong><em>Κρὴς</em></strong></span> <span class='ocrx_word' id='word_1_69' title='bbox 1965 1226 2095 1298; x_wconf 82' lang='grc' dir='ltr'><strong><em>άπὸ</em></strong></span> <span class='ocrx_word' id='word_1_70' title='bbox 2134 1231 2492 1315; x_wconf 81' lang='grc' dir='ltr'><strong><em>Κνωσσοῦ,</em></strong></span> <span class='ocrx_word' id='word_1_71' title='bbox 2534 1226 2836 1304; x_wconf 81' lang='grc' dir='ltr'><strong><em>ἐποποιός</em></strong></span> 
     </span>
     <span class='ocr_line' id='line_1_11' title="bbox 473 1327 2834 1424; baseline -0.002 -19"><span class='ocrx_word' id='word_1_72' title='bbox 473 1355 524 1395; x_wconf 85' lang='lat'><strong><em>10</em></strong></span> <span class='ocrx_word' id='word_1_73' title='bbox 554 1327 665 1420; x_wconf 81' lang='grc' dir='ltr'><strong><em>[οὗ</em></strong></span> <span class='ocrx_word' id='word_1_74' title='bbox 709 1335 910 1424; x_wconf 68' lang='grc' dir='ltr'><strong><em>λόγος</em></strong></span> <span class='ocrx_word' id='word_1_75' title='bbox 955 1333 1047 1417; x_wconf 78' lang='grc' dir='ltr'><strong><em>ὥς</em></strong></span> <span class='ocrx_word' id='word_1_76' title='bbox 1091 1339 1254 1419; x_wconf 79' lang='grc' dir='ltr'><strong><em>ἐξίοι</em></strong></span> <span class='ocrx_word' id='word_1_77' title='bbox 1299 1334 1340 1424; x_wconf 82' lang='grc' dir='ltr'><em>ἡ</em></span> <span class='ocrx_word' id='word_1_78' title='bbox 1387 1335 1567 1424; x_wconf 81' lang='grc' dir='ltr'><strong><em>ψυχὴ</em></strong></span> <span class='ocrx_word' id='word_1_79' title='bbox 1622 1333 1877 1405; x_wconf 85' lang='grc' dir='ltr'><strong><em>ὁπόσον</em></strong></span> <span class='ocrx_word' id='word_1_80' title='bbox 1923 1334 2127 1424; x_wconf 78' lang='grc' dir='ltr'><strong><em>ἤθελε</em></strong></span> <span class='ocrx_word' id='word_1_81' title='bbox 2172 1334 2435 1424; x_wconf 87' lang='grc' dir='ltr'><strong><em>καιρόν,</em></strong></span> <span class='ocrx_word' id='word_1_82' title='bbox 2480 1336 2596 1404; x_wconf 80' lang='grc' dir='ltr'><strong><em>καὶ</em></strong></span> <span class='ocrx_word' id='word_1_83' title='bbox 2644 1333 2834 1403; x_wconf 86' lang='grc' dir='ltr'><strong><em>πάλιν</em></strong></span> 
     </span>
     <span class='ocr_line' id='line_1_12' title="bbox 546 1440 2833 1535; baseline -0.002 -24"><span class='ocrx_word' id='word_1_84' title='bbox 546 1441 756 1533; x_wconf 80' lang='grc' dir='ltr'><strong><em>εἰσῄει</em></strong></span> <span class='ocrx_word' id='word_1_85' title='bbox 801 1445 878 1511; x_wconf 79' lang='grc' dir='ltr'><strong><em>έν</em></strong></span> <span class='ocrx_word' id='word_1_86' title='bbox 919 1446 1012 1535; x_wconf 77' lang='grc' dir='ltr'><strong><em>τῷ</em></strong></span> <span class='ocrx_word' id='word_1_87' title='bbox 1060 1441 1340 1530; x_wconf 75' lang='grc' dir='ltr'><strong><em>σώματι·</em></strong></span> <span class='ocrx_word' id='word_1_88' title='bbox 1386 1442 1906 1530; x_wconf 84' lang='grc' dir='ltr'><strong><em>τελευτήσαντος</em></strong></span> <span class='ocrx_word' id='word_1_89' title='bbox 1948 1441 2022 1511; x_wconf 72' lang='grc' dir='ltr'><strong><em>δὲ</em></strong></span> <span class='ocrx_word' id='word_1_90' title='bbox 2060 1440 2270 1511; x_wconf 83' lang='grc' dir='ltr'><strong><em>αὐτοῦ</em></strong></span> <span class='ocrx_word' id='word_1_91' title='bbox 2304 1440 2537 1529; x_wconf 88' lang='grc' dir='ltr'><strong><em>πόρρω</em></strong></span> <span class='ocrx_word' id='word_1_92' title='bbox 2576 1440 2833 1532; x_wconf 80' lang='grc' dir='ltr'><strong><em>χρόνων</em></strong></span> 
     </span>
     <span class='ocr_line' id='line_1_13' title="bbox 543 1545 2832 1638; baseline -0.002 -20"><span class='ocrx_word' id='word_1_93' title='bbox 543 1545 620 1618; x_wconf 86' lang='grc' dir='ltr'><strong><em>τὸ</em></strong></span> <span class='ocrx_word' id='word_1_94' title='bbox 687 1551 898 1638; x_wconf 87' lang='grc' dir='ltr'><strong><em>δέρμα</em></strong></span> <span class='ocrx_word' id='word_1_95' title='bbox 951 1546 1281 1637; x_wconf 79' lang='grc' dir='ltr'><strong><em>εὑρῆσθαι</em></strong></span> <span class='ocrx_word' id='word_1_96' title='bbox 1342 1546 1683 1636; x_wconf 84' lang='grc' dir='ltr'><strong><em>γράμμασι</em></strong></span> <span class='ocrx_word' id='word_1_97' title='bbox 1742 1550 2223 1633; x_wconf 63' lang='grc' dir='ltr'><strong><em>κατάστικτον]</em></strong></span> <span class='ocrx_word' id='word_1_98' title='bbox 2312 1549 2549 1635; x_wconf 87' lang='grc' dir='ltr'><strong><em>γέγονε</em></strong></span> <span class='ocrx_word' id='word_1_99' title='bbox 2606 1547 2685 1616; x_wconf 73' lang='grc' dir='ltr'><strong><em>δὲ</em></strong></span> <span class='ocrx_word' id='word_1_100' title='bbox 2738 1547 2832 1614; x_wconf 78' lang='grc' dir='ltr'><strong><em>ἐπὶ</em></strong></span> 
     </span>
     <span class='ocr_line' id='line_1_14' title="bbox 543 1653 2833 1744; baseline -0.003 -18"><span class='ocrx_word' id='word_1_101' title='bbox 543 1659 662 1744; x_wconf 80' lang='grc' dir='ltr'><strong><em>τῆς</em></strong></span> <span class='ocrx_word' id='word_1_102' title='bbox 727 1655 784 1726; x_wconf 89' lang='grc' dir='ltr'><strong><em>λ’</em></strong></span> <span class='ocrx_word' id='word_1_103' title='bbox 844 1653 1283 1744; x_wconf 81' lang='grc' dir='ltr'><strong><em>ὀλυμπιάδος,</em></strong></span> <span class='ocrx_word' id='word_1_104' title='bbox 1354 1653 1445 1735; x_wconf 75' lang='grc' dir='ltr'><strong><em>ὥς</em></strong></span> <span class='ocrx_word' id='word_1_105' title='bbox 1496 1653 1927 1744; x_wconf 83' lang='grc' dir='ltr'><strong><em>προτερεύειν</em></strong></span> <span class='ocrx_word' id='word_1_106' title='bbox 1982 1655 2095 1724; x_wconf 86' lang='grc' dir='ltr'><strong><em>καὶ</em></strong></span> <span class='ocrx_word' id='word_1_107' title='bbox 2149 1659 2285 1724; x_wconf 75' lang='grc' dir='ltr'><strong><em>τῶν</em></strong></span> <span class='ocrx_word' id='word_1_108' title='bbox 2343 1653 2393 1736; x_wconf 79' lang='grc' dir='ltr'><strong><em>ζ’</em></strong></span> <span class='ocrx_word' id='word_1_109' title='bbox 2446 1655 2833 1741; x_wconf 78' lang='grc' dir='ltr'><strong><em>κληθέντων</em></strong></span> 
     </span>
     <span class='ocr_line' id='line_1_15' title="bbox 547 1751 2831 1850; baseline -0.003 -18"><span class='ocrx_word' id='word_1_110' title='bbox 547 1767 783 1850; x_wconf 73' lang='grc' dir='ltr'><strong><em>σοφῶν</em></strong></span> <span class='ocrx_word' id='word_1_111' title='bbox 829 1759 872 1850; x_wconf 80' lang='grc' dir='ltr'>ἢ</span> <span class='ocrx_word' id='word_1_112' title='bbox 917 1764 1029 1832; x_wconf 83' lang='grc' dir='ltr'><strong><em>καὶ</em></strong></span> <span class='ocrx_word' id='word_1_113' title='bbox 1067 1759 1170 1830; x_wconf 78' lang='grc' dir='ltr'><strong><em>ἐπ’</em></strong></span> <span class='ocrx_word' id='word_1_114' title='bbox 1222 1759 1446 1830; x_wconf 75' lang='grc' dir='ltr'><strong><em>αὐτῶν</em></strong></span> <span class='ocrx_word' id='word_1_115' title='bbox 1493 1765 1833 1848; x_wconf 81' lang='grc' dir='ltr'><strong><em>γενέσθαι.</em></strong></span> <span class='ocrx_word' id='word_1_116' title='bbox 1920 1751 2119 1842; x_wconf 75' lang='grc' dir='ltr'><strong><em>οὗτος</em></strong></span> <span class='ocrx_word' id='word_1_117' title='bbox 2156 1766 2382 1848; x_wconf 79' lang='grc' dir='ltr'><strong><em>ἔζησεν</em></strong></span> <span class='ocrx_word' id='word_1_118' title='bbox 2419 1759 2531 1850; x_wconf 84' lang='grc' dir='ltr'><strong><em>ρν’</em></strong></span> <span class='ocrx_word' id='word_1_119' title='bbox 2574 1766 2721 1849; x_wconf 81' lang='grc' dir='ltr'><strong><em>ἔτη,</em></strong></span> <span class='ocrx_word' id='word_1_120' title='bbox 2761 1759 2831 1828; x_wconf 83' lang='grc' dir='ltr'><strong><em>τὰ</em></strong></span> 
     </span>
     <span class='ocr_line' id='line_1_16' title="bbox 468 1865 2833 1956; baseline -0.002 -17"><span class='ocrx_word' id='word_1_121' title='bbox 468 1888 518 1929; x_wconf 80' lang='lat'><strong><em>15</em></strong></span> <span class='ocrx_word' id='word_1_122' title='bbox 547 1869 621 1939; x_wconf 69' lang='grc' dir='ltr'><strong><em>δὲ</em></strong></span> <span class='ocrx_word' id='word_1_123' title='bbox 677 1869 728 1952; x_wconf 79' lang='grc' dir='ltr'><strong><em>ξ’</em></strong></span> <span class='ocrx_word' id='word_1_124' title='bbox 786 1866 1258 1956; x_wconf 80' lang='grc' dir='ltr'><strong><em>έκαθεύδησεν.</em></strong></span> <span class='ocrx_word' id='word_1_125' title='bbox 1351 1868 1644 1955; x_wconf 77' lang='grc' dir='ltr'><strong><em>ἐκάθηρε</em></strong></span> <span class='ocrx_word' id='word_1_126' title='bbox 1698 1871 1871 1956; x_wconf 84' lang='grc' dir='ltr'><strong><em>γοῦν</em></strong></span> <span class='ocrx_word' id='word_1_127' title='bbox 1927 1867 2045 1948; x_wconf 79' lang='grc' dir='ltr'><strong><em>τὰς</em></strong></span> <span class='ocrx_word' id='word_1_128' title='bbox 2094 1865 2386 1956; x_wconf 76' lang='grc' dir='ltr'><strong><em>Ἀθήνας</em></strong></span> <span class='ocrx_word' id='word_1_129' title='bbox 2436 1871 2561 1938; x_wconf 85' lang='grc' dir='ltr'><strong><em>τοῦ</em></strong></span> <span class='ocrx_word' id='word_1_130' title='bbox 2608 1875 2833 1939; x_wconf 88' lang='grc' dir='ltr'><strong><em>Κυλω-</em></strong></span> 
     </span>
     <span class='ocr_line' id='line_1_17' title="bbox 543 1972 2833 2064; baseline -0.001 -20"><span class='ocrx_word' id='word_1_131' title='bbox 543 1981 732 2046; x_wconf 85' lang='grc' dir='ltr'><strong><em>νείου</em></strong></span> <span class='ocrx_word' id='word_1_132' title='bbox 775 1973 986 2063; x_wconf 78' lang='grc' dir='ltr'><strong><em>ἄγους</em></strong></span> <span class='ocrx_word' id='word_1_133' title='bbox 1029 1974 1192 2044; x_wconf 78' lang='grc' dir='ltr'><strong><em>κατὰ</em></strong></span> <span class='ocrx_word' id='word_1_134' title='bbox 1244 1974 1365 2063; x_wconf 83' lang='grc' dir='ltr'><strong><em>τὴν</em></strong></span> <span class='ocrx_word' id='word_1_135' title='bbox 1412 1975 1532 2064; x_wconf 88' lang='grc' dir='ltr'><strong><em>μδ’</em></strong></span> <span class='ocrx_word' id='word_1_136' title='bbox 1581 1973 1992 2063; x_wconf 82' lang='grc' dir='ltr'><strong><em>ὀλυμπιάδα,</em></strong></span> <span class='ocrx_word' id='word_1_137' title='bbox 2048 1972 2324 2064; x_wconf 83' lang='grc' dir='ltr'><strong><em>γηραιὸς</em></strong></span> <span class='ocrx_word' id='word_1_138' title='bbox 2378 1973 2496 2044; x_wconf 73' lang='grc' dir='ltr'><strong><em>ὤν.</em></strong></span> <span class='ocrx_word' id='word_1_139' title='bbox 2599 1981 2833 2063; x_wconf 81' lang='grc' dir='ltr'><strong><em>ἔγραψε</em></strong></span> 
     </span>
     <span class='ocr_line' id='line_1_18' title="bbox 543 2081 2828 2170; baseline -0.002 -17"><span class='ocrx_word' id='word_1_140' title='bbox 543 2081 621 2154; x_wconf 76' lang='grc' dir='ltr'><strong><em>δὲ</em></strong></span> <span class='ocrx_word' id='word_1_141' title='bbox 663 2081 878 2151; x_wconf 83' lang='grc' dir='ltr'><strong><em>πολλὰ</em></strong></span> <span class='ocrx_word' id='word_1_142' title='bbox 925 2084 1183 2170; x_wconf 76' lang='grc' dir='ltr'><strong><em>ἐπικοῗὶς,</em></strong></span> <span class='ocrx_word' id='word_1_143' title='bbox 1221 2081 1332 2150; x_wconf 82' lang='grc' dir='ltr'><strong><em>καὶ</em></strong></span> <span class='ocrx_word' id='word_1_144' title='bbox 1377 2081 1844 2170; x_wconf 85' lang='grc' dir='ltr'><strong><em>καταλογάδην</em></strong></span> <span class='ocrx_word' id='word_1_145' title='bbox 1880 2081 2209 2170; x_wconf 85' lang='grc' dir='ltr'><strong><em>μυστήριά</em></strong></span> <span class='ocrx_word' id='word_1_146' title='bbox 2247 2108 2400 2151; x_wconf 91' lang='grc' dir='ltr'><strong><em>τινα</em></strong></span> <span class='ocrx_word' id='word_1_147' title='bbox 2434 2082 2548 2151; x_wconf 84' lang='grc' dir='ltr'><strong><em>καὶ</em></strong></span> <span class='ocrx_word' id='word_1_148' title='bbox 2584 2090 2828 2167; x_wconf 82' lang='grc' dir='ltr'><strong><em>καθαρ-</em></strong></span> 
     </span>
     <span class='ocr_line' id='line_1_19' title="bbox 543 2186 2831 2278; baseline -0.001 -21"><span class='ocrx_word' id='word_1_149' title='bbox 543 2187 720 2277; x_wconf 81' lang='grc' dir='ltr'><strong><em>μοὺς</em></strong></span> <span class='ocrx_word' id='word_1_150' title='bbox 773 2189 885 2258; x_wconf 86' lang='grc' dir='ltr'><strong><em>καὶ</em></strong></span> <span class='ocrx_word' id='word_1_151' title='bbox 941 2187 1110 2258; x_wconf 78' lang='grc' dir='ltr'><strong><em>ἄλλα</em></strong></span> <span class='ocrx_word' id='word_1_152' title='bbox 1166 2189 1645 2277; x_wconf 73' lang='grc' dir='ltr'><strong><em>αἰνιγματώδη.</em></strong></span> <span class='ocrx_word' id='word_1_153' title='bbox 1748 2188 1941 2277; x_wconf 86' lang='grc' dir='ltr'><strong><em>[πρὸς</em></strong></span> <span class='ocrx_word' id='word_1_154' title='bbox 1990 2192 2237 2258; x_wconf 83' lang='grc' dir='ltr'><strong><em>τοῦτον</em></strong></span> <span class='ocrx_word' id='word_1_155' title='bbox 2290 2186 2535 2278; x_wconf 89' lang='grc' dir='ltr'><strong><em>γράφει</em></strong></span> <span class='ocrx_word' id='word_1_156' title='bbox 2597 2188 2831 2256; x_wconf 88' lang='grc' dir='ltr'><strong><em>Σόλων</em></strong></span> 
     </span>
    </p>
   </div>
   <div class='ocr_carea' id='block_1_3' title="bbox 549 2308 975 2321">
    <p class='ocr_par' dir='ltr' id='par_1_3' title="bbox 549 2308 975 2321">
     <span class='ocr_line' id='line_1_20' title="bbox 549 2308 975 2321; baseline 0 0"><span class='ocrx_word' id='word_1_157' title='bbox 549 2308 975 2321; x_wconf 95' lang='lat' dir='ltr'><strong><em> </em></strong></span> 
     </span>
    </p>
   </div>
   <div class='ocr_carea' id='block_1_4' title="bbox 461 611 2987 4848">
    <p class='ocr_par' dir='ltr' id='par_1_4' title="bbox 2985 611 2986 638">
     <span class='ocr_line' id='line_1_21' title="bbox 2985 611 2986 638; baseline 0 0"><span class='ocrx_word' id='word_1_158' title='bbox 2985 611 2986 638; x_wconf 54' lang='lat' dir='ltr'>l</span> 
     </span>
    </p>

    <p class='ocr_par' dir='ltr' id='par_1_5' title="bbox 2971 1906 2984 2185">
     <span class='ocr_line' id='line_1_22' title="bbox 2971 1906 2984 2185; baseline 0 0"><span class='ocrx_word' id='word_1_159' title='bbox 2971 1906 2984 2185; x_wconf 71' lang='grc' dir='ltr'>Ι</span> 
     </span>
    </p>

    <p class='ocr_par' dir='ltr' id='par_1_6' title="bbox 541 2188 2985 2824">
     <span class='ocr_line' id='line_1_23' title="bbox 688 2188 2985 2437; baseline -0 -14"><span class='ocrx_word' id='word_1_160' title='bbox 688 2367 876 2423; x_wconf 81' lang='lat' dir='ltr'>OOLII</span> <span class='ocrx_word' id='word_1_161' title='bbox 911 2367 1064 2422; x_wconf 77' lang='lat' dir='ltr'><strong><em>Eud.</em></strong></span> <span class='ocrx_word' id='word_1_162' title='bbox 1101 2385 1155 2437; x_wconf 96' lang='grc' dir='ltr'><strong><em>Ρ.</em></strong></span> <span class='ocrx_word' id='word_1_163' title='bbox 1195 2372 1327 2433; x_wconf 85' lang='grc'><strong><em>299,</em></strong></span> <span class='ocrx_word' id='word_1_164' title='bbox 1375 2382 1522 2436; x_wconf 81' lang='lat' dir='ltr'>quae</span> <span class='ocrx_word' id='word_1_165' title='bbox 1557 2368 1689 2437; x_wconf 75' lang='lat' dir='ltr'><strong>post</strong></span> <span class='ocrx_word' id='word_1_166' title='bbox 1721 2362 2031 2437; x_wconf 80' lang='grc' dir='ltr'><strong><em>Ἐπαφροδ.</em></strong></span> <span class='ocrx_word' id='word_1_167' title='bbox 2070 2365 2197 2422; x_wconf 80' lang='lat' dir='ltr'><strong>add.</strong></span> <span class='ocrx_word' id='word_1_168' title='bbox 2238 2363 2453 2437; x_wconf 77' lang='grc' dir='ltr'><strong><em>ἔγραψε</em></strong></span> <span class='ocrx_word' id='word_1_169' title='bbox 2492 2361 2671 2420; x_wconf 78' lang='grc' dir='ltr'><strong><em>πολλὰ</em></strong></span> <span class='ocrx_word' id='word_1_170' title='bbox 2707 2359 2831 2434; x_wconf 78' lang='grc' dir='ltr'><strong><em>η’θι-</em></strong></span> <span class='ocrx_word' id='word_1_171' title='bbox 2971 2188 2985 2422; x_wconf 77' lang='grc' dir='ltr'>Ι</span> 
     </span>
     <span class='ocr_line' id='line_1_24' title="bbox 543 2441 2833 2518; baseline -0.003 -15"><span class='ocrx_word' id='word_1_172' title='bbox 543 2449 647 2518; x_wconf 87' lang='grc' dir='ltr'><strong><em>κῆς</em></strong></span> <span class='ocrx_word' id='word_1_173' title='bbox 681 2447 784 2518; x_wconf 81' lang='lat' dir='ltr'>(sio</span> <span class='ocrx_word' id='word_1_174' title='bbox 821 2464 958 2504; x_wconf 82' lang='lat' dir='ltr'><strong><em>corr.</em></strong></span> <span class='ocrx_word' id='word_1_175' title='bbox 989 2448 1056 2505; x_wconf 83' lang='lat' dir='ltr'><strong><em>R.</em></strong></span> <span class='ocrx_word' id='word_1_176' title='bbox 1085 2446 1350 2502; x_wconf 65' lang='lat' dir='ltr'>N-ihzsehe</span> <span class='ocrx_word' id='word_1_177' title='bbox 1381 2462 1485 2516; x_wconf 87' lang='lat' dir='ltr'><strong><em>pro</em></strong></span> <span class='ocrx_word' id='word_1_178' title='bbox 1524 2441 1725 2515; x_wconf 77' lang='grc' dir='ltr'><strong><em>ἠθικὰ)</em></strong></span> <span class='ocrx_word' id='word_1_179' title='bbox 1764 2446 2105 2514; x_wconf 83' lang='grc' dir='ltr'><strong><em>φιλοσοφίας</em></strong></span> <span class='ocrx_word' id='word_1_180' title='bbox 2142 2441 2457 2516; x_wconf 73' lang='grc' dir='ltr'><strong><em>ἀνάμεστα,</em></strong></span> <span class='ocrx_word' id='word_1_181' title='bbox 2496 2461 2645 2514; x_wconf 80' lang='lat' dir='ltr'><strong>quae</strong></span> <span class='ocrx_word' id='word_1_182' title='bbox 2671 2443 2833 2500; x_wconf 78' lang='lat' dir='ltr'>verba</span> 
     </span>
     <span class='ocr_line' id='line_1_25' title="bbox 543 2521 2827 2598; baseline -0.002 -15"><span class='ocrx_word' id='word_1_183' title='bbox 543 2528 782 2584; x_wconf 77' lang='lat' dir='ltr'><strong><em>correxit</em></strong></span> <span class='ocrx_word' id='word_1_184' title='bbox 816 2529 1012 2597; x_wconf 75' lang='grc' dir='ltr'><strong><em>Βοιώ,</em></strong></span> <span class='ocrx_word' id='word_1_185' title='bbox 1051 2528 1120 2582; x_wconf 76' lang='lat' dir='ltr'><strong><em>cle</em></strong></span> <span class='ocrx_word' id='word_1_186' title='bbox 1158 2526 1307 2583; x_wconf 85' lang='lat' dir='ltr'><strong>Viol.</strong></span> <span class='ocrx_word' id='word_1_187' title='bbox 1345 2545 1399 2596; x_wconf 90' lang='lat' dir='ltr'><strong><em>p.</em></strong></span> <span class='ocrx_word' id='word_1_188' title='bbox 1439 2532 1470 2581; x_wconf 84' lang='lat'><strong>5</strong></span> <span class='ocrx_word' id='word_1_189' title='bbox 1507 2521 1691 2594; x_wconf 75' lang='grc' dir='ltr'><strong><em>ἠθικὰ</em></strong></span> <span class='ocrx_word' id='word_1_190' title='bbox 1739 2527 1854 2581; x_wconf 78' lang='grc' dir='ltr'><strong><em>καὶ</em></strong></span> <span class='ocrx_word' id='word_1_191' title='bbox 1896 2530 2076 2595; x_wconf 81' lang='grc' dir='ltr'><strong><em>φιλοσ.</em></strong></span> <span class='ocrx_word' id='word_1_192' title='bbox 2116 2521 2287 2598; x_wconf 79' lang='grc' dir='ltr'><strong><em>ἀναμ.</em></strong></span> <span class='ocrx_word' id='word_1_193' title='bbox 2442 2532 2473 2581; x_wconf 87' lang='grc'><strong><em>2</em></strong></span> <span class='ocrx_word' id='word_1_194' title='bbox 2522 2526 2724 2588; x_wconf 78' lang='grc' dir='ltr'><strong><em>δοῦλος</em></strong></span> <span class='ocrx_word' id='word_1_195' title='bbox 2768 2521 2827 2578; x_wconf 70' lang='grc' dir='ltr'><strong><em>δὲ</em></strong></span> 
     </span>
     <span class='ocr_line' id='line_1_26' title="bbox 542 2601 2701 2676; baseline -0.002 -12"><span class='ocrx_word' id='word_1_196' title='bbox 542 2626 652 2664; x_wconf 90' lang='lat' dir='ltr'><strong><em>om.</em></strong></span> <span class='ocrx_word' id='word_1_197' title='bbox 700 2613 821 2676; x_wconf 66' lang='grc' dir='ltr'><strong><em>ΔΕ,</em></strong></span> <span class='ocrx_word' id='word_1_198' title='bbox 869 2610 937 2665; x_wconf 79' lang='lat' dir='ltr'><strong><em>de</em></strong></span> <span class='ocrx_word' id='word_1_199' title='bbox 985 2626 1046 2664; x_wconf 83' lang='lat' dir='ltr'><strong><em>re</em></strong></span> <span class='ocrx_word' id='word_1_200' title='bbox 1084 2607 1152 2662; x_wconf 81' lang='lat' dir='ltr'><strong><em>cf.</em></strong></span> <span class='ocrx_word' id='word_1_201' title='bbox 1185 2606 1584 2676; x_wconf 73' lang='lat' dir='ltr'><strong>Waohsmuth,</strong></span> <span class='ocrx_word' id='word_1_202' title='bbox 1633 2606 1823 2676; x_wconf 81' lang='lat' dir='ltr'><strong>Symb.</strong></span> <span class='ocrx_word' id='word_1_203' title='bbox 1860 2623 1915 2674; x_wconf 89' lang='lat' dir='ltr'><strong><em>p.</em></strong></span> <span class='ocrx_word' id='word_1_204' title='bbox 1957 2612 2053 2661; x_wconf 94' lang='lat'><strong><em>141</em></strong></span> <span class='ocrx_word' id='word_1_205' title='bbox 2203 2613 2235 2661; x_wconf 84' lang='lat'><strong>3</strong></span> <span class='ocrx_word' id='word_1_206' title='bbox 2273 2601 2621 2662; x_wconf 80' lang='grc' dir='ltr'><strong><em>Νεικοπόλει</em></strong></span> <span class='ocrx_word' id='word_1_207' title='bbox 2654 2613 2701 2659; x_wconf 99' lang='lat' dir='ltr'>A</span> 
     </span>
     <span class='ocr_line' id='line_1_27' title="bbox 541 2685 2828 2752; baseline -0.001 -9"><span class='ocrx_word' id='word_1_208' title='bbox 541 2695 576 2743; x_wconf 91' lang='lat'>4</span> <span class='ocrx_word' id='word_1_209' title='bbox 613 2687 749 2752; x_wconf 81' lang='grc' dir='ltr'><strong><em>νέας</em></strong></span> <span class='ocrx_word' id='word_1_210' title='bbox 785 2705 1027 2744; x_wconf 80' lang='lat' dir='ltr'><strong><em>errorem</em></strong></span> <span class='ocrx_word' id='word_1_211' title='bbox 1065 2704 1189 2743; x_wconf 81' lang='lat' dir='ltr'>esse</span> <span class='ocrx_word' id='word_1_212' title='bbox 1226 2689 1418 2742; x_wconf 73' lang='lat' dir='ltr'><strong>monet</strong></span> <span class='ocrx_word' id='word_1_213' title='bbox 1457 2685 1781 2742; x_wconf 77' lang='lat' dir='ltr'><strong><em>Gutschmid</em></strong></span> <span class='ocrx_word' id='word_1_214' title='bbox 1897 2703 1969 2740; x_wconf 81' lang='lat' dir='ltr'><strong><em>an</em></strong></span> <span class='ocrx_word' id='word_1_215' title='bbox 2011 2685 2289 2743; x_wconf 62' lang='grc' dir='ltr'><strong><em>διέτεινεῗ</em></strong></span> <span class='ocrx_word' id='word_1_216' title='bbox 2436 2693 2467 2741; x_wconf 84' lang='grc'>5</span> <span class='ocrx_word' id='word_1_217' title='bbox 2505 2685 2677 2742; x_wconf 78' lang='lat' dir='ltr'><strong>Plura</strong></span> <span class='ocrx_word' id='word_1_218' title='bbox 2713 2685 2828 2740; x_wconf 79' lang='lat' dir='ltr'><strong>add.</strong></span> 
     </span>
     <span class='ocr_line' id='line_1_28' title="bbox 544 2765 1192 2824; baseline 0.002 -1"><span class='ocrx_word' id='word_1_219' title='bbox 544 2768 754 2823; x_wconf 75' lang='lat' dir='ltr'><strong><em>Suidas</em></strong></span> <span class='ocrx_word' id='word_1_220' title='bbox 791 2787 858 2824; x_wconf 85' lang='lat' dir='ltr'><strong><em>ex</em></strong></span> <span class='ocrx_word' id='word_1_221' title='bbox 894 2765 1192 2824; x_wconf 78' lang='lat' dir='ltr'><strong>Damaseio</strong></span> 
     </span>
    </p>

    <p class='ocr_par' dir='ltr' id='par_1_7' title="bbox 539 2847 2825 3079">
     <span class='ocr_line' id='line_1_29' title="bbox 684 2847 2825 2922; baseline -0 -20"><span class='ocrx_word' id='word_1_222' title='bbox 684 2847 899 2904; x_wconf 88' lang='lat' dir='ltr'>CCLIII</span> <span class='ocrx_word' id='word_1_223' title='bbox 936 2848 1192 2904; x_wconf 83' lang='lat' dir='ltr'>Meineke</span> <span class='ocrx_word' id='word_1_224' title='bbox 1228 2847 1255 2900; x_wconf 95' lang='lat' dir='ltr'>I</span> <span class='ocrx_word' id='word_1_225' title='bbox 1291 2866 1344 2917; x_wconf 90' lang='lat' dir='ltr'><strong><em>p.</em></strong></span> <span class='ocrx_word' id='word_1_226' title='bbox 1375 2855 1479 2902; x_wconf 80' lang='grc'><strong><em>269</em></strong></span> <span class='ocrx_word' id='word_1_227' title='bbox 1591 2855 1620 2902; x_wconf 91' lang='grc'><strong><em>7</em></strong></span> <span class='ocrx_word' id='word_1_228' title='bbox 1659 2848 2019 2916; x_wconf 81' lang='grc' dir='ltr'><strong><em>Κωραλίσκος</em></strong></span> <span class='ocrx_word' id='word_1_229' title='bbox 2057 2863 2193 2903; x_wconf 85' lang='lat' dir='ltr'><strong><em>corr.</em></strong></span> <span class='ocrx_word' id='word_1_230' title='bbox 2226 2847 2479 2902; x_wconf 76' lang='lat' dir='ltr'><strong><em>Meinclce</em></strong></span> <span class='ocrx_word' id='word_1_231' title='bbox 2514 2847 2645 2904; x_wconf 83' lang='lat' dir='ltr'><strong>coll.</strong></span> <span class='ocrx_word' id='word_1_232' title='bbox 2672 2847 2825 2922; x_wconf 72' lang='lat' dir='ltr'><strong>P.h.⁰¹&#39;··</strong></span> 
     </span>
     <span class='ocr_line' id='line_1_30' title="bbox 539 2923 2824 2998; baseline 0 -18"><span class='ocrx_word' id='word_1_233' title='bbox 539 2927 648 2984; x_wconf 80' lang='lat' dir='ltr'><strong>lex,</strong></span> <span class='ocrx_word' id='word_1_234' title='bbox 691 2946 750 2998; x_wconf 91' lang='lat' dir='ltr'><strong><em>p.</em></strong></span> <span class='ocrx_word' id='word_1_235' title='bbox 790 2927 920 2998; x_wconf 83' lang='lat'>198,</span> <span class='ocrx_word' id='word_1_236' title='bbox 960 2935 1026 2984; x_wconf 84' lang='lat'><strong><em>15</em></strong></span> <span class='ocrx_word' id='word_1_237' title='bbox 1074 2930 1439 2996; x_wconf 74' lang='grc' dir='ltr'><strong><em>κωραλίσκοςε</em></strong></span> <span class='ocrx_word' id='word_1_238' title='bbox 1485 2923 1550 2981; x_wconf 85' lang='grc' dir='ltr'><strong><em>τὸ</em></strong></span> <span class='ocrx_word' id='word_1_239' title='bbox 1598 2923 1917 2998; x_wconf 84' lang='grc' dir='ltr'><strong><em>μειράκιον,</em></strong></span> <span class='ocrx_word' id='word_1_240' title='bbox 1960 2927 2203 2996; x_wconf 79' lang='grc' dir='ltr'><strong><em>Κρῆτες;</em></strong></span> <span class='ocrx_word' id='word_1_241' title='bbox 2248 2927 2599 2996; x_wconf 78' lang='grc' dir='ltr'><strong><em>Κοραλίσκος</em></strong></span> <span class='ocrx_word' id='word_1_242' title='bbox 2643 2943 2824 2984; x_wconf 81' lang='lat' dir='ltr'>omnes</span> 
     </span>
     <span class='ocr_line' id='line_1_31' title="bbox 539 3004 2504 3079; baseline -0.001 -16"><span class='ocrx_word' id='word_1_243' title='bbox 539 3009 686 3065; x_wconf 82' lang='lat' dir='ltr'><strong><em>libri.</em></strong></span> <span class='ocrx_word' id='word_1_244' title='bbox 761 3009 843 3066; x_wconf 87' lang='lat' dir='ltr'><strong><em>Cf.</em></strong></span> <span class='ocrx_word' id='word_1_245' title='bbox 883 3011 1082 3064; x_wconf 72' lang='lat' dir='ltr'><strong>Athen.</strong></span> <span class='ocrx_word' id='word_1_246' title='bbox 1121 3009 1200 3064; x_wconf 92' lang='lat' dir='ltr'><strong><em>IV</em></strong></span> <span class='ocrx_word' id='word_1_247' title='bbox 1235 3028 1292 3079; x_wconf 91' lang='lat' dir='ltr'><strong><em>p.</em></strong></span> <span class='ocrx_word' id='word_1_248' title='bbox 1333 3014 1434 3063; x_wconf 84' lang='lat'><strong><em>133</em></strong></span> <span class='ocrx_word' id='word_1_249' title='bbox 1473 3009 1533 3062; x_wconf 75' lang='lat' dir='ltr'><strong><em>et</em></strong></span> <span class='ocrx_word' id='word_1_250' title='bbox 1570 3012 1699 3074; x_wconf 85' lang='lat'>140,</span> <span class='ocrx_word' id='word_1_251' title='bbox 1737 3005 1868 3062; x_wconf 88' lang='lat' dir='ltr'><strong><em>XIV</em></strong></span> <span class='ocrx_word' id='word_1_252' title='bbox 1903 3024 1959 3075; x_wconf 91' lang='lat' dir='ltr'><strong><em>p.</em></strong></span> <span class='ocrx_word' id='word_1_253' title='bbox 1998 3011 2130 3074; x_wconf 82' lang='grc'><strong><em>650,</em></strong></span> <span class='ocrx_word' id='word_1_254' title='bbox 2168 3004 2273 3060; x_wconf 88' lang='lat' dir='ltr'><strong><em>XV</em></strong></span> <span class='ocrx_word' id='word_1_255' title='bbox 2308 3024 2364 3076; x_wconf 89' lang='lat' dir='ltr'><strong><em>p.</em></strong></span> <span class='ocrx_word' id='word_1_256' title='bbox 2403 3012 2504 3062; x_wconf 84' lang='grc'><strong><em>691</em></strong></span> 
     </span>
    </p>

    <p class='ocr_par' dir='ltr' id='par_1_8' title="bbox 461 2940 2987 4848">
     <span class='ocr_line' id='line_1_32' title="bbox 681 2940 2987 3216; baseline -0.002 -72"><span class='ocrx_word' id='word_1_257' title='bbox 681 3088 894 3146; x_wconf 84' lang='lat' dir='ltr'>CCLIV</span> <span class='ocrx_word' id='word_1_258' title='bbox 929 3089 1081 3144; x_wconf 80' lang='lat' dir='ltr'><strong><em>Eud.</em></strong></span> <span class='ocrx_word' id='word_1_259' title='bbox 1119 3105 1174 3158; x_wconf 87' lang='lat' dir='ltr'><strong><em>p.</em></strong></span> <span class='ocrx_word' id='word_1_260' title='bbox 1213 3094 1318 3143; x_wconf 81' lang='lat'><strong><em>260</em></strong></span> <span class='ocrx_word' id='word_1_261' title='bbox 1356 3091 1414 3143; x_wconf 60' lang='lat' dir='ltr'><strong><em>ek</em></strong></span> <span class='ocrx_word' id='word_1_262' title='bbox 1449 3094 1582 3157; x_wconf 78' lang='grc'><strong><em>290,</em></strong></span> <span class='ocrx_word' id='word_1_263' title='bbox 1619 3092 1726 3143; x_wconf 80' lang='grc' dir='ltr'><strong><em>οοᾱ.</em></strong></span> <span class='ocrx_word' id='word_1_264' title='bbox 1765 3092 1883 3140; x_wconf 71' lang='lat' dir='ltr'><strong><em>Par.</em></strong></span> <span class='ocrx_word' id='word_1_265' title='bbox 1922 3093 2063 3159; x_wconf 65' lang='lat'>2600</span> <span class='ocrx_word' id='word_1_266' title='bbox 2200 3091 2233 3142; x_wconf 85' lang='lat'>8</span> <span class='ocrx_word' id='word_1_267' title='bbox 2271 3079 2306 3155; x_wconf 79' lang='grc' dir='ltr'><strong><em>’ἢ</em></strong></span> <span class='ocrx_word' id='word_1_268' title='bbox 2346 3093 2481 3142; x_wconf 86' lang='grc' dir='ltr'><strong><em>Δοσ.</em></strong></span> <span class='ocrx_word' id='word_1_269' title='bbox 2518 3118 2586 3129; x_wconf 90' lang='lat'>-</span> <span class='ocrx_word' id='word_1_270' title='bbox 2627 3083 2825 3158; x_wconf 84' lang='grc' dir='ltr'><strong><em>μητρός</em></strong></span> <span class='ocrx_word' id='word_1_271' title='bbox 2970 2940 2987 3216; x_wconf 77' lang='grc' dir='ltr'>Ι</span> 
     </span>
     <span class='ocr_line' id='line_1_33' title="bbox 538 3162 2827 3238; baseline -0.001 -14"><span class='ocrx_word' id='word_1_272' title='bbox 538 3173 598 3224; x_wconf 73' lang='lat' dir='ltr'><strong><em>et</em></strong></span> <span class='ocrx_word' id='word_1_273' title='bbox 635 3162 703 3224; x_wconf 79' lang='grc' dir='ltr'><strong><em>οὗ</em></strong></span> <span class='ocrx_word' id='word_1_274' title='bbox 739 3165 903 3238; x_wconf 80' lang='grc' dir='ltr'><strong><em>λόγος</em></strong></span> <span class='ocrx_word' id='word_1_275' title='bbox 933 3197 999 3209; x_wconf 94' lang='lat'><strong><em>—-</em></strong></span> <span class='ocrx_word' id='word_1_276' title='bbox 1032 3164 1403 3224; x_wconf 81' lang='grc' dir='ltr'><strong><em>κατάστικτον</em></strong></span> <span class='ocrx_word' id='word_1_277' title='bbox 1440 3185 1551 3224; x_wconf 88' lang='lat' dir='ltr'><strong><em>om.</em></strong></span> <span class='ocrx_word' id='word_1_278' title='bbox 1579 3168 1731 3223; x_wconf 69' lang='lat' dir='ltr'><strong><em>Eud.</em></strong></span> <span class='ocrx_word' id='word_1_279' title='bbox 1880 3167 2146 3220; x_wconf 84' lang='grc' dir='ltr'><strong><em>Φαιστίου</em></strong></span> <span class='ocrx_word' id='word_1_280' title='bbox 2185 3181 2216 3219; x_wconf 85' lang='lat' dir='ltr'><strong>e</strong></span> <span class='ocrx_word' id='word_1_281' title='bbox 2252 3164 2417 3236; x_wconf 80' lang='lat' dir='ltr'><strong>Diog.</strong></span> <span class='ocrx_word' id='word_1_282' title='bbox 2448 3167 2489 3235; x_wconf 87' lang='lat' dir='ltr'><strong><em>I,</em></strong></span> <span class='ocrx_word' id='word_1_283' title='bbox 2526 3172 2628 3221; x_wconf 87' lang='grc'><strong><em>109</em></strong></span> <span class='ocrx_word' id='word_1_284' title='bbox 2657 3167 2827 3221; x_wconf 73' lang='lat' dir='ltr'><strong><em>Bern-</em></strong></span> 
     </span>
     <span class='ocr_line' id='line_1_34' title="bbox 536 3239 2825 3318; baseline -0 -16"><span class='ocrx_word' id='word_1_285' title='bbox 536 3249 718 3317; x_wconf 80' lang='lat' dir='ltr'><strong><em>hardy</em></strong></span> <span class='ocrx_word' id='word_1_286' title='bbox 756 3244 1058 3303; x_wconf 81' lang='grc' dir='ltr'><strong><em>Δωσιάδου</em></strong></span> <span class='ocrx_word' id='word_1_287' title='bbox 1094 3249 1365 3318; x_wconf 74' lang='lat' dir='ltr'><strong><em>Dioyenes</em></strong></span> <span class='ocrx_word' id='word_1_288' title='bbox 1403 3244 1689 3317; x_wconf 78' lang='grc' dir='ltr'><strong><em>Δοσιάδης</em></strong></span> <span class='ocrx_word' id='word_1_289' title='bbox 1730 3251 1825 3300; x_wconf 76' lang='grc' dir='ltr'><strong><em>ΒΕ</em></strong></span> <span class='ocrx_word' id='word_1_290' title='bbox 1875 3241 2157 3307; x_wconf 80' lang='grc' dir='ltr'><strong><em>Δοσιάδος</em></strong></span> <span class='ocrx_word' id='word_1_291' title='bbox 2193 3249 2249 3297; x_wconf 70' lang='lat'>1</span> <span class='ocrx_word' id='word_1_292' title='bbox 2286 3239 2622 3316; x_wconf 76' lang='grc' dir='ltr'><strong><em>Ἀγησάρχου</em></strong></span> <span class='ocrx_word' id='word_1_293' title='bbox 2658 3247 2825 3301; x_wconf 73' lang='lat' dir='ltr'><strong><em>Bern-</em></strong></span> 
     </span>
     <span class='ocr_line' id='line_1_35' title="bbox 535 3324 2827 3398; baseline 0 -16"><span class='ocrx_word' id='word_1_294' title='bbox 535 3328 717 3397; x_wconf 79' lang='lat' dir='ltr'><strong><em>hardy</em></strong></span> <span class='ocrx_word' id='word_1_295' title='bbox 749 3324 1106 3398; x_wconf 76' lang='grc' dir='ltr'><strong><em>Ἀγησιάρχου</em></strong></span> <span class='ocrx_word' id='word_1_296' title='bbox 1142 3328 1308 3398; x_wconf 76' lang='grc' dir='ltr'><strong><em>1)ίο9.</em></strong></span> <span class='ocrx_word' id='word_1_297' title='bbox 1342 3324 1705 3397; x_wconf 82' lang='grc' dir='ltr'><strong><em>Ἀγιασάρχου</em></strong></span> <span class='ocrx_word' id='word_1_298' title='bbox 1741 3327 1887 3396; x_wconf 73' lang='lat' dir='ltr'><strong><em>vulq.</em></strong></span> <span class='ocrx_word' id='word_1_299' title='bbox 2044 3331 2075 3380; x_wconf 95' lang='grc'><strong><em>9</em></strong></span> <span class='ocrx_word' id='word_1_300' title='bbox 2114 3327 2386 3394; x_wconf 83' lang='grc' dir='ltr'><strong><em>Βλαίστης</em></strong></span> <span class='ocrx_word' id='word_1_301' title='bbox 2421 3325 2573 3382; x_wconf 75' lang='lat' dir='ltr'><strong><em>Eud.</em></strong></span> <span class='ocrx_word' id='word_1_302' title='bbox 2624 3324 2827 3394; x_wconf 85' lang='grc' dir='ltr'><strong><em>Βάλτης</em></strong></span> 
     </span>
     <span class='ocr_line' id='line_1_36' title="bbox 539 3405 2821 3477; baseline -0 -16"><span class='ocrx_word' id='word_1_303' title='bbox 539 3407 692 3463; x_wconf 71' lang='lat' dir='ltr'><strong><em>mut.</em></strong></span> <span class='ocrx_word' id='word_1_304' title='bbox 742 3407 854 3464; x_wconf 86' lang='lat' dir='ltr'><strong>Sol.</strong></span> <span class='ocrx_word' id='word_1_305' title='bbox 896 3414 961 3462; x_wconf 82' lang='lat'><strong><em>12</em></strong></span> <span class='ocrx_word' id='word_1_306' title='bbox 1012 3405 1259 3470; x_wconf 81' lang='grc' dir='ltr'><strong><em>Βλάστας</em></strong></span> <span class='ocrx_word' id='word_1_307' title='bbox 1293 3410 1437 3477; x_wconf 73' lang='lat' dir='ltr'><strong><em>vuly.</em></strong></span> <span class='ocrx_word' id='word_1_308' title='bbox 1589 3413 1657 3462; x_wconf 92' lang='grc'><strong><em>10</em></strong></span> <span class='ocrx_word' id='word_1_309' title='bbox 1702 3409 1842 3462; x_wconf 81' lang='lat' dir='ltr'>haec</span> <span class='ocrx_word' id='word_1_310' title='bbox 1886 3423 1927 3460; x_wconf 71' lang='grc' dir='ltr'><strong><em>ιι·</em></strong></span> <span class='ocrx_word' id='word_1_311' title='bbox 1968 3405 2179 3463; x_wconf 65' lang='lat' dir='ltr'><strong><em>lectore</em></strong></span> <span class='ocrx_word' id='word_1_312' title='bbox 2230 3405 2428 3460; x_wconf 72' lang='lat' dir='ltr'>addita</span> <span class='ocrx_word' id='word_1_313' title='bbox 2480 3405 2649 3462; x_wconf 81' lang='lat' dir='ltr'>docui</span> <span class='ocrx_word' id='word_1_314' title='bbox 2692 3409 2821 3469; x_wconf 80' lang='lat' dir='ltr'><strong>Mus,</strong></span> 
     </span>
     <span class='ocr_line' id='line_1_37' title="bbox 535 3483 2823 3557; baseline -0 -17"><span class='ocrx_word' id='word_1_315' title='bbox 535 3487 714 3542; x_wconf 81' lang='lat' dir='ltr'><strong>Rhen.</strong></span> <span class='ocrx_word' id='word_1_316' title='bbox 751 3483 958 3543; x_wconf 84' lang='lat' dir='ltr'>XXXV</span> <span class='ocrx_word' id='word_1_317' title='bbox 993 3504 1047 3557; x_wconf 89' lang='lat' dir='ltr'><strong><em>p.</em></strong></span> <span class='ocrx_word' id='word_1_318' title='bbox 1087 3494 1218 3557; x_wconf 91' lang='grc'><strong><em>210,</em></strong></span> <span class='ocrx_word' id='word_1_319' title='bbox 1263 3488 1438 3542; x_wconf 71' lang='lat' dir='ltr'><strong>habet</strong></span> <span class='ocrx_word' id='word_1_320' title='bbox 1484 3488 1659 3542; x_wconf 73' lang='lat' dir='ltr'>etiam</span> <span class='ocrx_word' id='word_1_321' title='bbox 1695 3486 2184 3556; x_wconf 76' lang='lat' dir='ltr'><strong>Pseudo-Hesych.</strong></span> <span class='ocrx_word' id='word_1_322' title='bbox 2224 3502 2269 3540; x_wconf 85' lang='lat' dir='ltr'><strong><em>c.</em></strong></span> <span class='ocrx_word' id='word_1_323' title='bbox 2308 3491 2379 3541; x_wconf 81' lang='grc'><strong><em>25</em></strong></span> <span class='ocrx_word' id='word_1_324' title='bbox 2537 3494 2599 3541; x_wconf 90' lang='grc'><strong><em>11</em></strong></span> <span class='ocrx_word' id='word_1_325' title='bbox 2644 3483 2823 3556; x_wconf 77' lang='grc' dir='ltr'><strong><em>πόρρω</em></strong></span> 
     </span>
     <span class='ocr_line' id='line_1_38' title="bbox 537 3559 2825 3666; baseline -0.001 -45"><span class='ocrx_word' id='word_1_326' title='bbox 537 3563 760 3638; x_wconf 76' lang='grc' dir='ltr'><strong><em>χρόνων</em></strong></span> <span class='ocrx_word' id='word_1_327' title='bbox 799 3585 905 3625; x_wconf 87' lang='lat' dir='ltr'><strong><em>om.</em></strong></span> <span class='ocrx_word' id='word_1_328' title='bbox 944 3573 989 3622; x_wconf 83' lang='lat' dir='ltr'><strong>V</strong></span> <span class='ocrx_word' id='word_1_329' title='bbox 1029 3569 1550 3666; x_wconf 54' lang='lat' dir='ltr'><em>Pseudo-Hesych„</em></span> <span class='ocrx_word' id='word_1_330' title='bbox 1590 3565 1821 3622; x_wconf 73' lang='lat' dir='ltr'><strong>seclusit</strong></span> <span class='ocrx_word' id='word_1_331' title='bbox 1866 3566 2141 3622; x_wconf 72' lang='lat' dir='ltr'><strong><em>Westerm.</em></strong></span> <span class='ocrx_word' id='word_1_332' title='bbox 2309 3571 2372 3620; x_wconf 91' lang='grc'><strong><em>12</em></strong></span> <span class='ocrx_word' id='word_1_333' title='bbox 2413 3565 2608 3636; x_wconf 85' lang='grc' dir='ltr'><strong><em>γέγονε</em></strong></span> <span class='ocrx_word' id='word_1_334' title='bbox 2651 3599 2716 3660; x_wconf 51' lang='grc'><strong><em>-.</em></strong></span> <span class='ocrx_word' id='word_1_335' title='bbox 2752 3559 2825 3621; x_wconf 74' lang='grc' dir='ltr'><strong><em>ὢν</em></strong></span> 
     </span>
     <span class='ocr_line' id='line_1_39' title="bbox 537 3643 2823 3717; baseline -0 -15"><span class='ocrx_word' id='word_1_336' title='bbox 537 3664 646 3704; x_wconf 89' lang='lat' dir='ltr'><strong><em>om.</em></strong></span> <span class='ocrx_word' id='word_1_337' title='bbox 678 3648 828 3704; x_wconf 82' lang='lat' dir='ltr'><strong><em>Eud.</em></strong></span> <span class='ocrx_word' id='word_1_338' title='bbox 969 3653 1038 3703; x_wconf 90' lang='lat'><strong><em>14</em></strong></span> <span class='ocrx_word' id='word_1_339' title='bbox 1074 3643 1249 3717; x_wconf 73' lang='grc' dir='ltr'><strong><em>αὐτῆς</em></strong></span> <span class='ocrx_word' id='word_1_340' title='bbox 1276 3654 1321 3701; x_wconf 89' lang='lat' dir='ltr'>A</span> <span class='ocrx_word' id='word_1_341' title='bbox 1358 3667 1524 3710; x_wconf 81' lang='grc' dir='ltr'><strong><em>ουτος</em></strong></span> <span class='ocrx_word' id='word_1_342' title='bbox 1552 3678 1623 3688; x_wconf 90' lang='lat'><em>-</em></span> <span class='ocrx_word' id='word_1_343' title='bbox 1652 3643 2048 3716; x_wconf 73' lang='grc' dir='ltr'><strong><em>ἐκαθεῦδησεν</em></strong></span> <span class='ocrx_word' id='word_1_344' title='bbox 2085 3647 2197 3701; x_wconf 83' lang='lat' dir='ltr'><strong><em>huc</em></strong></span> <span class='ocrx_word' id='word_1_345' title='bbox 2223 3645 2570 3717; x_wconf 74' lang='lat' dir='ltr'><strong><em>trafispoeui,</em></strong></span> <span class='ocrx_word' id='word_1_346' title='bbox 2610 3665 2736 3703; x_wconf 84' lang='lat' dir='ltr'><strong><em>cum</em></strong></span> <span class='ocrx_word' id='word_1_347' title='bbox 2770 3647 2823 3701; x_wconf 89' lang='lat' dir='ltr'><strong><em>in</em></strong></span> 
     </span>
     <span class='ocr_line' id='line_1_40' title="bbox 537 3722 2825 3800; baseline -0 -18"><span class='ocrx_word' id='word_1_348' title='bbox 537 3728 699 3784; x_wconf 83' lang='lat' dir='ltr'>libris</span> <span class='ocrx_word' id='word_1_349' title='bbox 737 3729 885 3785; x_wconf 77' lang='lat' dir='ltr'><strong>infra,</strong></span> <span class='ocrx_word' id='word_1_350' title='bbox 910 3731 1043 3800; x_wconf 73' lang='lat' dir='ltr'><strong>post</strong></span> <span class='ocrx_word' id='word_1_351' title='bbox 1069 3726 1356 3800; x_wconf 78' lang='grc' dir='ltr'><strong><em>κάθαρσιν</em></strong></span> <span class='ocrx_word' id='word_1_352' title='bbox 1385 3730 1632 3795; x_wconf 57' lang='lat' dir='ltr'><strong>exstem</strong></span> <span class='ocrx_word' id='word_1_353' title='bbox 1672 3730 1920 3782; x_wconf 78' lang='lat' dir='ltr'><strong><em>ceterum</em></strong></span> <span class='ocrx_word' id='word_1_354' title='bbox 1952 3731 1987 3780; x_wconf 81' lang='grc' dir='ltr'><strong><em>ς</em></strong></span> <span class='ocrx_word' id='word_1_355' title='bbox 2016 3732 2063 3778; x_wconf 98' lang='lat' dir='ltr'>A</span> <span class='ocrx_word' id='word_1_356' title='bbox 2102 3724 2161 3792; x_wconf 74' lang='grc' dir='ltr'><strong><em>ἕξ</em></strong></span> <span class='ocrx_word' id='word_1_357' title='bbox 2196 3727 2341 3797; x_wconf 64' lang='grc' dir='ltr'><strong><em>ναῖς.</em></strong></span> <span class='ocrx_word' id='word_1_358' title='bbox 2380 3722 2435 3793; x_wconf 77' lang='grc' dir='ltr'><strong><em>ξ’</em></strong></span> <span class='ocrx_word' id='word_1_359' title='bbox 2476 3745 2601 3782; x_wconf 86' lang='lat' dir='ltr'><strong><em>cum</em></strong></span> <span class='ocrx_word' id='word_1_360' title='bbox 2640 3727 2825 3795; x_wconf 74' lang='lat' dir='ltr'><em>Wolfio</em></span> 
     </span>
     <span class='ocr_line' id='line_1_41' title="bbox 533 3803 2824 3880; baseline -0.002 -16"><span class='ocrx_word' id='word_1_361' title='bbox 533 3812 592 3864; x_wconf 72' lang='lat' dir='ltr'><strong><em>et</em></strong></span> <span class='ocrx_word' id='word_1_362' title='bbox 631 3811 898 3880; x_wconf 73' lang='lat' dir='ltr'><em>Menayio</em></span> <span class='ocrx_word' id='word_1_363' title='bbox 935 3810 1210 3866; x_wconf 73' lang='lat' dir='ltr'><strong><em>Kusterus</em></strong></span> <span class='ocrx_word' id='word_1_364' title='bbox 1357 3815 1421 3864; x_wconf 84' lang='lat'><strong><em>16</em></strong></span> <span class='ocrx_word' id='word_1_365' title='bbox 1460 3803 1557 3880; x_wconf 86' lang='grc' dir='ltr'><strong><em>μς’</em></strong></span> <span class='ocrx_word' id='word_1_366' title='bbox 1599 3823 1667 3862; x_wconf 81' lang='lat' dir='ltr'><strong><em>ex</em></strong></span> <span class='ocrx_word' id='word_1_367' title='bbox 1703 3808 1869 3878; x_wconf 83' lang='lat' dir='ltr'><strong>Diog.</strong></span> <span class='ocrx_word' id='word_1_368' title='bbox 1900 3807 1949 3872; x_wconf 86' lang='lat'><strong><em>1,</em></strong></span> <span class='ocrx_word' id='word_1_369' title='bbox 1990 3811 2092 3861; x_wconf 89' lang='grc'><strong><em>110</em></strong></span> <span class='ocrx_word' id='word_1_370' title='bbox 2130 3822 2267 3862; x_wconf 80' lang='lat' dir='ltr'><strong><em>corr.</em></strong></span> <span class='ocrx_word' id='word_1_371' title='bbox 2295 3805 2647 3878; x_wconf 70' lang='lat' dir='ltr'><strong><em>Bernhardy,</em></strong></span> <span class='ocrx_word' id='word_1_372' title='bbox 2686 3805 2824 3878; x_wconf 88' lang='lat' dir='ltr'><strong>quod</strong></span> 
     </span>
     <span class='ocr_line' id='line_1_42' title="bbox 531 3881 2820 3961; baseline -0.002 -17"><span class='ocrx_word' id='word_1_373' title='bbox 531 3889 796 3961; x_wconf 73' lang='lat' dir='ltr'><strong><em>probavit</em></strong></span> <span class='ocrx_word' id='word_1_374' title='bbox 838 3889 1056 3957; x_wconf 63' lang='lat' dir='ltr'><em>Rome,</em></span> <span class='ocrx_word' id='word_1_375' title='bbox 1108 3887 1250 3944; x_wconf 78' lang='lat' dir='ltr'>Mus,</span> <span class='ocrx_word' id='word_1_376' title='bbox 1297 3889 1475 3944; x_wconf 83' lang='lat' dir='ltr'><strong>Rhen.</strong></span> <span class='ocrx_word' id='word_1_377' title='bbox 1524 3887 1759 3943; x_wconf 88' lang='lat' dir='ltr'>XXXIII</span> <span class='ocrx_word' id='word_1_378' title='bbox 1812 3905 1867 3955; x_wconf 87' lang='lat' dir='ltr'><strong><em>p.</em></strong></span> <span class='ocrx_word' id='word_1_379' title='bbox 1915 3891 2045 3953; x_wconf 89' lang='grc'><strong><em>208,</em></strong></span> <span class='ocrx_word' id='word_1_380' title='bbox 2110 3882 2207 3954; x_wconf 84' lang='grc' dir='ltr'><strong><em>μδ’</em></strong></span> <span class='ocrx_word' id='word_1_381' title='bbox 2258 3885 2391 3940; x_wconf 87' lang='lat' dir='ltr'>libri</span> <span class='ocrx_word' id='word_1_382' title='bbox 2450 3884 2532 3956; x_wconf 83' lang='grc' dir='ltr'><strong><em>με’</em></strong></span> <span class='ocrx_word' id='word_1_383' title='bbox 2592 3887 2684 3944; x_wconf 83' lang='lat' dir='ltr'><strong><em>vel</em></strong></span> <span class='ocrx_word' id='word_1_384' title='bbox 2736 3881 2820 3957; x_wconf 52' lang='grc' dir='ltr'><strong><em>μζ</em></strong></span> 
     </span>
     <span class='ocr_line' id='line_1_43' title="bbox 531 3961 2818 4042; baseline -0.003 -16"><span class='ocrx_word' id='word_1_385' title='bbox 531 3972 788 4042; x_wconf 75' lang='lat' dir='ltr'><strong><em>Bentley,</em></strong></span> <span class='ocrx_word' id='word_1_386' title='bbox 827 3969 987 4026; x_wconf 80' lang='lat' dir='ltr'><strong>Phal.</strong></span> <span class='ocrx_word' id='word_1_387' title='bbox 1024 3987 1080 4039; x_wconf 91' lang='grc' dir='ltr'><strong><em>Ρ.</em></strong></span> <span class='ocrx_word' id='word_1_388' title='bbox 1115 3975 1184 4030; x_wconf 78' lang='lat'><strong><em>58</em></strong></span> <span class='ocrx_word' id='word_1_389' title='bbox 1330 3973 1395 4023; x_wconf 91' lang='grc'><strong><em>17</em></strong></span> <span class='ocrx_word' id='word_1_390' title='bbox 1437 3963 1644 4031; x_wconf 74' lang='grc' dir='ltr'><strong><em>ἔπικῶς</em></strong></span> <span class='ocrx_word' id='word_1_391' title='bbox 1682 3965 1983 4038; x_wconf 83' lang='grc' dir='ltr'><strong><em>μυστήρια,</em></strong></span> <span class='ocrx_word' id='word_1_392' title='bbox 2031 3965 2127 4020; x_wconf 77' lang='grc' dir='ltr'><strong><em>καὶ</em></strong></span> <span class='ocrx_word' id='word_1_393' title='bbox 2164 3961 2398 4034; x_wconf 73' lang='grc' dir='ltr'><strong><em>καθαρὰ</em></strong></span> <span class='ocrx_word' id='word_1_394' title='bbox 2446 3965 2510 4021; x_wconf 68' lang='grc' dir='ltr'><strong><em>δὲ</em></strong></span> <span class='ocrx_word' id='word_1_395' title='bbox 2551 3966 2649 4022; x_wconf 81' lang='grc' dir='ltr'><strong><em>καὶ</em></strong></span> <span class='ocrx_word' id='word_1_396' title='bbox 2686 3963 2818 4022; x_wconf 78' lang='grc' dir='ltr'><strong><em>ἄλλα</em></strong></span> 
     </span>
     <span class='ocr_line' id='line_1_44' title="bbox 461 4043 2717 4121; baseline -0.002 -15"><span class='ocrx_word' id='word_1_397' title='bbox 461 4085 468 4092; x_wconf 89' lang='grc'>-</span> <span class='ocrx_word' id='word_1_398' title='bbox 533 4045 921 4120; x_wconf 77' lang='grc' dir='ltr'><strong><em>αἰνιγματώδη</em></strong></span> <span class='ocrx_word' id='word_1_399' title='bbox 958 4050 1102 4121; x_wconf 74' lang='lat' dir='ltr'><strong><em>vuly.</em></strong></span> <span class='ocrx_word' id='word_1_400' title='bbox 1133 4053 1227 4101; x_wconf 75' lang='lat' dir='ltr'><strong><em>BE</em></strong></span> <span class='ocrx_word' id='word_1_401' title='bbox 1269 4043 1445 4103; x_wconf 76' lang='grc' dir='ltr'><strong><em>πολλὰ</em></strong></span> <span class='ocrx_word' id='word_1_402' title='bbox 1475 4081 1541 4090; x_wconf 92' lang='grc'>-</span> <span class='ocrx_word' id='word_1_403' title='bbox 1570 4069 1693 4104; x_wconf 79' lang='grc' dir='ltr'><strong><em>κατ.</em></strong></span> <span class='ocrx_word' id='word_1_404' title='bbox 1725 4065 1832 4104; x_wconf 90' lang='lat' dir='ltr'><strong><em>om.</em></strong></span> <span class='ocrx_word' id='word_1_405' title='bbox 1863 4051 1910 4098; x_wconf 82' lang='lat' dir='ltr'><strong>V</strong></span> <span class='ocrx_word' id='word_1_406' title='bbox 1946 4062 2014 4100; x_wconf 82' lang='lat' dir='ltr'><strong><em>ex</em></strong></span> <span class='ocrx_word' id='word_1_407' title='bbox 2040 4051 2085 4098; x_wconf 84' lang='lat' dir='ltr'>A</span> <span class='ocrx_word' id='word_1_408' title='bbox 2124 4044 2409 4116; x_wconf 71' lang='lat' dir='ltr'><strong>supplevit</strong></span> <span class='ocrx_word' id='word_1_409' title='bbox 2442 4045 2717 4102; x_wconf 68' lang='lat' dir='ltr'><strong><em>Kasterus</em></strong></span> 
     </span>
     <span class='ocr_line' id='line_1_45' title="bbox 532 4126 2820 4199; baseline -0.003 -13"><span class='ocrx_word' id='word_1_410' title='bbox 532 4126 928 4199; x_wconf 85' lang='grc' dir='ltr'><strong><em>καταλογάδην</em></strong></span> <span class='ocrx_word' id='word_1_411' title='bbox 958 4147 1064 4185; x_wconf 90' lang='lat' dir='ltr'><strong><em>om.</em></strong></span> <span class='ocrx_word' id='word_1_412' title='bbox 1085 4130 1235 4185; x_wconf 77' lang='lat' dir='ltr'><strong><em>Eud.</em></strong></span> <span class='ocrx_word' id='word_1_413' title='bbox 1272 4127 1597 4199; x_wconf 78' lang='grc' dir='ltr'><strong><em>καθαρτικά</em></strong></span> <span class='ocrx_word' id='word_1_414' title='bbox 1616 4129 1789 4198; x_wconf 68' lang='lat' dir='ltr'><strong><em>Eud„</em></strong></span> <span class='ocrx_word' id='word_1_415' title='bbox 1818 4129 2066 4184; x_wconf 76' lang='lat' dir='ltr'><strong><em>ceterum</em></strong></span> <span class='ocrx_word' id='word_1_416' title='bbox 2096 4129 2395 4198; x_wconf 75' lang='grc' dir='ltr'><strong><em>καθαρμοί</em></strong></span> <span class='ocrx_word' id='word_1_417' title='bbox 2416 4143 2643 4182; x_wconf 81' lang='lat' dir='ltr'><strong><em>carmen</em></strong></span> <span class='ocrx_word' id='word_1_418' title='bbox 2662 4126 2820 4182; x_wconf 78' lang='lat' dir='ltr'>fuisse</span> 
     </span>
     <span class='ocr_line' id='line_1_46' title="bbox 532 4203 2821 4276; baseline -0.002 -11"><span class='ocrx_word' id='word_1_419' title='bbox 532 4211 699 4265; x_wconf 77' lang='lat' dir='ltr'>docet</span> <span class='ocrx_word' id='word_1_420' title='bbox 737 4210 938 4266; x_wconf 63' lang='lat' dir='ltr'><strong><em>Sssrabo</em></strong></span> <span class='ocrx_word' id='word_1_421' title='bbox 965 4210 1015 4264; x_wconf 89' lang='lat' dir='ltr'>X</span> <span class='ocrx_word' id='word_1_422' title='bbox 1045 4225 1098 4276; x_wconf 91' lang='lat' dir='ltr'><strong><em>p.</em></strong></span> <span class='ocrx_word' id='word_1_423' title='bbox 1128 4215 1259 4264; x_wconf 74' lang='lat'>479:</span> <span class='ocrx_word' id='word_1_424' title='bbox 1299 4207 1368 4264; x_wconf 79' lang='lat' dir='ltr'><strong><em>ef.</em></strong></span> <span class='ocrx_word' id='word_1_425' title='bbox 1405 4207 1607 4275; x_wconf 84' lang='lat' dir='ltr'>Hiller,</span> <span class='ocrx_word' id='word_1_426' title='bbox 1643 4208 1785 4264; x_wconf 68' lang='lat' dir='ltr'><strong><em>Mna.</em></strong></span> <span class='ocrx_word' id='word_1_427' title='bbox 1813 4207 1992 4263; x_wconf 86' lang='lat' dir='ltr'><strong>Rhen.</strong></span> <span class='ocrx_word' id='word_1_428' title='bbox 2020 4205 2253 4260; x_wconf 84' lang='lat' dir='ltr'>XXXIII</span> <span class='ocrx_word' id='word_1_429' title='bbox 2280 4225 2333 4276; x_wconf 90' lang='lat' dir='ltr'><strong><em>p.</em></strong></span> <span class='ocrx_word' id='word_1_430' title='bbox 2364 4212 2469 4261; x_wconf 84' lang='grc'><strong><em>572</em></strong></span> <span class='ocrx_word' id='word_1_431' title='bbox 2588 4213 2655 4262; x_wconf 91' lang='grc'><strong><em>18</em></strong></span> <span class='ocrx_word' id='word_1_432' title='bbox 2690 4203 2821 4275; x_wconf 78' lang='grc' dir='ltr'><strong><em>πρὸς</em></strong></span> 
     </span>
     <span class='ocr_line' id='line_1_47' title="bbox 531 4283 2821 4358; baseline -0.001 -16"><span class='ocrx_word' id='word_1_433' title='bbox 531 4289 734 4343; x_wconf 79' lang='grc' dir='ltr'><strong><em>τοῦτον</em></strong></span> <span class='ocrx_word' id='word_1_434' title='bbox 761 4319 829 4330; x_wconf 89' lang='grc'><strong><em>--</em></strong></span> <span class='ocrx_word' id='word_1_435' title='bbox 859 4288 990 4344; x_wconf 69' lang='lat' dir='ltr'><strong>exit.</strong></span> <span class='ocrx_word' id='word_1_436' title='bbox 1029 4288 1102 4342; x_wconf 77' lang='lat' dir='ltr'><strong><em>ab</em></strong></span> <span class='ocrx_word' id='word_1_437' title='bbox 1139 4287 1406 4358; x_wconf 81' lang='lat' dir='ltr'><strong>Hesychii</strong></span> <span class='ocrx_word' id='word_1_438' title='bbox 1441 4288 1670 4358; x_wconf 83' lang='lat' dir='ltr'>ingenio</span> <span class='ocrx_word' id='word_1_439' title='bbox 1708 4289 1895 4344; x_wconf 80' lang='lat' dir='ltr'>aliena</span> <span class='ocrx_word' id='word_1_440' title='bbox 1930 4290 2061 4343; x_wconf 71' lang='lat' dir='ltr'><strong>sunt</strong></span> <span class='ocrx_word' id='word_1_441' title='bbox 2096 4286 2187 4356; x_wconf 81' lang='lat' dir='ltr'><strong>(cf.</strong></span> <span class='ocrx_word' id='word_1_442' title='bbox 2218 4286 2380 4357; x_wconf 81' lang='lat' dir='ltr'><strong>Diog.</strong></span> <span class='ocrx_word' id='word_1_443' title='bbox 2411 4287 2462 4356; x_wconf 85' lang='grc' dir='ltr'><strong><em>Ι,</em></strong></span> <span class='ocrx_word' id='word_1_444' title='bbox 2493 4289 2649 4356; x_wconf 64' lang='grc'><strong><em>112),</em></strong></span> <span class='ocrx_word' id='word_1_445' title='bbox 2691 4283 2821 4357; x_wconf 85' lang='grc' dir='ltr'><strong><em>πρὸς</em></strong></span> 
     </span>
     <span class='ocr_line' id='line_1_48' title="bbox 531 4363 2985 4848; baseline 0.002 -430"><span class='ocrx_word' id='word_1_446' title='bbox 531 4367 734 4420; x_wconf 79' lang='grc' dir='ltr'><strong><em>τοῦτον</em></strong></span> <span class='ocrx_word' id='word_1_447' title='bbox 772 4397 837 4406; x_wconf 94' lang='grc'>-</span> <span class='ocrx_word' id='word_1_448' title='bbox 878 4363 1164 4435; x_wconf 70' lang='grc' dir='ltr'><strong><em>κάθαρσιν</em></strong></span> <span class='ocrx_word' id='word_1_449' title='bbox 1199 4383 1310 4422; x_wconf 88' lang='lat' dir='ltr'><strong><em>om.</em></strong></span> <span class='ocrx_word' id='word_1_450' title='bbox 1348 4373 1565 4421; x_wconf 71' lang='lat' dir='ltr'><strong><em>ann</em></strong></span> <span class='ocrx_word' id='word_1_451' title='bbox 1598 4373 1718 4422; x_wconf 79' lang='lat' dir='ltr'><strong><em>Ald.</em></strong></span> <span class='ocrx_word' id='word_1_452' title='bbox 1783 4367 1915 4422; x_wconf 81' lang='lat' dir='ltr'>Alia</span> <span class='ocrx_word' id='word_1_453' title='bbox 1952 4365 2192 4435; x_wconf 85' lang='lat' dir='ltr'><strong>denique</strong></span> <span class='ocrx_word' id='word_1_454' title='bbox 2229 4366 2441 4436; x_wconf 72' lang='lat' dir='ltr'><strong><em>scripta</em></strong></span> <span class='ocrx_word' id='word_1_455' title='bbox 2474 4383 2541 4422; x_wconf 81' lang='lat' dir='ltr'><strong><em>ex</em></strong></span> <span class='ocrx_word' id='word_1_456' title='bbox 2577 4365 2822 4438; x_wconf 75' lang='lat' dir='ltr'>Diogene</span> <span class='ocrx_word' id='word_1_457' title='bbox 2964 4420 2985 4848; x_wconf 59' lang='grc'>1</span> 
     </span>
    </p>
   </div>
   <div class='ocr_carea' id='block_1_5' title="bbox 1367 4619 1406 4658">
    <p class='ocr_par' dir='ltr' id='par_1_9' title="bbox 1367 4619 1406 4658">
     <span class='ocr_line' id='line_1_49' title="bbox 1367 4619 1406 4658; baseline 0 -2"><span class='ocrx_word' id='word_1_458' title='bbox 1367 4619 1406 4658; x_wconf 62' lang='lat' dir='ltr'>O</span> 
     </span>
    </p>
   </div>
  </div>
 </body>
</html>
