3025 4892
1129 176 1559 234 HESYCHIUS.
1700 174 1709 182 '
2406 182 2492 247 85

170 337 420 417 ἔχοντα
489 337 1056 423 προβαλλομένων
1114 336 1531 424 ζητημάτων,
1592 336 1789 406 α”τινα
1846 339 2105 427 Λέσχας
2159 339 2490 428 ἐκάλεσεν,

50 452 65 473 '
167 442 264 518 εἰς
299 436 586 527 Ῥώμην
631 440 706 510 δὲ
751 449 1032 529 κομίσας
1073 444 1188 511 καὶ
1232 448 1356 514 τοῦ
1381 441 1667 533 Ἀπερος
1710 448 2115 533 καταφανεὶς
2148 450 2491 536 κατέμεινε

166 552 583 634 σχολαρχῶν
641 549 716 616 ἐν
776 547 944 638 αὐτῇ
993 551 1098 618 ἐπὶ
1145 554 1496 619 Κλαυδίου
1540 550 1653 619 καὶ
1700 552 2038 640 Νέρωνος.
2122 559 2367 642 ἔγραψε
2414 555 2489 624 δὲ

163 653 278 721 καὶ
317 654 672 742 ποιήματα
719 654 910 725 ἐπικὰ
955 657 1188 727 πολλά.

383 763 762 831 CCCXXII.
827 762 1332 852 Ἡράκλειτος
1378 764 1743 845 Βλύσωνος
1787 763 1830 853 ἢ
1875 764 2251 856 Βάκτωρος,
2300 772 2371 837 ol
2412 768 2487 837 δὲ
2514 792 2539 833 5

154 864 574 953 Ὡρακίνου,
624 866 958 955 Ἐφέσιος,
1017 869 1396 957 φιλόσοφος
1450 872 1765 957 φυσικός,
1825 868 1903 951 ὃς
1954 874 2287 962 ἐπεκλήθη
2336 896 2487 945 σκο-

160 974 418 1054 τεινός.
497 967 695 1056 οὗτος
738 975 1198 1064 ἐμαθήτευσεν
1244 973 1476 1045 οὐδενὶ
1513 1004 1651 1046 των
1688 978 2114 1066 φιλοσόφων,
2160 980 2363 1077 φύσει
2411 982 2485 1053 δὲ
2558 1054 2575 1059 ,

159 1082 276 1149 καὶ
339 1084 692 1173 ἐπιμελεία
735 1082 1023 1176 ἠσκήθη.
1099 1075 1296 1163 οὗτος
1339 1080 1775 1171 ὑδρωπιάσας
1821 1083 1945 1154 οὐκ
1991 1087 2302 1157 ἐνεδίδου
2346 1104 2487 1171 τοῖς

164 1192 440 1275 ἰατροῖς
491 1182 660 1279 ᾗπερ
708 1192 1068 1277 ἐβούλοντο
1123 1191 1529 1279 θεραπεύειν
1586 1188 1825 1279 αὐτόν,
1880 1189 2028 1261 ἀλλ’
2080 1191 2277 1275 αὐτὸς
2330 1201 2486 1283 βολ-

162 1301 334 1387 βίτῳ
399 1302 638 1385 χρίσας
691 1296 856 1366 ὅλον
911 1295 1154 1385 ἑαυτὸν
1207 1305 1388 1367 εἴασε
1445 1300 1866 1386 ξηρανθῆναι
1922 1302 2124 1369 τοῦτο
2182 1297 2313 1370 ὑπὸ
2359 1307 2483 1371 τοῦ
2514 1326 2561 1365 ιο

159 1401 405 1491 ἡλίου,
471 1405 586 1472 καὶ
637 1411 950 1492 κείμενον
1015 1402 1226 1473 αὐτὸν
1283 1404 1483 1485 κύνες
1536 1408 2041 1493 προσελθοῦσαι
2098 1408 2483 1479 διέσπασαν.

159 1514 230 1577 οἶ
295 1509 379 1578 δὲ
447 1508 646 1602 ,ἄμμῳ
712 1512 1063 1600 χωσθέντα
1127 1511 1338 1598 φασὶν
1402 1510 1797 1582 ἀποθανεῖν.
1896 1513 2074 1593 τινὲς
2136 1515 2210 1584 δὲ
2272 1514 2481 1587 αὐτὸν

165 1622 444 1703 ἔφασαν
482 1622 836 1686 διακοῦσαι
862 1616 1301 1704 Ξενοφάνους
1336 1619 1448 1686 καὶ
1466 1615 1791 1687 Ἱππάσου
1828 1622 1950 1688 τοῦ
1979 1627 2480 1710 Πυθαγορείου.
2554 1648 2561 1655 ·

159 1725 248 1808 ἠν
314 1724 400 1793 δε
446 1724 555 1793 ἐπὶ
601 1729 718 1813 τῆς
763 1724 866 1806 ξθ’
915 1722 1358 1811 ὀλυμπιάδος,
1421 1724 1527 1792 ἐπὶ
1576 1729 1877 1812 Δαρείου
1922 1730 2042 1793 τοῦ
2082 1724 2479 1815 Ὑστάσπου,

166 1831 280 1898 καὶ
333 1838 590 1919 ἔγραψε
636 1829 846 1900 πολλὰ
893 1854 1268 1917 ποιητικως.
2508 1859 2559 1899 15

353 1941 764 2008 CCCXXIII.
809 1936 1255 2027 Ἡρακλέων
1287 1936 1675 2025 Αἰγύπτιος,
1713 1936 1842 2007 ἀπὸ
1881 1938 2107 2027 κιόμης
2144 1940 2479 2023 Τιλωτεως

167 2044 384 2133 οὔσης
428 2043 562 2114 ὑπὸ
611 2050 690 2134 τῇ
727 2042 1134 2133 Ἡρακλέους
1176 2042 1398 2129 πόλει,
1444 2044 1913 2133 γραμματικός.
2005 2049 2353 2117 ἐπαίδευσε
2402 2050 2478 2118 δὲ

165 2153 240 2216 ἐν
289 2149 535 2241 Ῥώμῃ.
627 2156 916 2237 ἔγραψεν
978 2147 1339 2237 ὑπόμνημα
1398 2155 1492 2231 εἰς
1530 2148 1829 2238 Ὅμηρον
1880 2151 2045 2221 κατὰ
2102 2156 2475 2245 ῥαψῳδίαν,

139 2254 276 2325 ’καὶ
327 2265 427 2339 είς
471 2258 630 2338 τοὺς
681 2256 1027 2347 λυρικούς,
1082 2257 1233 2341 περὶ
1279 2261 1419 2359 τῶν
1465 2255 1623 2341 παρ’
1666 2256 1927 2349 Ὁμήρῳ
1974 2268 2475 2348 προστακτικῶν

175 2364 518 2451 ῥημάτων.
2501 2392 2557 2432 20

354 2474 758 2543 CCCXXIV.
795 2471 1131 2561 ’Ἠριννα
1167 2478 1378 2560 Τηνία
1405 2468 1448 2559 ἦ
1479 2478 1756 2559 Λεσβία,
1794 2470 1884 2553 ὡς
1912 2470 1986 2541 δὲ
2014 2472 2231 2560 ἄλλοι,
2268 2482 2474 2563 Τηλία

175 2579 426 2665 (Τῆλος
473 2580 556 2647 δέ
595 2583 732 2649 ἐστι
775 2583 1089 2667 νησίδιον
1128 2577 1326 2665 ἐγγὺς
1363 2580 1689 2667 Κνίδου),
1735 2580 1913 2661 τινες
1952 2580 2027 2648 δὲ
2061 2581 2173 2648 καὶ
2203 2578 2473 2673 ΪΡοδίαν

309 2740 344 2786 2
386 2749 543 2787 error
579 2733 756 2787 latere
793 2730 1034 2800 videtur,
1074 2726 1300 2800 ἄπερως
1325 2734 1476 2782 ΔΒΕ

312 2812 604 2868 CCCXXII
643 2810 724 2867 Cf.
761 2811 934 2867 schol.
972 2812 1192 2865 Platon.
1221 2809 1300 2863 VI
1327 2828 1382 2879 p.
1414 2816 1517 2865 347
1546 2811 1734 2866 Herm.
1780 2812 1928 2880 quod
1966 2828 2250 2881 apponere
2286 2812 2472 2869 iuvat:

174 2888 525 2959 Ηράκλειτος
570 2888 902 2961 Βαθέωνος,
945 2884 1229 2959 Ἐφέσιος,
1282 2887 1659 2960 μεγαλόφρων
1705 2887 1951 2960 γεγονὼς
2001 2890 2100 2946 καὶ
2150 2886 2475 2962 ὑπερόπτης

172 2968 306 3041 παρ’
352 2968 636 3028 ὁντινοῦν.
703 2962 867 3034 οὗτος
903 2966 966 3025 τὸ
1005 2970 1106 3025 τοῦ
1144 2966 1305 3039 ἡλίου
1346 2968 1539 3039 ἔλεγεν
1577 2966 1725 3025 εἶναι
1766 2972 1947 3040 σχῆμα
1997 2970 2336 3040 σκαφοειδὲς
2373 2974 2472 3028 καὶ

171 3045 494 3122 ὑπόκυρτον
531 3050 630 3106 καὶ
675 3046 778 3119 τὴν
827 3048 1080 3119 ἔκλειψιν
1126 3044 1305 3115 αὐτοῦ
1352 3052 1685 3122 συμβαίνειν
1732 3046 1875 3106 κατὰ
1910 3049 2013 3121 τὴν
2058 3053 2159 3107 τοῦ
2201 3071 2469 3122 σκαφοει-

171 3132 306 3195 δοῦς
345 3128 624 3203 στροφήν,
668 3125 808 3185 ὥστε
845 3126 909 3185 τὸ
949 3130 1054 3201 μὲν
1090 3136 1282 3186 κοῖλον
1319 3126 1438 3185 ἅνω
1477 3130 1806 3201 γίγνεσθαι,
1854 3128 1915 3185 τὸ
1966 3130 2029 3187 δὲ
2068 3130 2276 3203 κυρτὸν
2313 3131 2466 3189 κάτω

171 3208 310 3279 πρὸς
347 3209 454 3267 τὶν
490 3207 772 3281 ἡμετέραν
802 3207 958 3281 ὄψιν.
1005 3206 1144 3266 ἀλλὰ
1176 3206 1286 3282 μὴν
1315 3208 1413 3266 καὶ
1441 3206 1753 3281 Ξενοφάνη
1791 3206 1891 3266 τὸν
1921 3210 2291 3281 Κολοφώνιον
2321 3234 2464 3269 κατα

174 3292 364 3361 σβέσιν
393 3287 516 3361 ,τὴν
559 3286 800 3361 ἡλιακὴν
851 3289 1101 3359 ἔκλειψιν
1146 3291 1334 3359 λέγειν
1379 3291 1690 3361 γίγνεσθαί
1735 3310 1911 3360 φασιν
1964 3291 2063 3368 καὶ
2111 3289 2281 3347 πάλιν
2328 3292 2469 3362 πρὸς

171 3379 292 3435 ταῖς
321 3368 625 3434 ἀνατολαῖς
653 3367 906 3441 ἀνίσχειν
935 3366 1130 3428 αὐτόν.
1188 3369 1428 3425 Omnino
1456 3371 1598 3425 haec
1627 3389 1884 3427 manasse
1912 3390 1980 3428 ex
2007 3373 2291 3429 Plutarch.
2312 3376 2463 3432 Plac.

49 3490 58 3501 .
172 3449 310 3509 Phil.
351 3454 429 3519 ΙΙ,
469 3458 564 3520 22,
603 3459 635 3507 2
675 3454 734 3507 et
770 3458 862 3521 24,
904 3459 966 3519 3,
1003 3458 1038 3507 4
1074 3452 1356 3522 persuasit
1391 3452 1697 3521 Mettauer,
1743 3452 1813 3505 de
1852 3452 2023 3508 schol.
2064 3454 2283 3509 Platon}
2322 3455 2464 3511 font.

172 3548 222 3598 p.
261 3538 330 3587 59
443 3538 474 3587 5
512 3528 806 3594 Βλόσωνος
843 3548 873 3586 e
910 3531 1074 3603 Diog.
1111 3532 1214 3600 IX,
1253 3540 1278 3585 1
1320 3548 1459 3586 corr.
1496 3531 1833 3603 Bernhardy
1869 3534 1965 3601 qui
2000 3535 2293 3602 praeterea
2320 3531 2467 3603 Βρό-

175 3628 345 3674 σωνος
393 3612 710 3681 proposuit,
759 3608 1047 3675 Βλόσωνος
1081 3612 1213 3667 libri
1250 3610 1559 3675 Βαθέωνος
1598 3614 1759 3668 schol.
1799 3612 2020 3669 Platon.
2096 3608 2382 3681 βάκτωρος
2419 3617 2466 3665 Δ
2565 3626 2569 3631 ·

173 3688 490 3761 βλαύτωρος
524 3696 616 3744 ΒΕ
656 3687 944 3761 βαότωρος
980 3698 1024 3745 Ἴ
1062 3690 1373 3764 βλεύτωνος
1409 3692 1508 3748 rel.
1664 3698 1695 3746 6
1726 3688 2087 3763 Ἡρακίοντος
2128 3694 2288 3763 Dioy.
2330 3690 2463 3764 ὁρα-

175 3776 324 3835 κῖνος
359 3776 402 3824 Β
439 3766 708 3841 ἡρακῖνος
744 3778 788 3825 Ἴ
826 3769 1095 3841 ἡρακῖνος
1132 3791 1302 3843 supra
1337 3793 1403 3828 ου
1441 3774 1635 3831 addito
1663 3780 1706 3826 E
1744 3768 1779 3843 ἡ
1822 3776 1882 3828 et
1917 3771 2121 3828 deinde
2159 3773 2343 3843 spatio
2381 3792 2463 3828 re·

173 3846 302 3915 licbo
340 3855 387 3903 A
425 3850 662 3905 fortasse
702 3867 838 3907 corr.
871 3847 1222 3921 Ἡρακῶντος
1351 3860 1416 3907 10
1453 3855 1529 3926 τῷ
1568 3849 1705 3923 ἡλίῳ
1742 3857 1844 3905 AV
1983 3858 2050 3906 14
2088 3848 2165 3918 ξε’
2205 3857 2274 3921 Δ,
2314 3853 2464 3921 quod

175 3927 365 3985 laudat
403 3932 748 3999 Gutsehmid,
787 3934 884 3987 sed
918 3934 984 3988 cf.
1018 3931 1244 3987 Clinton
1272 3952 1324 4001 p.
1347 3940 1412 3987 21
1426 3932 1520 3989 Kr.
1635 3938 1701 3986 15
1738 3932 2007 3986 nonnulla
2042 3932 2136 3986 hic
2173 3932 2301 3986 add.
2332 3930 2461 3987 Sui-

177 4011 270 4067 das
307 4030 375 4066 ex
407 4012 714 4081 Byzantino
755 4014 1024 4067 historico
1064 4013 1364 4083 desumpiza
1399 4014 1490 4083 (cf.
1531 4012 1761 4068 Cedren.
1800 4014 1827 4065 Ι
1863 4031 1916 4082 p.
1956 4015 2085 4081 2⁷6)

311 4092 628 4147 CCCXXlII
667 4094 744 4148 Cf.
776 4112 827 4147 v.
859 4095 1111 4165 Δίδυμος
1139 4090 1168 4147 ὁ
1198 4088 1483 4155 Κλαύδιος
1597 4099 1661 4147 16
1705 4090 2016 4156 Τιλισότεως
2043 4098 2087 4145 Ἴ
2191 4099 2255 4148 17
2285 4112 2461 4163 γραμ-

179 4170 401 4238 ματικός
441 4190 545 4227 om.
586 4180 631 4227 A
779 4182 844 4230 18
882 4168 946 4237 ὃς
983 4171 1321 4230 ἐπαίδευσεν
1363 4168 1424 4227 ἐν
1463 4174 1668 4229 rectius
1707 4174 1950 4227 tentavit
1985 4173 2319 4243 Bernhardy

312 4251 623 4307 CCCXXIV
661 4254 855 4309 Vitam
891 4255 1188 4324 descripsit
1223 4254 1479 4309 Eustath.
1511 4252 1585 4307 ad
1613 4253 1677 4306 Il.
1709 4253 1760 4305 ΙΙ
1788 4269 1842 4319 p.
1874 4258 1979 4308 326
2009 4268 2120 4321 seq.
2214 4259 2281 4306 21
2318 4252 2461 4309 Τεΐα

183 4329 453 4387 detortum
491 4349 612 4387 esse
650 4349 718 4387 ex
759 4335 935 4405 Τηλία
980 4334 1292 4403 suspicatus
1330 4334 1417 4387 est
1450 4332 1809 4401 Bernhardy,
1858 4332 1959 4386 sed
1994 4349 2061 4387 ex
2099 4330 2287 4401 Steph.
2328 4333 2457 4406 Byz.
