3025 4892
613 237 646 297 1
659 236 742 299 74
1542 234 1967 289 HESYCHIUS.

787 395 1044 462 DCLII.
1117 402 1192 461 H
1198 394 1432 482 όλλης
1477 394 1796 482 Λίγαιεὺς
1854 394 1983 463 ἀπὸ
2034 401 2265 482 Αἰγῶν
2321 400 2439 482 τῆς
2478 395 2689 477 Ἄσίας
2736 396 2867 485 (κεῖ-

608 529 715 569 ται
755 501 829 569 δὲ
868 506 1153 587 πλησίον
1192 508 1594 589 Μαγνησίας
1630 504 1741 571 καὶ
1780 502 2152 592 Σμύρνης),
2202 502 2592 590 φιλόσοφος.
2657 508 2869 589 ἔγραψε

609 605 774 675 κατὰ
841 622 1171 695 στοιχεῖον
1238 606 1609 695 συμβολικά
1668 612 1741 677 ἐν
1795 615 2082 695 βιβλίοις
2136 609 2229 696 β’,
2286 609 2766 679 οἰωνοσκοπικὰ
2810 610 2871 675 ἐν

610 720 896 800 βιβλίοις
949 714 1042 801 η’,
1106 712 1512 801 ἀριθμητικὰ
1570 718 1645 783 ἐν
1700 721 1987 801 βιβλίοις
2034 716 2128 803 β’,
2196 715 2440 803 ι’ήματα
2496 720 2569 784 ἐν
2624 722 2873 802 βιβλίοις

557 844 582 882 5
610 822 702 907 β’,
747 821 899 907 περὶ
943 825 1060 908 τῆς
1104 820 1264 889 καθ’
1298 820 1595 909 Ὅμηρον
1643 827 2110 909 οίωνοπολίης,
2156 826 2306 909 περὶ
2352 826 2469 909 τῆς
2514 820 2691 908 παρὰ
2738 829 2873 907 Τυρ-

611 942 844 1015 ρηνοῖς
898 933 1246 1015 μαντικῆς,
1293 927 1897 1016 .ἰατροσυμβολικά,
1952 928 2102 1014 περὶ
2162 927 2668 1015 δρυοκολάπτου
2719 926 2871 1013 ἱερὸν

609 1034 850 1121 λόγον,
895 1039 1344 1103 κατοικιδίων
1371 1034 1460 1121 α’,
1505 1033 1945 1121 θηρευτικόν,
1994 1040 2434 1122 συμπαθειῶν
2481 1035 2591 1101 καὶ
2638 1032 2873 1101 ἀντιπα-

610 1145 823 1210 θειῶν
853 1141 944 1227 γ’,
973 1142 1122 1229 περὶ
1152 1144 1502 1228 κεραυνῶν
1534 1140 1644 1207 καὶ
1672 1145 1789 1226 τῆς
1808 1138 2032 1209 αὐτῶν
2051 1140 2567 1227 παρατηρήσεως
2594 1142 2701 1207 καὶ
2719 1140 2873 1208 ἄλλα.

789 1249 1081 1317 DCLIII.
1155 1246 1613 1326 Πολύαινος
1649 1245 2035 1333 Σαρδιανὸς
2082 1248 2423 1335 σοφιστής,
2473 1249 2752 1335 γεγονὼς
2786 1248 2873 1314 ἐπὶ

533 1378 585 1416 ιο
611 1360 732 1423 τοῦ
767 1354 1037 1442 πρώτου
1076 1360 1418 1440 Καίσαρος
1453 1360 1686 1421 Γαΐου.
1761 1353 2005 1440 λόγους
2043 1355 2450 1441 δικανικούς,
2502 1355 2662 1444 [καὶ]
2700 1358 2874 1421 δικῶν

609 1460 757 1549 ἤτοι
796 1464 1222 1549 συνηγοριῶν
1257 1458 1743 1546 ὑποτυπώσεις,
1790 1460 2137 1549 θριάμβου
2174 1464 2539 1550 Παρθικοῦ
2576 1467 2784 1547 βιβλία
2815 1460 2869 1546 γ’

611 1569 720 1635 καὶ
769 1565 953 1636 ἄλλα.

789 1676 1071 1743 DGLIV.
1136 1683 1214 1741 Π
1226 1674 1446 1742 ολύα
1474 1701 1672 1754 ινος
1718 1672 2060 1741 ΙΜακεδών
2118 1673 2356 1762 ῥήτωρ.
2447 1676 2601 1761 περὶ
2646 1680 2873 1762 Θηβῶν,

612 1780 884 1850 τακτικὰ
929 1787 1158 1868 βιβλία
1204 1780 1290 1867 γ’.

534 1911 584 1951 15
790 1889 1040 1956 DCLV.
1119 1891 1521 1975 Πολύβιος
1576 1888 1807 1957 Λύκου
1862 1888 2039 1974 υίός,
2098 1887 2227 1957 άπὸ
2292 1888 2607 1976 Μεγάλης
2658 1892 2874 1967 πόλεως

611 1997 728 2081 τῆς
779 1992 1160 2082 Ἀρκαδίας,
1226 1994 1785 2082 καθηγησάμενος
1846 2002 2243 2082 Σκηπίωνος
2312 2001 2431 2065 τοῦ
2484 1995 2873 2083 Ἀφρικανοῦ,

614 2099 723 2168 ὅτε
776 2102 888 2168 καὶ
944 2108 1314 2181 Παναίτιος
1370 2099 1405 2169 ὁ
1459 2100 1865 2188 φιλόσοφος,
1921 2102 2216 2189 γεγονὼς
2270 2102 2435 2171 κατὰ
2486 2111 2871 2189 Πτολεμαῖον

611 2206 731 2275 τὸν
780 2210 1222 2295 ἐπικληθέντα
1269 2208 1673 2298 Εὐεργέτην.
1748 2200 1945 2289 οὗτος
1988 2214 2231 2295 ἔγραψε
2268 2208 2392 2295 τὴν
2430 2208 2691 2298 μακρὰν
2729 2213 2871 2276 ἱστο-

613 2320 768 2401 ρίαν
809 2313 1180 2404 Ῥωμαζκην
1235 2319 1310 2385 ἐν
1363 2321 1651 2403 βιβλίοις
1706 2317 1781 2403 μ’
1847 2313 2145 2403 (ἄρχεται
2202 2316 2275 2385 δὲ
2332 2315 2462 2385 άπὸ
2520 2320 2638 2404 τῆς
2686 2319 2874 2403 φυγῆς

756 2477 951 2532 DCLII
989 2496 1095 2533 om.
1128 2478 1402 2534 Westerm.
1441 2476 1593 2531 Eud.
1633 2494 1685 2544 p.
1717 2480 1821 2529 608
1933 2482 1959 2529 1
2000 2473 2267 2545 Αἰγαιεύς
2305 2494 2443 2532 corr.
2484 2494 2553 2531 ex
2588 2477 2773 2544 Polyb.
2797 2473 2873 2539 IV,

615 2564 702 2625 77,
742 2556 965 2626 Αἰγιεύς
999 2560 1143 2627 υιιῖς.
1317 2564 1348 2611 2
1388 2558 1650 2625 Μυρίνης
1687 2572 1826 2611 corr.
1860 2556 2249 2626 Wesselinyius
2292 2557 2417 2611 coll.
2459 2558 2650 2627 Steph.
2688 2556 2803 2626 Byz.
2836 2572 2873 2607 v.

613 2634 785 2705 Αἰγαί
808 2640 883 2707 (p.
906 2644 990 2706 39,
1013 2643 1095 2706 2);
1133 2638 1192 2692 in
1222 2638 1376 2691 fonte
1407 2635 1613 2691 Suidae
1642 2636 1810 2689 fuisse
1847 2638 2082 2704 πλησίον
2109 2640 2372 2705 Μυρίνης
2399 2640 2565 2705 putat
2595 2635 2877 2692 Gutschmid

616 2722 647 2769 3
687 2717 754 2771 de
793 2719 966 2785 symb.
1007 2718 1074 2772 cf.
1106 2717 1258 2771 Suid.
1288 2736 1339 2772 v.
1376 2713 1681 2785 σύμβολονς
1718 2715 1923 2768 Marini
1958 2715 2057 2773 vit.
2086 2716 2267 2771 Prool.
2308 2734 2360 2785 p.
2391 2722 2462 2769 24
2499 2714 2747 2770 laudavit
2772 2714 2875 2767 Rei-

617 2797 804 2850 ‘nesius
957 2805 988 2852 6
1028 2796 1096 2854 cf.
1135 2797 1384 2865 Lobeok,
1423 2796 1701 2865 Aglaoph.
1740 2814 1792 2864 p.
1824 2802 1926 2849 262
2082 2792 2506 2865 δρυοκολάπτου
2547 2813 2681 2851 corr.
2709 2796 2875 2848 Ku-s‘te-

613 2892 736 2943 νκε,
776 2876 926 2945 quod.
964 2878 1175 2931 habent
1211 2882 1360 2930 ABE
1401 2871 1838 2947 δρυοκολάπτων
1874 2881 1921 2927 V
1960 2872 2351 2946 δρυκολάπτου
2387 2878 2533 2946 vuly.
2564 2877 2709 2931 Eud.

619 2962 648 3010 7
685 2956 1032 3025 θηρευτικόν
1067 2958 1276 3013 iniuria
1311 2960 1633 3026 suspectum
1670 2956 2061 3026 BernhardyO,
2112 2974 2240 3011 eum
2283 2958 2352 3011 de
2390 2956 2773 3026 superstitione
2805 2952 2876 3022 agi

619 3036 734 3091 veri
775 3039 958 3093 simile
997 3040 1071 3094 sit
1216 3046 1248 3094 8
1287 3039 1383 3093 καὶ
1421 3034 1562 3091 ἄλλα
1599 3032 1775 3090 πολλά
1813 3038 1964 3092 Eud.

759 3118 978 3175 DCLIII
1014 3120 1164 3175 Eud.
1203 3139 1260 3190 p.
1291 3126 1410 3175 591.
1486 3120 1568 3173 Gi.
1609 3117 1811 3170 Mfiller
1847 3117 1927 3169 III
1963 3136 2017 3187 p.
2050 3124 2151 3172 522
2373 3123 2405 3170 9
2456 3114 2668 3186 ἔγραψε
2709 3111 2875 3183 λόγους

617 3198 768 3253 Eud.
882 3206 947 3254 10
985 3222 1029 3253 τ.
1068 3196 1292 3268 πρώτου
1330 3200 1534 3253 falsum
1573 3213 1693 3251 esse
1730 3198 1877 3252 vidit
1918 3198 2139 3253 Vossius
2250 3204 2313 3252 11
2354 3193 2725 3259 ὑποτυπόσεις
2750 3195 2873 3249 Eud.

616 3280 990 3346 Παρθητικοῦ
1019 3283 1064 3330 Δ
1094 3279 1456 3347 Παρθιτικοῦ
1481 3282 1631 3330 BVE
1730 3273 2037 3349 θριάμβου,
2069 3272 2343 3347 Παρθικά
2372 3276 2491 3331 eod.
2522 3276 2673 3331 Eud.
2701 3270 2874 3342 θριάμ-

619 3360 778 3429 βους,
818 3354 1093 3428 Παρθικά
1122 3358 1250 3416 Vill.
1998 3352 2004 3357 ’

757 3437 976 3492 DCLIV
1013 3438 1164 3493 Eud.
1203 3439 1240 3495 1.
1282 3457 1346 3507 e.,
1386 3432 1527 3507 Quae
1566 3438 1799 3507 praebet
1836 3432 1899 3500 ὃς
1935 3436 2064 3507 περὶ
2095 3438 2299 3508 Θηβῶν
2338 3433 2551 3506 ἔγραψε
2590 3434 2687 3490 καὶ
2722 3452 2873 3488 τακτι-

618 3516 733 3570 κῶν
773 3519 834 3589 β..
852 3521 1006 3588 τρία;
1046 3516 1164 3590 ῥἠτ.
1196 3522 1255 3573 et
1289 3539 1346 3575 π.
1375 3522 1520 3590 Θηβ.
1561 3520 1632 3573 ad
1660 3517 2058 3573 Atheniensem
2086 3517 2207 3574 Pol.
2237 3517 2465 3585 eiusque
2494 3516 2793 3571 orationem
2824 3512 2874 3565 de

616 3596 908 3654 Memnone
936 3600 1157 3654 rettulit
1187 3600 1506 3653 Gutschmid
1536 3598 1626 3668 (cf.
1640 3598 1876 3654 Vossius
1904 3618 1956 3668 p.
1975 3602 2079 3652 488
2094 3599 2291 3667 West.)
2390 3604 2455 3651 13
2486 3592 2874 3654 ΜακεδόνιοςἿ

619 3684 684 3731 14
723 3676 782 3746 η’
822 3698 921 3748 pro
952 3678 1009 3747 γ’
1043 3680 1224 3750 Coray
1331 3678 1428 3732 καὶ
1466 3675 1607 3733 ἄλλα
1644 3680 1881 3749 praebet
1914 3680 2059 3748 ναῖς.
2100 3696 2207 3733 om.
2244 3683 2392 3731 BVE
2431 3678 2584 3730 Eud.

757 3757 952 3813 DCLV
989 3760 1140 3813 Eud.
1181 3768 1244 3828 p.'
1267 3764 1385 3813 585.
1463 3756 1543 3813 cf.
1586 3760 1776 3827 Steph.
1814 3758 1947 3828 Byz.
1993 3778 2043 3813 v.
2083 3756 2323 3827 Μεγάλη
2367 3754 2527 3817 πόλις
2692 3762 2754 3809 15
2793 3758 2874 3806 Λυ-

615 3835 820 3908 κόρτου
859 3856 996 3895 corr.
1035 3840 1480 3893 Hemsterhusiu‘s
1518 3841 1575 3893 et
1609 3838 1900 3893 Reinesius
1936 3834 2127 3891 Λύκου
2167 3836 2298 3891 libri
2442 3832 2641 3903 Μέσης
2675 3840 2765 3888 ΒΕ

620 3927 685 3974 16
715 3922 1035 3982 Σκιπίωνος
1063 3924 1108 3971 A
1146 3936 1292 3973 man.
1327 3918 1406 3987 ΙΙ,
1444 3919 1595 3986 quod
1625 3918 1841 3988 placuit
1879 3918 2287 3973 Westermanno
2400 3922 2463 3970 17
2500 3915 2581 3969 cf.
2611 3934 2661 3969 v.
2692 3913 2875 3969 Παναί-

615 4020 733 4061 τιος
880 4006 944 4054 19
982 3996 1035 4053 λ’
1075 4016 1176 4069 pro
1215 3994 1276 4068 μ’
1316 4004 1359 4049 Ε
1473 3994 1707 4068 ἄρχεται
1746 4016 1859 4067 seq.
1898 3998 2103 4051 falsum
2140 4014 2261 4051 esse
2298 3996 2442 4050 vidit
2476 3996 2773 4061 Kasterus,
2806 3990 2876 4059 qui

616 4097 746 4134 mox
781 4081 1073 4149 proposuit
1109 4079 1205 4134 καὶ
1243 4077 1435 4149 μέχρις
1472 4078 1735 4145 Περσέως
1772 4080 1873 4133 τοῦ
1916 4079 2193 4131 Φιλίππου
2230 4074 2385 4145 υἷοῦ,
2425 4077 2525 4130 sed
2561 4077 2793 4131 fortasse
2823 4072 2874 4126 ad

615 4158 814 4227 Polyb.
844 4160 911 4228 ΙΙ,
942 4166 1009 4213 69
1047 4162 1104 4214 et
1142 4166 1209 4214 70
1247 4161 1433 4215 locum
1471 4160 1724 4227 spectare
1762 4159 1955 4213 et'aut
1992 4172 2061 4211 ex
2086 4158 2157 4223 ΙΙ,
2189 4163 2271 4225 70,
2302 4164 2333 4211 8
2372 4156 2469 4211 καὶ
2502 4158 2773 4211 Φιλίππου
2798 4152 2871 4208 τοῦ

619 4241 942 4307 Δημητρίου
980 4235 1110 4293 υῐοῦ
1147 4242 1247 4294 aut
1283 4256 1351 4293 ex
1389 4239 1440 4307 Ι,
1480 4246 1531 4305 3,
1574 4248 1598 4292 1
1640 4241 1737 4293 καὶ
1777 4241 2055 4293 Φιλίππου
2099 4237 2199 4291 τοῦ
2238 4236 2502 4303 Περσέως
2538 4234 2641 4305 μὲν
2682 4230 2873 4302 πατρός,

621 4319 944 4387 Δημητρίου
977 4318 1040 4372 δὲ
1071 4317 1200 4373 υἱοῦ
1229 4319 1639 4374 restituendum
1670 4337 1788 4374 esse
1818 4318 2131 4388 suspicatus
2162 4318 2246 4371 est
2266 4317 2725 4386 Schweiqhduser,
2761 4311 2876 4385 quod

618 4398 857 4471 probare
885 4399 1107 4453 videtur
1135 4398 1407 4469 Schaefer‚
1447 4400 1640 4453 Abriss
1669 4401 1721 4453 II
1750 4421 1802 4471 p.
1834 4407 1903 4455 24
1941 4396 2071 4453 υἱοῦ
2109 4397 2340 4452 Suidam
2371 4400 2648 4452 errantem
2675 4414 2775 4469 pro
2798 4412 2876 4447 πα-
