3025 4892
563 231 691 294 164
1483 229 1913 285 HESYCHIUS.

622 382 627 389 ’
733 392 1022 459 DOXXI.
1079 398 1154 458 Π
1161 388 2008 477 αρθε’νιος“Ηρακλείδου
2044 391 2155 457 καὶ
2193 387 2523 477 Εὐδώρας
2558 388 2833 478 (Ἕρμιπ-

556 522 679 577 πος
725 497 800 564 δὲ
845 496 1073 584 Τήθας
1110 498 1330 585 φησί),
1377 495 1673 577 Νικαεὺς
1708 494 1751 584 ἢ
1792 496 2217 582 Μυρλεανός,
2268 496 2705 583 ἐλεγειοποιὸς
2738 499 2833 564 καὶ

556 605 814 690 μέτρων
862 602 1213 691 διαφόρων
1258 603 1553 691 ποιητής.
1634 596 1829 684 οὗτος
1876 603 2143 691 ἐλήφθη
2192 602 2323 671 ὑπὸ
2372 610 2597 673 Κίννα
2638 603 2834 690 λάφυ-

557 738 714 798 ρον,
772 708 881 779 ὅτε
935 709 1380 800 Μιθριδάτην
1417 708 1731 798 Ῥωμαῖοι
1779 712 2353 798 κατεπολέμησαν,
2416 709 2554 778 εἶτα
2602 710 2832 797 ἠφείθη

502 839 528 880 5
557 816 669 885 διὰ
723 816 846 904 τὴν
908 823 1262 887 παίδευσιν
1318 817 1429 885 καὶ
1483 819 1643 902 ἐβίω
1701 819 1889 905 μέχρι
1952 823 2266 903 Τιβερίου
2320 821 2442 885 τοῦ
2499 823 2834 904 Καίσαρος.

555 929 802 1011 ἔγραψε
841 923 935 993 δι’
979 928 1264 1011 ἐλεγείας
1294 922 1730 1011 Ἀφροδίτην,
1771 922 2045 1013 Ἀρήτης
2092 923 2474 1010 ἐπικήδειον
2507 930 2622 1011 τῆς
2655 950 2835 1011 γαμε-

561 1035 707 1119 τῆς,
747 1030 1022 1119 Ἀρήτης
1069 1031 1398 1118 ἐγκώμιον
1446 1033 1522 1099 ἐν
1568 1030 1634 1118 γ’
1673 1036 1959 1116 βιβλίοις
2002 1030 2113 1099 καὶ
2158 1029 2332 1098 ἄλλα
2376 1032 2607 1101 πολλά.

734 1140 1058 1207 DOXXII.
1115 1146 1191 1206 Π
1195 1139 1536 1225 αρθένιο
1562 1164 1594 1216 ς
1630 1146 1795 1216 Χῖος
1831 1137 2163 1222 ἐποποιός,
2208 1138 2357 1218 υίὸς
2394 1142 2737 1227 Θέστορος,
2771 1135 2835 1217 ὃς

557 1247 931 1313 ἐπεκαλεῖτο
963 1244 1162 1329 Χάος,
1183 1241 1472 1332 Ὁμήρου
1503 1244 1577 1311 δὲ
1606 1236 1692 1331 ἦν
1712 1240 2063 1329 ἀπόγονος.
2111 1246 2423 1330 ἐποίησεν
2446 1251 2541 1326 εἰς
2557 1247 2833 1332 Θέστορα

479 1374 530 1412 10
556 1351 678 1421 τὸν
717 1351 1260 1435 ἑαυτοῦπατίρα.
1313 1349 1326 1439 Ι
1359 1340 1555 1429 οὗτος
1593 1353 1837 1435 ἔγραψε
1874 1348 1985 1416 καὶ
2021 1350 2171 1437 περὶ
2208 1352 2832 1441 μεταμορφώσεων.1

732 1460 1087 1527 DGXXIII.
1158 1459 1674 1543 Παρμενίδης
1718 1454 2067 1541 Πύρητος,
2109 1454 2415 1545 Ἐλεάτης
2460 1458 2833 1547 φιλόσοφος,

553 1567 858 1652 μαθητὴς
913 1561 1207 1652 γεγονὼς
1250 1562 1689 1649 ,Ξενοφάνους
1731 1566 1854 1629 τοῦ
1900 1568 2388 1651 Κολοφωνίου,
2441 1563 2533 1645 ὦς
2579 1566 2653 1634 δὲ
2694 1566 2834 1633 Θεό-

555 1691 880 1759 φραστος,
931 1669 1460 1757 Ἀναξιμάνδρου
1516 1674 1637 1738 τοῦ
1694 1674 2057 1755 Μιλησίου.
2148 1668 2359 1739 αὐτοῦ
2416 1672 2491 1740 δὲ
2546 1672 2830 1759 διάδοχοι

554 1779 864 1865 ἐγένοντο
916 1776 1361 1865 Ἐμπεδοκλῆς
1425 1802 1494 1843 τε
1562 1772 1599 1843 ὁ
1664 1776 1775 1843 καὶ
1848 1774 2224 1863 φιλόσοφος
2286 1779 2397 1845 καὶ
2457 1777 2678 1864 ἰατρὸς
2735 1779 2831 1844 καὶ

477 1906 527 1945 1⁵
556 1885 799 1971 Ζήνων
865 1883 902 1953 ὁ
958 1882 1278 1970 Ἐλεάτης.
1381 1887 1627 1970 ἔγραψε
1693 1880 1767 1949 δὲ
1830 1888 2277 1969 φυσιολογίαν
2343 1882 2432 1951 δι’
2505 1885 2677 1952 ἐπῶν
2736 1885 2831 1951 καὶ

554 1990 726 2059 ἄλλα
773 1989 922 2058 τινὰ
967 1988 1465 2076 καταλογάδην,
1511 1979 1613 2055 ὧν
1660 1989 1983 2076 με’μνηται
2031 1987 2340 2057 Πλάτων.

734 2099 1091 2165 DGXXIV.
1157 2099 1476 2175 Παῦλος
1523 2094 1891 2182 Αἰγινήτης
1937 2097 2179 2183 ἰατρός.
2256 2102 2548 2183 ἔγραψεν
2596 2096 2830 2184 ἰατρικὰ

556 2209 805 2290 βιβλία·
832 2204 1147 2307 διάφορα.

698 2452 921 2506 DCXXI
948 2452 1098 2509 Eud.
1128 2472 1182 2523 p.
1207 2459 1325 2509 596.
1358 2454 1592 2507 Tractat
1608 2450 1884 2520 Meineke,
1912 2453 2015 2506 An.
2046 2470 2102 2522 p.
2124 2458 2227 2507 255
2248 2454 2361 2524 seq‘.
2402 2454 2481 2509 Cf.
2507 2456 2693 2525 Steph.
2718 2457 2828 2525 Byz.

555 2548 606 2584 v.
647 2532 868 2585 Νίκαια
904 2534 964 2586 et
998 2533 1224 2601 Rohde,
1263 2534 1402 2587 Mne.
1432 2534 1609 2587 Rhen.
1640 2533 1875 2588 XXXIV
1908 2551 1964 2603 p.
1996 2538 2117 2603 569,
2156 2533 2255 2603 qui
2286 2551 2359 2588 ex
2388 2536 2661 2591 attributo
2688 2541 2832 2603 Μυρ-

554 2606 755 2672 λεανός
780 2609 1144 2667 Parthenium
1175 2616 1305 2668 ante
1335 2630 1383 2668 a.
1415 2618 1481 2668 91
1521 2614 1718 2667 natum
1749 2608 2193 2679 esse'conelusit3
2231 2615 2330 2668 sed
2366 2632 2414 2670 a.
2446 2622 2552 2671 203
2582 2618 2830 2687 Myrleam

557 2707 592 2743 a
617 2690 812 2744 Prusia
846 2692 1027 2761 primo
1067 2693 1311 2747 dirutam
1349 2697 1407 2747 et
1442 2692 1680 2763 posthac
1708 2693 2019 2763 Apameam
2045 2696 2306 2748 vocatam
2336 2712 2458 2749 esse
2496 2700 2685 2751 monet
2712 2697 2831 2750 Gut-

554 2774 762 2828 schmid
943 2784 967 2829 1
1005 2770 1321 2845 Ἕρμιππος
1358 2805 1426 2815 -
1465 2791 1606 2843 φησι
1644 2791 1751 2827 om.
1789 2776 1860 2838 Δς
1908 2772 1977 2825 de
2025 2773 2334 2842 Hermippo
2381 2792 2432 2828 v.
2464 2775 2830 2840 Waohsmuth,

557 2850 743 2919 Symb.
775 2872 829 2923 p.
862 2860 959 2910 141
1080 2862 1112 2910 2
1152 2849 1496 2915 ΝικαιεῦςΔ
1616 2859 1648 2906 3
1682 2848 1920 2920 ’ποιητὴς
1960 2848 2053 2906 ἐπὶ
2086 2856 2349 2925 Τιβερίου
2369 2855 2523 2910 Eud.
2600 2850 2830 2918 οὖτος-

553 2933 839 3002 Καίσαρος
871 2950 979 2988 om.
1011 2936 1163 2989 Eud.
1212 2934 1320 2988 Pro
1349 2932 1527 2987 Cinna.
1556 2930 1878 2986 dubitanter
1906 2930 1976 2985 de
2008 2932 2249 2987 Caecina
2277 2934 2557 3004 cogitavit
2586 2936 2830 3000 Meineke,

556 3026 682 3063 oum
709 3027 760 3065 a.
783 3018 850 3066 73
879 3014 951 3067 ab
982 3014 1182 3069 Helvio
1215 3012 1393 3065 Cinna
1421 3009 1511 3080 (cf.
1552 3009 1697 3063 Plut.
1729 3011 1883 3067 Brut.
1913 3014 2005 3081 26)
2034 3016 2264 3083 oapbum
2292 3031 2404 3069 non
2432 3016 2718 3083 probabile
2745 3016 2830 3081 sim

555 3091 624 3144 de
643 3090 846 3146 Helvio
869 3092 1060 3163 Cinna,
1079 3096 1282 3163 poetae
1302 3092 1550 3161 parente,
1573 3090 1789 3159 cogitat
1807 3091 2105 3161 Kiesslin9‚
2136 3091 2347 3148 Comm.
2366 3093 2509 3163 phil.
2524 3095 2827 3149 Mommsen.

553 3190 606 3241 p.
637 3176 768 3239 352,
806 3190 919 3228 non
957 3174 1031 3229 ad.
1056 3175 1256 3229 ducem
1302 3171 1400 3227 sed
1440 3172 1512 3224 ad
1554 3169 1843 3224 dominum
1886 3170 1985 3240 qui
2027 3172 2187 3241 emit,
2236 3176 2490 3244 specssare
2528 3178 2677 3231 ratus
2716 3176 2828 3231 ooli.

553 3269 604 3306 v.
638 3246 994 3321 Ἀλέξανδρος
1029 3257 1090 3309 et
1129 3250 1446 3323 Τιμαγένης
1532 3296 1537 3299 .
1588 3256 1623 3303 4
1662 3248 1718 3304 εἴ
1747 3247 1969 3320 ἠφείθη
2005 3257 2050 3304 V
2196 3259 2227 3307 5
2276 3250 2373 3308 διὰ
2410 3251 2517 3324 τὴν
2552 3258 2828 3311 παίδευσιν

495 3358 498 3361 ’
555 3332 623 3386 of.
657 3350 710 3386 v.
746 3328 928 3407 Ἰόβας
1036 3335 1104 3389 de
1134 3333 1320 3388 verbis
1348 3331 1510 3402 μέχρι
1543 3333 1664 3401 Τιβ.
1695 3350 1747 3385 v.
1777 3331 2034 3386 Meineke
2069 3352 2123 3403 p.
2152 3340 2259 3389 257
2370 3342 2402 3389 6
2444 3333 2692 3405 ἔγραψεν
2730 3332 2825 3390 ἔλε-

554 3416 683 3480 γεῖα
721 3410 803 3475 εἰς
829 3414 981 3468 Eud.
1014 3412 1226 3483 ἔγραψε
1266 3409 1346 3467 δι’
1379 3408 1630 3481 ἐλεγείας
1658 3429 1795 3466 corr.
1826 3412 2136 3480 Schneider,
2168 3414 2306 3467 Call.
2337 3416 2390 3469 II
2416 3432 2471 3484 p.
2504 3424 2590 3483 32,
2631 3418 2829 3472 Wachs-

552 3493 730 3561 math,
770 3492 959 3561 Symb.
997 3513 1051 3564 p.
1087 3496 1196 3547 142’
1223 3494 1314 3563 (of.
1351 3494 1543 3561 Danb‚
1582 3491 1651 3546 de
1691 3490 1841 3547 Suid.
1882 3511 1936 3562 p.
1966 3496 2093 3561 427)
2142 3490 2355 3562 ἔγραψε
2406 3495 2471 3549 δὲ
2513 3493 2729 3567 ἐλεγεῖα
2764 3494 2830 3556 εἰς

552 3573 698 3641 vuly.
739 3567 991 3642 ἐλεγείας
1019 3590 1124 3628 om.
1156 3570 1238 3635 εἰς
1265 3577 1310 3624 V
1418 3578 1449 3627 7
1479 3571 1577 3625 καὶ
1617 3567 1894 3641 ἐγκώμιον
1936 3570 2016 3635 εἰς
2042 3569 2145 3643 τὴν
2182 3569 2365 3644 αὐτὴν
2394 3574 2547 3630 Eud.
2586 3577 2681 3630 καὶ
2708 3572 2829 3630 ἄλλα

556 3649 734 3706 πολλά
773 3669 880 3707 om.
920 3653 1071 3707 Eud.

695 3732 948 3787 DOXXII
983 3734 1135 3787 Eud.
1173 3751 1228 3801 p.
1258 3737 1361 3786 597
1469 3738 1502 3785 9
1547 3729 1698 3793 Χαός
1725 3733 1973 3802 praefert
2004 3734 2283 3801 Meineke,
2319 3734 2425 3789 An.
2455 3754 2511 3805 p.
2542 3743 2644 3792 270
2672 3738 2779 3791 noh.
2802 3741 2828 3788 2

557 3820 623 3868 10
661 3804 828 3877 οὗτος
865 3845 931 3855 —-
970 3814 1100 3869 exit.
1141 3830 1247 3868 om.
1285 3814 1428 3882 ναῖς.
1459 3812 1612 3869 Eud.
1650 3811 1776 3866 add.
1818 3830 1884 3866 ex
1920 3819 1965 3865 Δ
2001 3815 2277 3868 Kusterus
2323 3815 2453 3884 (nisi
2500 3818 2648 3886 quod
2682 3835 2829 3886 μετα-

554 3891 897 3964 μορφώσεως
925 3912 1026 3965 pro
1056 3889 1553 3965 μεταφορφώσεων
1589 3892 1851 3963 scripsit),
1890 3893 2121 3947 seclusit
2146 3894 2484 3965 Bernhardy
2520 3898 2781 3965 tanquam
2806 3911 2829 3947 e

553 3974 740 4043 glossa
779 3974 1014 4044 Νέστωρ
1052 3974 1162 4029 hue
1196 3973 1490 4028 translata.
1558 3972 1669 4027 Sed
1704 3973 1776 4026 ad
1804 3973 2168 4029 Nicaeensem
2202 3976 2456 4051 spectare
2493 3975 2829 4031 manifestum

555 4054 667 4108 est:
707 4055 776 4109 ef.
815 4049 1040 4122 Rohd'e‚
1079 4054 1170 4109 Gr.
1201 4053 1421 4108 Roman
1450 4071 1504 4122 p.
1536 4058 1621 4107 93.
1677 4051 1932 4107 Ceterum
1959 4053 2088 4109 fort.
2119 4056 2363 4125 corrigas
2390 4052 2831 4127 μεταμορφώσεις

695 4134 974 4190 DCXXIII
1010 4134 1162 4189 Eud.
1193 4152 1250 4204 p.
1281 4140 1401 4188 604.
1469 4133 1552 4189 Cf.
1581 4134 1744 4203 Diog.
1772 4135 1867 4204 IX,
1896 4142 1962 4190 21
2079 4139 2143 4188 12
2182 4132 2246 4189 δὲ
2285 4152 2393 4191 om.
2423 4141 2470 4190 Δ
2582 4143 2647 4191 14
2682 4131 2711 4190 ὁ
2750 4134 2830 4189 καὶ

552 4219 700 4268 ΔΒΕ
739 4217 836 4270 καὶ
873 4212 904 4271 ὁ
935 4222 982 4268 V
1094 4223 1157 4271 16
1196 4214 1343 4271 Plat.
1382 4215 1633 4269 Parmen.
1661 4234 1716 4284 p.
1750 4220 1853 4269 128
1890 4213 1982 4268 vel
2016 4212 2187 4282 Soph.
2225 4232 2278 4283 p.
2310 4221 2432 4269 237.
2482 4214 2563 4270 cf.
2592 4215 2829 4281 Karsten,

554 4295 806 4352 Parmen.
845 4297 942 4351 rel.
983 4315 1036 4366 p.
1071 4302 1135 4351 17
1158 4313 1271 4366 seq.

695 4373 972 4431 DCXXIV
1011 4393 1117 4430 om.
1151 4376 1425 4431 Westerm.
1483 4378 1567 4433 De
1603 4379 1707 4433 hac
1734 4376 1856 4433 vita
1882 4375 2106 4432 uberius
2145 4375 2238 4445 egi
2265 4376 2404 4430 Mne.
2436 4375 2611 4430 Rhen.
2642 4374 2829 4430 XXXV
