3025 4892
546 216 646 271 1211
1415 218 1983 296 PRoLEsoMENA,

548 381 808 464 multos,
837 381 946 465 qui
975 381 1044 446 in
1073 380 1318 446 Laertii
1347 382 1498 447 vitis
1532 382 1895 448 laudantur.
1932 382 2151 467 Atque
2178 382 2394 448 thesin
2424 404 2608 447 suam
2635 404 2701 465 p.
2720 383 2853 446 228

411 511 438 524 ⁴
549 488 639 551 sic
682 487 1187 573 intellegendam
1233 490 1518 572 monuit,
1565 493 1637 554 ut
1673 487 1988 554 Demetrii
2038 489 2379 555 thesauros
2428 511 2543 574 per
2580 489 2856 572 Argesi-

547 594 813 679 phontis
829 591 878 680 1)
919 592 1138 679 (quem
1170 593 1400 660 Suidas
1440 595 1663 660 laudat
1700 618 1757 660 v.
1781 590 2223 672 Ἀπολλώνιος
2260 595 2481 679 ἔτερος
2518 591 2856 680 Τυανεύς)

546 700 788 766 librum
843 698 990 785 περὶ
1045 696 1429 786 ὁμωνύμων
1473 702 1542 764 in
1591 700 1987 785 Hesychium
2034 703 2377 788 migrasse,
2435 702 2855 786 per'Dioclis

547 808 686 889 βίοι
743 802 1145 891 φιλοσόφων
1201 809 1269 872 in
1314 807 1647 872 Laertium
1695 805 2055 894 Diogenem
2102 812 2409 874 censeret.
2487 807 2855 874 Nietzschii

551 918 767 978 autem
806 903 1128 979 sententia
1157 914 1346 999 plane
1377 915 1757 979 confirmata
1787 915 2125 980 videbatur
2154 915 2609 981 dissertatione
2642 915 2857 981 Volk-

553 1020 799 1098 manni,
875 1019 1135 1096 Quaest.
1196 1019 1360 1085 Nov.
1415 1019 1683 1103 (Numb.
1747 1019 1974 1108 1873),
2048 1022 2156 1106 qui
2224 1023 2370 1087 aliis
2436 1021 2855 1087 adminiculis

549 1127 818 1209 innisus,
865 1126 906 1191 i.
949 1148 1001 1190 e.
1049 1126 1434 1210 quibusdam
1482 1128 1913 1213 coniungendi
1960 1126 2255 1192 formulis
2296 1129 2659 1194 certissima
2698 1129 2853 1193 libri

549 1232 819 1297 alicuius
857 1230 1016 1317 περὶ·
1047 1226 1429 1317 ὁμωνύμων
1470 1235 1749 1318 vestigia
1778 1234 2103 1299 invenisse
2134 1235 2259 1299 sibi
2289 1236 2472 1300 visus
2498 1238 2617 1300 est.
2682 1233 2856 1300 Sunt

547 1343 763 1404 autem
809 1339 1032 1405 haece:
1080 1338 1208 1404 καὶ
1256 1335 1498 1417 αὐτὸς
1555 1342 1638 1405 ab
1683 1340 2010 1426 Hesychio
2058 1346 2443 1426 usurpatum
2490 1365 2547 1407 v.
2579 1337 2853 1407 Ἁστυδ·

545 1440 746 1530 ἄμας,
802 1443 1308 1529 Διογενειανός,
1369 1444 1739 1524 Διονύσιος
1786 1451 1983 1533 Κορ.,
2053 1444 2439 1534 Διόδωρος,
2490 1443 2853 1530 Ἐπίνικος,

533 1545 996 1638 Ἱπποκράτης,
1044 1554 1587 1637 Μελανιππίδης,
1636 1558 1989 1630 Μουσαῖος
2023 1548 2187 1638 Ἐφ.,
2244 1549 2660 1639 Νικόμαχος,
2703 1550 2848 1638 Ὀρ-

546 1653 735 1743 φεύς,
773 1661 1139 1744 Πίνδαρος,
1180 1655 1511 1744 Πρόκλος,
1551 1656 1838 1742 Σαπφώ,
1884 1663 2235 1746 Τιμοκλῆς,
2283 1659 2693 1746 Τιμοκρέων,
2724 1664 2853 1726 Τί-

547 1789 716 1851 μων,
755 1769 1173 1850 Τυραννίων,
1208 1763 1553 1851 Φιλήμων,
1587 1765 2085 1853 Φιλιππίδης2);
2122 1767 2252 1833 καὶ
2290 1766 2329 1832 ἕ
2333 1791 2553 1852 τερος
2581 1792 2639 1833 v.
2671 1763 2853 1833 Ἀλκ-

549 1869 714 1956 μάν,
758 1867 1173 1957 Ἀντίμαχος,
1223 1875 1458 1952 Λίνος;
1507 1870 1889 1958 νεώτερος
1944 1897 2000 1939 v.
2048 1870 2405 1957 Σωρανός,
2453 1876 2851 1953 Παναίτιος,

551 1975 902 2064 Μαρσύας,
945 1975 1254 2062 Κάδμος,
1282 1975 1607 2064 Ἔφορος,
1651 1976 1941 2064 Ἀχαιός,
1992 1981 2133 2045 sim.
2171 2004 2227 2044 v.
2269 1983 2604 2064 Δίδυμος,
2642 1976 2847 2062 Εὐρι·

548 2085 776 2168 πίδης,
818 2084 1212 2169 Θεοδέκτης,
1259 2088 1715 2170 Καλλίμαχος,
1764 2082 2104 2170 Κόριννα,
2151 2088 2572 2171 Σιμωνίδης,
2621 2091 2849 2169 Σοφο-

547 2191 728 2274 κλῆς,
770 2189 1150 2277 Φερεκύδης
1187 2192 1266 2256 al.
1343 2192 1521 2256 Idem
1562 2196 1711 2277 post
1749 2193 2147 2258 Demetrium
2188 2194 2387 2258 etiam
2426 2195 2619 2278 alios,
2665 2194 2851 2258 velut

549 2297 1006 2382 Phavorinum‚
1030 2297 1382 2382 Didymum
1395 2295 1467 2384 ³),
1487 2296 1931 2363 Ptolemaeum
1965 2297 2471 2382 Hephaestionis
2500 2301 2623 2365 hoc
2652 2301 2849 2365 modo

549 2404 1006 2492 biographicos
1056 2407 1372 2470 tractasse
1418 2405 1701 2490 putavit,
1758 2404 2052 2470 Dioclem
2100 2427 2139 2470 a
2183 2397 2561 2472 Nietzschio
2608 2407 2851 2472 iniuria

551 2512 960 2596 suppositum
1009 2513 1338 2596 expunxit.

727 2617 820 2682 At
867 2619 1063 2683 etiam
1104 2617 1472 2684 Volkmann
1520 2617 1963 2701 praeiudicata
2008 2617 2143 2683 fere
2188 2619 2489 2702 opinione
2537 2619 2849 2704 abreptus

549 2725 742 2789 nimis
798 2725 1191 2791 confidenter
1245 2748 1380 2790 rem
1437 2725 1769 2807 tractavit,
1829 2745 1973 2788 cum
2033 2724 2316 2808 primum
2373 2723 2637 2790 Suidam
2694 2748 2848 2810 quo-

550 2853 672 2916 que
733 2832 802 2896 in
856 2832 1186 2896 nonnullis
1243 2832 1392 2896 vitis
1451 2831 1921 2896 commenticiis
1979 2831 2143 2895 talia
2195 2831 2461 2897 finxisse
2508 2831 2849 2919 constet⁴),

552 2938 779 3003 deinde
828 2939 1026 3003 etiam
1069 2938 1547 3022 Hieronymum
1592 2937 1671 3002 de
1720 2937 1875 3001 viris
1922 2937 2014 3001 ill.
2065 2960 2119 3004 v.
2156 2936 2374 3006 Iustus
2413 2937 2553 3002 Tib.
2601 2936 2681 3023 (c.
2735 2939 2847 3023 14)

551 3050 616 3113 et
674 3069 731 3110 v,
785 3043 1116 3110 Modestus
1182 3043 1262 3130 (c.
1310 3042 1424 3131 32)
1480 3044 1680 3108 verba
1742 3049 1799 3108 et
1860 3046 1989 3126 ipse
2043 3042 2387 3130 (Sophron.
2433 3042 2543 3110 καὶ
2611 3041 2846 3130 αὐτός)

551 3171 898 3237 usurpasse
942 3155 1170 3232 notum
1215 3151 1323 3235 sit,
1369 3173 1760 3236 quamquam
1806 3151 1969 3216 liber
2016 3152 2152 3216 eius
2198 3151 2487 3217 ordinem
2524 3151 2845 3216 librorum

550 3255 698 3341 περὶ
747 3253 1127 3343 ὁμωνύμων
1171 3280 1300 3323 non
1349 3258 1642 3343 sequitur
1688 3255 1795 3344 (cf.
1824 3281 1989 3343 quae
2037 3257 2168 3322 dixi
2214 3257 2450 3322 Annal.
2478 3256 2632 3340 phil.
2668 3258 2847 3322 1880

525 3345 540 3361 ⁰
550 3388 614 3449 p.
642 3367 772 3431 822
827 3363 1008 3451 not.).
1099 3363 1543 3430 Nihilominus
1602 3369 1819 3430 autem
1879 3365 1955 3428 de
2012 3363 2175 3427 libro
2230 3359 2380 3447 περὶ
2438 3356 2848 3446 ὁμωνύμων,

551 3472 731 3537 fonte
776 3471 1114 3556 Hesychii‚
1170 3471 1458 3536 dubitari
1512 3472 1764 3557 nequit,
1819 3473 2033 3555 potest
2088 3469 2348 3554 quidem
2396 3470 2472 3535 de
2529 3467 2848 3534 Demetrii

698 3643 749 3707 1)
804 3639 1023 3694 Nomen
1078 3641 1401 3708 corrupt-um
1457 3654 1579 3692 esse
1636 3636 1881 3692 constat:
1932 3631 2244 3705 Ἀργεσφῶν
2283 3634 2457 3705 libri,
2510 3630 2847 3704 Ἀργεσιφῶν

553 3718 615 3774 Ο.
648 3717 953 3774 Schneider
990 3718 1140 3786 apud
1169 3718 1553 3773 Nietzschium
1590 3719 1627 3772 l.
1660 3723 1705 3773 c.
1736 3719 1795 3772 et
1822 3717 1881 3772 C.
1910 3714 2038 3770 Keil
2065 3732 2153 3784 ap.
2184 3714 2521 3770 Volkmann.
2550 3733 2605 3785 p.
2633 3715 2685 3768 X
2710 3718 2848 3783 not.‚

547 3795 846 3868 Ἀγεσιφῶν
875 3798 1088 3867 Rohde,
1109 3798 1249 3853 Mus.
1274 3798 1450 3854 Rhen.
1472 3797 1703 3852 XXXIV
1726 3815 1779 3866 p.
1796 3802 1899 3852 621
1930 3797 2075 3864 not.;
2102 3795 2334 3851 nomina
2360 3795 2614 3850 confudit
2641 3795 2847 3862 Maass,

553 3877 738 3947 Biogr.
778 3896 831 3947 p.
861 3882 930 3931 54
968 3879 1082 3931 not.
1507 3926 1512 3931 .

695 3958 751 4024 2)
790 3955 982 4010 Addas
1021 3953 1159 4013 Eud.
1199 3974 1251 4026 p.
1284 3962 1390 4010 443
1426 3955 1682 4026 Κόριννα
1722 3952 1887 4025 ἑτέρα
1928 3987 1992 3996 --
2032 3954 2149 4010 καὶ
2183 3951 2371 4024 αὐτή.

695 4039 770 4104 3)’
798 4033 909 4090 Sed
944 4034 1246 4104 Didymum
1284 4051 1476 4090 eorum
1512 4039 1733 4090 tantum
1771 4035 2068 4091 nonnullos
2115 4033 2517 4103 composuisse,
2564 4034 2660 4101 qui
2696 4035 2845 4100 apud

553 4118 836 4172 scaenicos
887 4131 1115 4184 graecos
1175 4118 1554 4184 occurrerent,
1608 4115 1995 4170 Ptolemaeum
2042 4113 2374 4169 ementitum
2420 4129 2543 4168 csse
2588 4113 2845 4168 Homeri-

484 4201 491 4209 ’
556 4213 747 4251 corum
784 4197 1016 4250 heroum
1055 4195 1478 4265 cognominatos
1514 4195 1605 4265 (cf.
1649 4195 1808 4249 Phot.
1848 4194 1970 4249 cod.
2013 4197 2163 4262 190),
2200 4196 2351 4248 recte
2388 4195 2605 4249 monuit
2642 4193 2845 4261 Maass,

559 4275 745 4345 Biogr.
783 4294 837 4345 p.
871 4282 940 4331 64
976 4278 1090 4331 not.

699 4360 752 4423 4)
793 4355 1192 4423 Quaestionem
1229 4357 1581 4424 perturbavit
1617 4357 1829 4424 Maass,
1867 4355 2052 4425 Biogr.
2091 4372 2145 4424 p.
2180 4360 2297 4410 121.

2999 549 3005 613 1
