3025 4892
508 215 585 268 Vl
1441 211 1869 267 PRAEFATIO.

509 375 996 454 Gutschmid,
1021 377 1092 439 in
1130 397 1347 460 quem,
1386 376 1645 459 opinor,
1680 377 1911 441 melius
1951 375 2275 460 convenit,
2311 375 2481 460 quod
2523 375 2601 438 de
2630 373 2799 440 Lon-

508 466 662 551 gino
701 465 944 530 dietum
986 469 1111 529 est:
1163 461 1643 548 βιβλιοθήκῃ
1696 488 1812 541 τις
1861 455 1955 548 ἦν
2013 467 2357 550 ἔμψυχος
2406 461 2535 528 καὶ
2586 479 2798 547 περι-

508 555 813 618 πατοῦν
861 563 1276 637 μουσεῖον,
1331 554 1443 637 qui
1498 576 1749 619 summa
1804 576 1948 619 cum
2006 553 2458 619 benevolentia
2508 552 2799 617 omnium

507 642 962 708 historicorum
1001 642 1172 706 vitas
1202 643 1525 708 recensuit
1561 663 1997 728 magnumque
2024 643 2539 708 coniecturarum
2574 662 2797 706 nume-

509 754 650 796 rum
690 752 940 796 meeum
978 732 1184 796 amice
1220 732 1739 797 communicavit.
1802 731 2033 796 Hercle
2062 731 2222 797 mihi
2250 730 2331 796 ad
2368 729 2563 796 Plinii
2594 752 2801 794 exem-

508 821 690 905 plum
727 820 920 884 fateri
957 819 1134 884 licet:
1181 819 1371 884 mihi
1416 826 1651 903 certe,
1698 821 2059 906 quotiens
2107 819 2403 905 aliquid
2452 819 2801 884 abditum

509 930 820 993 quaem,
874 907 1012 972 ille
1066 909 1476 974 thesaurus
1525 914 1658 974 est.
1740 907 1875 975 Neo
1930 910 2145 974 minus
2200 912 2421 994 grates
2474 908 2801 973 debendae

507 1000 586 1062 A.
624 997 928 1063 Daubio
965 996 1409 1083 Friburgensi‚
1454 998 1565 1082 qui
1602 1003 1946 1082 postquam
1982 1020 2101 1082 per
2141 998 2397 1063 litteras
2437 997 2601 1061 mihi
2638 996 2801 1061 mul·

507 1092 612 1151 tas
648 1086 752 1150 vel
793 1086 1272 1152 emendationes
1318 1087 1418 1150 vel
1465 1087 1867 1152 coniecturas
1925 1087 2005 1150 ad
2051 1085 2361 1171 Hesychii
2415 1087 2589 1151 vitas
2640 1107 2803 1150 non-

509 1175 660 1239 dum
723 1175 1090 1258 publicatas
1153 1176 1256 1240 vel
1319 1175 1527 1240 adhuc
1588 1175 1657 1240 in
1712 1176 2153 1260 manuscripto
2216 1175 2543 1258 depositas
2602 1173 2806 1257 misit,

511 1264 788 1345 benigne
837 1264 1031 1328 etiam
1078 1285 1328 1329 mecum
1376 1264 1740 1348 corrigendi
1786 1264 2157 1329 molestiam
2202 1263 2486 1346 suscepit
2530 1263 2805 1346 insigni-

518 1374 641 1436 que
689 1374 833 1416 oum
879 1352 1200 1417 industria
1235 1353 1505 1438 peregit.
1576 1352 1713 1418 Neo
1760 1353 1991 1417 merita
2037 1352 2225 1417 laude
2265 1351 2661 1417 fraudandus
2703 1355 2810 1416 est

510 1440 801 1505 Paulus
839 1441 1139 1528 Knapp,
1175 1443 1503 1526 professor
1540 1442 1864 1536 gymnasii
1902 1441 2369 1527 TubingensiS‚
2410 1442 2521 1527 qui
2560 1445 2625 1506 et
2660 1440 2806 1524 ipse

513 1529 946 1595 emendationi
993 1551 1255 1613 operam
1302 1530 1494 1596 dedit.

692 1634 934 1720 Scripsi
980 1657 1200 1701 mense
1245 1635 1589 1702 Decembri
1644 1639 1830 1703 1881.
