3025 4892
1103 228 1529 287 nEsYchS.
2370 222 2455 291 97

356 396 671 465 CCCLXI.
741 392 1252 482 Θεόφραστος
1291 394 1609 461 Μελάντα
1654 392 1984 479 γναφέως,
2032 393 2102 459 οἰ
2136 389 2210 458 δὲ
2248 390 2455 459 Λέον-

170 528 311 587 τος,
361 499 482 570 ἀπὸ
514 499 862 589 Ἐρεσσοῦ,
908 498 1238 587 ἀκουστὴς
1277 497 1770 589 Ἀριστοτέλους
1819 499 1929 568 καὶ
1979 498 2296 586 διάδοχος
2338 503 2456 584 τῆς

171 612 416 695 σχολῆς
471 613 585 697 τῆς
639 610 714 676 ἐν
767 612 858 699 τῷ
915 607 1249 698 περιπάτῳ
1303 604 1418 675 ὑπ’
1479 604 1688 675 αὐτοῦ
1752 611 2307 693 καταλειφθείσης
2362 608 2457 683 εἰς

171 720 464 783 Χαλκίδα
513 713 1025 803 ἐκδημήσαντος.
1117 706 1316 794 οὗτος
1361 712 1694 801 πρότερον
1743 715 2034 781 ἐκαλεῖτο
2092 710 2457 800 Τύρταμος,

173 821 285 888 διὰ
349 822 416 889 δὲ
465 822 540 890 τὸ
595 829 804 901 θείως
857 821 1135 910 φράζειν
1189 818 1305 889 ὑπ’
1351 818 1843 905 Ἀριστοτέλους
1888 820 2139 905 ἐκλήθη
2186 816 2457 906 Εὕφρα-
2482 843 2508 882 5

173 950 351 1013 στος,
393 928 526 997 εἶτα
573 929 1022 1017 Θεόφραστος,
1068 926 1288 1016 ῶσπερ
1327 928 1619 996 Πλάτων
1666 926 1778 995 διὰ
1823 927 1897 995 τὸ
1951 930 2023 995 ἐν
2059 938 2200 1005 τοῖς
2236 923 2461 1011 λόγοις

170 1034 413 1115 πλάτος
446 1038 644 1103 τοῦτο
685 1035 1160 1124 ἐπωνομάσθη,
1205 1033 1537 1122 πρότερον
1580 1032 1993 1120 καλούμενος
2022 1031 2460 1121 Ἀριστοκλῆς.

173 1140 473 1228 μαθητὰς
511 1142 586 1210 δὲ
633 1148 780 1230 ἔσχε
825 1151 1058 1211 πλεῖον
1103 1138 1145 1228 ἢ
1196 1146 1585 1230 δισχιλίους,
1632 1142 1971 1229 ἐρώμενον
2020 1141 2093 1207 δὲ
2139 1138 2260 1207 τὸν
2293 1136 2461 1227 Ἀρι-

175 1250 518 1327 στοτέλους
561 1247 719 1317 υίὸν
763 1254 886 1317 τοῦ
924 1247 1308 1337 φιλοσόφου
1351 1246 1764 1334 Νικόμαχον.
1848 1246 2131 1334 ἐτιμήθη
2173 1246 2245 1314 δὲ
2283 1242 2460 1334 παρὰ

177 1354 594 1445 Κασσάνδρῳ
640 1358 730 1447 τῶ
763 1352 1220 1442 Ἀντιπάτρου,
1266 1353 1378 1421 καὶ
1423 1358 1694 1443 τελευτᾷ
1738 1353 2115 1433 κατάπονος
2159 1350 2291 1421 ὑπὸ
2340 1355 2462 1421 τοῦ
2492 1376 2541 1415 ιο

179 1458 280 1528 ἀεὶ
329 1460 610 1550 γράφειν
653 1460 1036 1549 γενόμενος,
1084 1458 1224 1529 εἶτα
1271 1459 1512 1541 ἐνδοὺς
1558 1462 1661 1529 ἐπὶ
1706 1466 2018 1549 βραχείας
2054 1458 2303 1549 ἡμέρας
2349 1456 2462 1527 διὰ

177 1571 482 1653 μαθητοῦ
518 1567 788 1656 γάμους.
842 1572 1071 1653 βιβλία
1110 1566 1184 1635 δὲ
1222 1564 1432 1635 αὐτοῦ
1469 1566 1903 1655 πάμπλειστα,
1950 1557 2048 1635 ῶν
2086 1567 2195 1633 καὶ
2233 1570 2465 1633 ταῦτα·

180 1670 591 1742 ἀναλυτικῶν
627 1674 971 1761 προτέρων
1015 1672 1107 1760 γ’,
1157 1671 1579 1742 ἀναλυτικῶν
1612 1672 1913 1763 ὑστέρων
1954 1671 2035 1759 ζ’,
2082 1672 2469 1751 ἀναλύσεως

181 1785 673 1891 συλλογισμῶν,
721 1778 1142 1875 ἀναλυτικῶν
1193 1779 1534 1867 ἐπιτομήν,
1578 1778 1976 1869 ἀνηγμένων
2020 1779 2268 1864 τόπων,
2315 1778 2465 1865 περὶ

181 1892 430 1973 φυτῶν,
466 1888 614 1975 περὶ
654 1894 895 1973 λίθων,
936 1887 1086 1971 περὶ
1123 1887 1488 1975 μετάλλων,
1526 1887 1676 1975 περὶ
1717 1884 1970 1975 ὀδμῶν,
2014 1887 2199 1971 [τοὺς
2225 1895 2465 1956 καλου-
2494 1910 2548 1951 15

181 1996 423 2079 μένους
467 1999 906 2082 χαρακτῆρας]
956 1994 1064 2061 καὶ
1113 1990 1298 2062 ἄλλα.

357 2102 716 2171 CCCLXII.
779 2100 1469 2187 [Θεοφύλακτος
1516 2154 1531 2169 .
1559 2154 1576 2171 .
1623 2101 1972 2189 σοφιστής,
2018 2092 2071 2192 ᾧ
2111 2100 2469 2188 ἐπώνυμον

184 2208 564 2294 Σιμοκάτης
593 2262 610 2277 .
638 2262 650 2274 .
682 2210 724 2294 .]

360 2316 752 2384 CCCLXIII.
817 2315 1105 2395 Θέσπις
1146 2312 1468 2401 Ἰκαρίου,
1513 2314 1769 2395 πόλεως
1811 2311 2124 2401 Ἀττικῆς,
2164 2311 2476 2403 τραγικὸς

187 2420 641 2502 ἑκκαιδέκατος
686 2420 815 2489 ἀπὸ
855 2426 976 2490 τοῦ
1013 2419 1284 2507 πρῶτον
1321 2423 1693 2510 γενομένου
1729 2424 2265 2513 τραγῳδιοποιοῦ
2302 2417 2468 2486 Ἐπι-
2500 2445 2553 2483 20

185 2529 419 2611 γένους
464 2532 585 2597 τοῦ
624 2534 1015 2597 Σικυωνίου
1052 2530 1422 2614 τιθέμενος,
1469 2525 1560 2609 ῶς
1598 2528 1677 2596 δέ
1708 2554 1904 2614 τινες,
1953 2526 2264 2613 δεύτερος
2311 2552 2471 2614 μετα

180 2631 551 2721 Ἐπιγένην·
609 2634 802 2702 ἄλλοι
861 2634 934 2702 δὲ
995 2631 1206 2703 αὐτὸν
1251 2637 1520 2720 πρῶτον
1562 2633 1883 2723 τραγικὸν
1928 2637 2242 2723 γενέσθαι
2290 2638 2476 2721 φασί.

185 2741 292 2807 καὶ
337 2744 604 2825 πρῶτον
651 2740 775 2829 μὲν
826 2748 1060 2830 χρίσας
1103 2739 1178 2809 τὸ
1226 2740 1591 2829 πρόσωπον
1638 2750 1945 2835 ψιμυθίῳ
1994 2741 2477 2835 ἐτραγῳδησεν,

328 2918 582 2975 CCCLXI
619 2920 770 2976 Eud.
809 2939 863 2991 p.
894 2926 1014 2976 370.
1057 2920 1136 2977 cf.
1168 2920 1360 2990 Steph.
1388 2920 1521 2989 Byz.
1559 2940 1611 2975 v.
1640 2916 1886 2991 Ἔρεσος.
1934 2920 2014 2977 cf.
2045 2922 2276 2990 Usener,
2315 2920 2476 2975 Anal.

189 2999 552 3071 Theophrast.
591 3001 762 3069 (Lips.
799 3004 955 3070 1858)
992 3019 1046 3071 p.
1083 3007 1146 3055 13
1177 3018 1311 3070 seq„
1349 3000 1531 3070 Daub‚
1560 3001 1629 3056 de
1659 3001 1808 3055 Suid.
1838 3019 1893 3071 p.
1924 3008 2027 3057 463
2140 3009 2169 3056 1
2208 3000 2479 3055 Μελάντα

189 3077 346 3149 Diog.
382 3080 450 3147 V,
489 3086 558 3134 36
597 3083 657 3135 et
691 3082 950 3137 meliores
989 3082 1196 3136 Suidae
1233 3081 1364 3135 libri
1401 3078 1705 3135 Μελάντου
1743 3082 1841 3140 rel.
1988 3079 2047 3137 οἱ
2088 3080 2153 3136 δὲ
2195 3112 2260 3120 -
2294 3074 2479 3146 Ἐρεσ-

191 3162 288 3214 σοῦ
328 3177 436 3215 om.
465 3161 619 3215 Eud.
773 3168 804 3215 2
838 3155 1097 3231 Ἐρισσοῦ
1130 3165 1177 3213 A
1209 3155 1440 3230 Ἐρεσοῦ
1476 3163 1812 3233 Bernhardy
1955 3161 2053 3217 καὶ
2098 3158 2365 3230 διάδοχος
2414 3192 2480 3199 -

190 3236 401 3310 γάμους
438 3256 546 3294 om.
585 3238 737 3295 Eud.
775 3258 1012 3312 pergens
1051 3239 1302 3311 ἔγραψεν
1349 3236 1580 3297 ἀναλυτ.
1618 3262 1668 3296 κ.
1706 3264 1750 3297 τ.
1790 3248 1835 3297 λ.
2002 3250 2034 3299 8
2074 3260 2141 3297 ex
2177 3241 2301 3296 Par.
2343 3258 2479 3297 corr.

193 3319 489 3389 Kana-203,
535 3314 572 3389 ἢ
611 3318 718 3376 δύο
745 3324 880 3377 vetis.
911 3322 1035 3377 edd.
1159 3328 1224 3377 13
1261 3317 1566 3385 ἀναλύσεις
1598 3323 1748 3377 Eud.
1789 3324 1917 3391 περὶ
1954 3319 2280 3386 ἀναλύσεως
2316 3322 2479 3392 Diog.

193 3398 255 3466 V,
283 3406 316 3452 2
346 3417 476 3455 mox
503 3395 815 3455 ἀναλυτικά
844 3419 973 3472 pars
1001 3402 1127 3457 libr.
1237 3409 1302 3457 14
1330 3398 1526 3456 τύπων
1557 3402 1697 3458 coni.
1727 3404 2003 3458 Kusterus
2029 3398 2209 3473 λόγων
2230 3404 2484 3458 Brandis

194 3477 378 3535 τόπων
407 3485 613 3534 ABVE
641 3482 764 3537 edd.
793 3484 931 3539 vett.
1081 3488 1144 3536 15
1185 3482 1263 3536 sio
1301 3487 1346 3534 A
1382 3483 1511 3551 περὶ
1548 3486 1691 3551 λίθ.,
1730 3483 1858 3551 περὶ
1897 3504 2025 3552 φυτ.
2063 3485 2208 3554 vulq.
2354 3484 2485 3551 post

194 3554 380 3629 ὀδμῶν
418 3561 572 3615 Eud.
618 3564 756 3628 (ΔΜ.
797 3564 852 3611 1
886 3562 980 3630 al.)
1021 3562 1146 3616 add.
1194 3561 1292 3615 καὶ
1337 3558 1470 3625 τούς
1518 3562 1903 3633 καλουμένους
1948 3564 2325 3632 Χαρακτῆρας
2373 3580 2480 3616 om.

195 3645 422 3708 ABVE,
459 3644 801 3711 quapropter
838 3641 1107 3711 expunxit
1133 3642 1425 3711 Gaisford,
1464 3661 1498 3698 a
1534 3644 1818 3699 Demetrio
1857 3642 2239 3713 Chalcondyla
2275 3643 2487 3696 inserta

195 3737 310 3775 esse
351 3737 465 3775 non
498 3720 761 3791 probavit
795 3722 972 3776 Puloh
1008 3741 1063 3791 p.
1104 3728 1196 3789 75,
1234 3717 1434 3791 ἠθικοὶ
1469 3723 1819 3792 χαρακτῆρες
1854 3723 2063 3792 legitur
2100 3722 2263 3793 Diog.
2301 3723 2341 3777 1.
2380 3738 2427 3775 c.

202 3806 262 3855 16
300 3800 445 3854 Add.
485 3800 686 3854 Suidas
723 3800 1074 3871 epigramma.
1109 3801 1335 3857 Anthol.
1375 3802 1493 3857 Pal.
1534 3802 1667 3870 VII,
1711 3808 1811 3857 110

337 3886 622 3943 CCCXLII
687 3887 768 3943 Cf.
815 3886 1184 3960 Σιμοκάττης.
1267 3892 1350 3945 De
1409 3890 1625 3961 origine
1679 3892 1903 3961 glossae
1960 3892 2074 3946 dixi
2120 3893 2261 3946 Mne.
2306 3890 2489 3969 Rhen.

85 4032 98 4045 ‘
197 3968 400 4023 XXXV
438 3987 492 4038 p.
531 3974 635 4023 229
667 3985 780 4037 seq.

336 4054 647 4110 CCCLXIII
685 4057 836 4112 Eud.
875 4076 930 4128 p.
960 4065 1080 4117 376.
1121 4060 1200 4115 Cf.
1222 4060 1504 4127 Weloker,
1533 4060 1625 4114 Gr.
1654 4058 1818 4130 Trag.
1848 4078 1902 4129 p.
1938 4066 2003 4113 16
2116 4066 2180 4115 19
2214 4055 2487 4129 Ἰκαριεύς

200 4136 336 4191 coni.
367 4135 662 4190 Reinesius
698 4135 825 4190 coll.
856 4156 906 4191 v.
936 4136 1206 4208 Μάγνηςς
1245 4140 1345 4195 sed
1383 4139 1451 4193 cf.
1482 4138 1740 4193 Meineke
1774 4140 1797 4192 Ι
1834 4158 1888 4208 p.
1919 4146 1988 4194 30
2097 4146 2166 4195 20
2203 4143 2487 4211 τραγῳδο-

199 4216 362 4271 ποιοῦ
400 4214 552 4270 Eud.
663 4223 728 4270 21
771 4211 845 4279 ὦς
881 4218 946 4272 δέ
985 4238 1134 4281 τινες
1175 4250 1237 4258 -
1278 4237 1421 4288 φασι
1457 4235 1567 4274 om.
1596 4218 1747 4271 Eud.
1859 4215 2128 4288 δεύτερον
2161 4223 2311 4275 ABE
2340 4222 2486 4290 vuly.

177 4302 334 4352 'corn
368 4296 645 4350 Kasterus
788 4302 854 4351 22
893 4292 1049 4352 ἄλλοι
1088 4296 1151 4352 δὲ
1192 4292 1366 4352 αὐτὸν
1406 4299 1628 4367 πρῶτον
1664 4293 1935 4367 τραγικὸν
1977 4299 2253 4367 γενέσθαι
2292 4304 2489 4371 φασίν,

202 4375 270 4443 ὡς
299 4376 364 4432 δέ
394 4396 562 4445 τινες,
591 4372 859 4445 δεύτερον
887 4375 1029 4448 μετὰ
1052 4373 1355 4447 Ἐπιγένην
1382 4380 1627 4434 tentavit
1644 4378 1977 4449 Bernhardy
2077 4386 2147 4434 23
2174 4382 2423 4453 ’ψιμιθίῳ
2443 4385 2489 4431 A

264 4504 268 4509 -
303 4478 610 4529 Ennomus,
638 4476 706 4517 ed.
733 4476 893 4519 Flach.
2035 4476 2064 4524 7
