3025 4892
1049 231 1619 293 PROLEGOMENA.
2342 229 2471 287 XIX

176 401 302 468 Sed
359 406 812 487 praeterquam
868 400 1037 486 quod
1094 421 1224 465 non
1271 399 1591 484 optimum
1640 397 2095 482 Onomatologi
2144 397 2473 481 exemplar

173 511 245 573 in
290 511 592 574 manibus
639 510 948 573 habuisse
984 507 1308 592 putandus
1347 509 1464 589 est,
1513 509 1854 588 tantopere
1892 502 2203 589 Hesychii
2241 503 2473 568 doctri-

173 638 331 680 nam
387 618 568 700 parvi
629 617 810 700 fecit,
865 619 938 679 ut
992 636 1142 679 mox
1199 614 1331 678 suis
1387 613 1653 696 ineptiis
1710 611 2029 696 nugisque
2076 633 2217 674 eam
2264 609 2473 694 inqui-

173 726 383 806 naret,
420 722 718 806 inprimis
753 745 900 787 cum
941 722 1332 787 christianae
1371 718 1613 802 aliquid
1652 739 1720 782 se
1757 717 1906 781 fidei
1934 717 2165 782 debere
2202 717 2475 782 arbitra-

175 834 358 894 retur
395 825 504 914 (cf.
550 833 698 894 ante
738 851 960 894 omnes
1003 852 1057 895 v.
1090 822 1410 909 Ἰώσηπος
1447 829 1514 889 et
1553 819 1991 908 Λουκιανός),
2040 845 2187 889 mox
2233 827 2473 886 temere

176 957 252 1000 ac
307 959 536 1020 parum
591 936 935 1021 diligenter
984 957 1062 999 ex
1117 935 1198 998 iis
1245 931 1460 1010 libris,
1518 953 1677 1015 qnos
1724 932 2118 1016 perlegerat,
2171 931 2351 995 velut
2398 953 2471 994 ex

175 1041 444 1109 Laertio
491 1044 809 1129 Diogene,
855 1042 1289 1124 Philostrato,
1334 1037 1701 1116 DamasciO,
1752 1036 2072 1121 Eunapio‚
2115 1034 2474 1118 Athenan,

177 1173 254 1214 ex
294 1150 622 1214 nonnullis
661 1151 956 1235 patribus
989 1145 1463 1229 ecclesiasticis,
1490 1146 1670 1211 velut
1698 1165 1775 1208 ex
1806 1141 2087 1228 Socrate,
2114 1141 2475 1207 Philostor-

177 1255 290 1338 gio
300 1306 319 1339 ,
365 1253 758 1339 Sophronio,
803 1256 994 1339 plura
1041 1252 1430 1318 describeret
1468 1251 1749 1334 vitisque
1788 1249 2218 1332 Hesychianis
2260 1249 2476 1313 adiun-

177 1366 382 1446 geret,
427 1363 571 1446 ipsa
607 1363 743 1427 vita
781 1360 1198 1445 Hesychiana
1241 1379 1507 1443 prorsus
1544 1357 1681 1422 fere
1720 1357 1961 1422 reiecta
2000 1354 2107 1440 (cf.
2140 1350 2475 1441 Ἀρίσταρ-

175 1491 296 1552 χος
349 1473 514 1551 Τεγ.,
562 1464 924 1553 Ἱεροκλῆς,
981 1465 1314 1550 Σεβῆρος,
1381 1463 1735 1529 Τελέσιλλα
1796 1462 1908 1550 al.)
1956 1463 2057 1526 vel
2105 1467 2289 1547 parte
2336 1463 2475 1527 eius

178 1577 423 1641 omissa
489 1573 598 1663 (cf.
659 1570 1174 1658 Καλλισθένης.)
1191 1569 1239 1659 1)
1339 1569 1478 1635 Nec
1540 1571 1757 1635 minus
1822 1571 1889 1634 id
1950 1570 2263 1654 probasse
2316 1569 2479 1633 mihi

183 1750 314 1786 cum
350 1738 395 1783 V
431 1731 568 1785 facit
603 1731 662 1785 in
699 1730 777 1800 gl.
811 1725 1173 1800 Ἐπιμενίδης
1201 1730 1330 1796 (om.
1360 1724 1554 1795 πόρρω
1584 1723 1842 1798 χρόνον),
1873 1721 2288 1796 Ἐρατοσθένης
2325 1727 2476 1796 (Hes,

179 1809 442 1882 ἐγγίζων,
479 1817 526 1863 V
564 1805 815 1879 ἐγγίσας,
851 1809 950 1861 rel.
992 1803 1339 1878 ἔγγίσαντα),
1378 1823 1490 1874 qua
1520 1807 1581 1860 in
1607 1806 1729 1862 vita
1765 1808 1916 1862 solus
1954 1807 2257 1877 genuinam
2283 1807 2477 1860 lectio·

177 1909 314 1946 nem
341 1892 494 1958 Βῆτα
533 1890 780 1945 servavit
817 1886 1062 1960 (βήματα
1103 1886 1256 1942 Suid.
1287 1887 1469 1957 libri),
1518 1903 1755 1956 quorum
1792 1890 2091 1958 utrumque
2128 1904 2350 1942 servare
2386 1902 2477 1941 co·

181 1975 353 2026 natur
379 1971 562 2038 Daub‚
590 1969 746 2024 Stud.
769 1988 825 2038 p.
847 1975 940 2035 843
969 1968 1046 2038 gl.
1072 1965 1379 2030 Γενέθλιος
1405 1966 1563 2040 solus.
1584 1967 1835 2024 servavit
1861 1969 1981 2044 μιᾷ.
2005 2000 2069 2008 -
2099 1968 2183 2024 De
2210 1968 2479 2022 librorum

178 2051 688 2120 manuscriptorum
725 2049 916 2103 indole
952 2064 1017 2101 ac
1055 2050 1257 2101 natura
1293 2046 1440 2101 infra
1483 2054 1514 2114 ᾖ
1549 2056 1583 2103 4
1631 2049 1864 2105 dicetur.
1904 2080 1971 2089 -
2018 2049 2102 2104 De
2137 2047 2480 2103 tenuissimis

177 2128 484 2201 excerptis,
540 2145 682 2198 quae
737 2128 798 2182 in
853 2128 1100 2182 Zonarae
1156 2127 1306 2196 quod
1359 2127 1538 2183 fertur
1592 2130 1775 2185 lexico
1823 2131 2041 2198 extant,
2096 2128 2216 2184 dixi
2260 2129 2478 2183 UnterS.

173 2230 234 2280 p.
272 2215 342 2264 92
371 2227 484 2278 seq.

329 2298 381 2365 1)
431 2297 593 2362 Quod
629 2297 798 2352 etiam
849 2295 919 2350 de
966 2297 1362 2353 nonnullorum
1407 2297 1903 2368 grammaticorum
1948 2299 2081 2354 vitis
2131 2297 2481 2368 crediderim,

177 2377 471 2446 Apollonii
507 2381 565 2431 et
599 2376 920 2431 Herodiani.
997 2378 1298 2446 Utriusque
1333 2381 1481 2432 enim
1520 2379 1665 2433 vitas
1703 2379 1840 2434 olim
1876 2379 2274 2448 locupletiores
2311 2380 2479 2435 fuisse

179 2455 482 2511 manifesto
520 2457 788 2526 probatur
823 2455 944 2511 vita
981 2455 1293 2525 Apollonii,
1333 2475 1475 2526 quae
1514 2459 1616 2512 sub
1648 2458 1951 2513 Theodosii
1988 2457 2345 2529 grammatici
2381 2476 2476 2512 no-

177 2536 334 2589 mine
363 2537 536 2590 fertur
565 2553 601 2590 a
629 2536 932 2606 Sylburgio
959 2537 1237 2604 (Francos.
1272 2541 1430 2608 1590)
1464 2539 1619 2594 edita
1650 2543 1710 2595 et
1736 2557 1803 2595 ex
1831 2540 1955 2595 Par.
1986 2545 2125 2595 2603
2152 2539 2227 2592 ab
2254 2538 2481 2593 Osanno

179 2616 258 2668 ad
293 2614 525 2671 Philem.
566 2635 619 2686 p.
660 2622 763 2672 306
811 2615 904 2684 (cf.
941 2617 1114 2672 etiam
1151 2618 1370 2688 Lenta,
1407 2618 1707 2674 Herodian.
1746 2619 1775 2672 I
1800 2637 1857 2690 p.
1889 2627 1949 2688 63
1987 2619 2234 2686 Bekker,
2272 2618 2479 2674 Anecd.

179 2713 237 2764 p.
273 2697 458 2764 1141),
505 2695 603 2750 sed
651 2713 686 2750 a
720 2695 1146 2750 Westermanno
1196 2697 1402 2751 omissa
1462 2697 1557 2768 (cf.
1596 2697 1998 2766 Wachsmuth,
2048 2699 2237 2768 Symb.
2285 2717 2337 2768 p.
2381 2705 2483 2752 144

177 2779 351 2847 not),
411 2778 471 2832 in
517 2777 672 2830 cuius
719 2775 882 2830 initio
918 2775 1261 2845 Hesychiani
1308 2777 1510 2832 coloris
1546 2778 1791 2848 vestigia
1828 2783 2170 2851 comparent.
2244 2779 2481 2833 Textum

181 2857 457 2926 descripsi
505 2857 566 2911 in
617 2856 928 2928 appendice
977 2874 1030 2911 n.
1073 2857 1116 2912 I.
1201 2855 1364 2921 Quod
1415 2861 1607 2912 autem
1656 2859 1725 2913 de
1776 2860 1882 2915 hac
1934 2859 2056 2915 vita
2106 2859 2355 2925 constat,
2411 2858 2483 2911 de

177 2939 307 2992 vita
349 2936 691 3008 Menagiana
723 2935 1045 2992 Aristotelis
1084 2937 1271 2992 valere
1317 2939 1523 3009 negavi
1568 2940 1782 2996 Unters.
1822 2959 1874 3010 p.
1917 2947 1985 2996 93
2014 2957 2157 3010 seq„
2204 2939 2357 3010 quod
2392 2937 2481 2992 vel

179 3015 440 3071 Platonis
469 3017 589 3071 vita
615 3016 687 3070 ab
715 3015 994 3086 Hesychio
1025 3016 1307 3086 descripta
1342 3019 1583 3074 maxime
1611 3021 1897 3089 probatur.
1964 3020 2307 3076 Eri-averunt
2333 3018 2483 3072 enim

177 3097 358 3163 Rose,
406 3096 575 3152 Arist.
627 3097 826 3151 Pseud.
869 3114 924 3165 p.
966 3100 1032 3151 18
1069 3113 1184 3165 seq.
1245 3097 1322 3166 (et
1365 3096 1683 3166 Susemihl,
1734 3099 1904 3156 Arist.
1943 3100 2108 3154 Polit.
2157 3118 2211 3169 p.
2260 3095 2483 3166 XLIII),

179 3179 509 3247 Schneider,
532 3175 750 3231 Gallim.
764 3178 816 3230 II
834 3193 889 3245 p.
907 3181 994 3244 26,
1017 3176 1197 3244 Heitz,
1217 3177 1352 3232 verl.
1366 3175 1647 3233 Schriften
1666 3179 1721 3234 d.
1736 3179 1967 3234 Aristot.
1990 3198 2044 3249 p.
2064 3184 2148 3243 15,
2168 3177 2482 3245 Nietzsche,

178 3260 331 3314 Mus·
349 3259 526 3314 Rhen.
549 3257 730 3312 XXIV
754 3275 808 3325 p.
832 3263 963 3325 216,
990 3257 1204 3323 Maass,
1231 3257 1419 3327 Biogr.
1449 3276 1503 3328 p.
1526 3263 1593 3311 81
1624 3261 1681 3313 et
1702 3264 1818 3314 119.
1849 3258 2057 3314 Verum
2086 3256 2483 3314 vidit-Wachs-

179 3339 376 3405 muth,
418 3337 604 3407 Symb.
635 3355 688 3406 p.
725 3341 839 3390 138.
879 3335 1066 3391 Codex
1094 3335 1345 3406 Menagii
1373 3333 1471 3391 ubi
1498 3337 1704 3406 lateat,
1732 3339 2050 3408 ignoratur,
2081 3338 2178 3392 sed
2207 3340 2363 3392 extat
2390 3354 2482 3391 ea-

180 3420 317 3472 dem
358 3419 480 3474 vita
524 3418 582 3471 in
627 3417 813 3472 codice
855 3417 1151 3472 chartaceo
1190 3417 1504 3486 Patmensi,
1554 3435 1720 3486 quem
1761 3418 2059 3487 descripsit
2099 3416 2484 3482 Tischendorf,

177 3499 370 3554 Wien.
402 3497 592 3554 Jahrb.
619 3502 720 3550 110
749 3496 920 3551 Anzb.
949 3514 1004 3566 p.
1029 3499 1117 3566 17)
1147 3499 1208 3552 et
1230 3496 1318 3551 bis
1347 3497 1637 3566 descripta
1664 3499 1751 3552 est
1781 3498 1840 3552 in
1868 3497 1989 3553 cod.
2018 3497 2389 3552 Ambrosiano
2416 3489 2495 3550 R:

183 3587 290 3634 117
333 3596 450 3648 sup.
490 3593 636 3632 saec.
667 3576 768 3631 XV
804 3577 899 3645 (cf.
937 3576 1085 3632 Rose
1124 3577 1160 3630 l.
1201 3593 1246 3632 c.
1286 3596 1341 3647 p.
1375 3582 1440 3630 10
1479 3578 1539 3631 et
1568 3582 1697 3641 7093
1736 3576 2056 3633 Aristotelis
2094 3576 2177 3631 ed.
2219 3576 2400 3630 Berol.
2433 3575 2481 3628 V

179 3681 241 3731 p.
265 3662 442 3727 1466).
483 3658 601 3713 Nec
630 3657 810 3727 magis
838 3658 996 3712 valet
1021 3659 1090 3713 de
1119 3658 1239 3713 vita
1262 3655 1585 3712 Aristotelis
1612 3656 1914 3725 Marciana,
1944 3673 2112 3728 quam
2143 3655 2356 3710 exVen.
2379 3661 2483 3710 300

180 3741 318 3810 (leg.
349 3741 475 3806 257)
503 3737 684 3792 edidit
711 3737 904 3792 Robbe
935 3739 1134 3808 (Lugd.
1165 3737 1290 3792 Bat.
1317 3739 1492 3806 1861).
1534 3736 1841 3806 Utramque
1868 3737 2063 3805 vitam,
2090 3733 2481 3803 Menagianam

180 3824 246 3876 et
283 3817 626 3873 Marcianam
668 3817 724 3870 in
772 3815 1080 3886 appendice
1117 3836 1171 3871 n.
1214 3817 1416 3872 IV-—V
1453 3817 1729 3887 recensui,
1778 3815 2121 3873 Marcianam
2168 3831 2293 3868 cum
2334 3812 2483 3866 notis

179 3897 382 3954 Ervini
413 3897 647 3952 Rohdei.
697 3897 954 3951 Fortasse
983 3896 1156 3952 etiam
1185 3914 1252 3952 ex
1281 3895 1692 3968 Onomatologo
1720 3898 1990 3953 nonnulla
2018 3895 2310 3962 fluxerunt,
2338 3907 2483 3960 quae

179 3982 244 4034 in
276 3976 572 4033 cod.Vind.
604 3976 808 4031 XLVII
836 3975 895 4030 in
915 3975 1033 4030 Cat.
1052 3976 1336 4033 Vind.VII
1364 3995 1420 4047 p.
1444 3983 1545 4032 189
1576 3978 1665 4046 (cf.
1696 3977 1869 4032 etiam
1890 3974 2103 4042 nonde,
2133 3975 2274 4028 Mus.
2303 3971 2481 4026 Rhen.

179 4058 424 4115 XXXIII
461 4076 513 4127 p.
547 4059 670 4128 169)
707 4057 776 4110 de
813 4056 1138 4113 Ptolemaeo
1179 4055 1414 4113 Claudio
1451 4057 1663 4112 tradita
1700 4060 1895 4113 extant
1930 4059 2078 4126 (app.
2118 4074 2171 4109 n.
2200 4053 2304 4122 II),
2350 4069 2483 4121 quo-

143 4159 306 4198 .rum
348 4141 566 4210 partem
605 4136 902 4192 ediderunt
935 4136 1131 4205 Lentz,
1169 4137 1376 4194 Herod.
1408 4136 1433 4189 1
1459 4156 1513 4207 p.
1546 4143 1576 4192 7
1616 4141 1676 4192 et
1708 4136 1936 4207 Nobbe,
1974 4135 2117 4190 Ptol.
2155 4153 2209 4204 p.
2239 4133 2343 4186 XX
2372 4134 2483 4201 (to-

175 4225 306 4275 tam
343 4219 494 4274 enim
532 4217 939 4285 Hesychianam
977 4233 1099 4272 esse
1137 4221 1328 4290 nego),
1369 4234 1495 4272 cum
1532 4216 1775 4288 Oppiani
1810 4218 1987 4272 vitam
2024 4219 2175 4286 (app.
2204 4234 2256 4270 n.
2287 4214 2387 4284 III)
2424 4213 2484 4267 in

177 4301 310 4355 cod.
349 4297 560 4353 Matrit.
598 4297 700 4350 XX
739 4295 956 4366 (Iriarte
992 4315 1048 4366 p.
1087 4299 1179 4366 82)
1219 4297 1576 4354 Constantini
1610 4297 1867 4352 Lascaris
1912 4314 2082 4352 manu
2120 4297 2386 4366 scriptam
2426 4298 2487 4348 et

177 4399 252 4434 ex
303 4378 426 4432 vita
461 4376 799 4432 editionibus
838 4375 1146 4446 praemissa
1183 4379 1501 4448 (Westerm.
1542 4396 1596 4448 p.
1637 4382 1727 4446 65)
1774 4379 1835 4431 et
1879 4394 1947 4432 ex
1993 4377 2198 4433 Suidae
2245 4375 2483 4430 articulo

1981 4467 2058 4521 b*
