3025 4892
556 207 705 264 XXV
715 207 789 261 111
1431 205 1993 261 PROLEGOMENA.

557 366 932 455 Σώφιλος
959 407 1043 416 -
1077 373 1308 453 Δημία
1337 393 1395 454 p.
1427 373 1671 454 Ληλία,
1711 366 2195 453 Μουσώνιος
2230 405 2301 417 --
2339 372 2759 458 Βοοασινίου
2796 393 2859 452 p.

555 479 995 560 Βουλσινίου,
1033 470 1366 561 Ὅμηρος
1417 513 1492 523 -
1542 471 1921 562 Ἰαμονίδης
1968 499 2029 560 p.
2061 470 2437 561 Ἰδμονίδης
2474 482 2543 542 et
2588 481 2857 559 Μνησι-

555 583 794 668 γένους
864 608 925 669 p.
962 581 1599 670 ’Μελησιγένουςῑ),
1671 578 2065 666 Εὐσέβιος
2131 577 2493 672 Οὐαπιανῷ
2558 607 2620 668 p.
2681 577 2853 648 Οὐλ-

555 691 804 780 πιανῷ,
862 692 1266 773 Σωσίβιος
1315 689 1617 754 παλαιῶν
1672 688 1823 755 fort.
1867 709 1985 773 pro
2032 670 2321 755 σταιδιῶν
2368 690 2447 756 al.
2496 687 2607 774 (cf.
2654 691 2852 756 etiam

555 797 814 864 Unters.
850 820 912 881 p.
944 798 1024 861 71
1049 792 1227 882 seq.).

733 911 847 979 Sin
901 912 1194 978 codicum
1243 911 1669 977 Suidanorum
1728 917 1792 978 et
1842 915 2000 978 vett.
2048 911 2187 978 edd.
2233 912 2545 979 lectiones
2596 936 2853 998 percur-

555 1024 776 1106 rimus,
810 1019 1129 1086 nonnulla
1165 1021 1430 1085 omnino
1471 1020 1709 1084 rectius
1747 1020 1883 1105 legi·
1915 1019 1985 1084 in
2022 1018 2301 1084 ABEM
2331 1019 2625 1085 videmus
2656 1018 2757 1104 (in
2782 1019 2852 1084 M

555 1136 694 1196 tum
725 1150 884 1194 corr.
915 1125 1440 1212 Chalcondylas),
1485 1149 1633 1193 cum
1663 1127 1793 1192 alia
1822 1127 2052 1192 menda
2082 1127 2445 1192 communia
2484 1128 2620 1192 sint
2648 1125 2853 1192 BEM

560 1237 732 1320 vulg.
783 1234 929 1299 Ald.
967 1233 1149 1317 Eud,
1195 1234 1537 1318 permultis
1588 1235 1804 1298 autem
1842 1233 2002 1299 locis
2040 1233 2307 1299 ABVE
2349 1235 2706 1319 genuinam
2748 1258 2847 1300 ex-

551 1343 822 1407 hibeant
859 1341 1232 1424 lectionem,
1273 1338 1506 1424 reliqui
1542 1340 1881 1424 vitiosam,
1933 1342 2110 1406 velut
2150 1341 2251 1406 illi
2297 1341 2678 1427 plerumque
2717 1343 2851 1407 τῶν

554 1446 786 1534 δήμων
825 1447 948 1537 (sic
976 1447 1035 1511 A
1073 1471 1130 1514 v.
1164 1442 1526 1530 Ἀντιφῶνς
1564 1447 1795 1532 corrig.
1827 1444 2181 1512 Bernhard.
2220 1447 2395 1533 app.)
2430 1450 2543 1514 rel.
2566 1444 2701 1514 τὸν
2743 1450 2853 1533 δῆ-

552 1580 714 1642 μον;
753 1557 1008 1642 saepius
1054 1554 1254 1621 etiam
1284 1554 1341 1620 E
1381 1554 1561 1619 solus
1599 1558 1769 1620 recte
1798 1554 1974 1639 legit,
2012 1555 2193 1620 cuius
2225 1554 2566 1622 librarium
2597 1561 2852 1622 textum

552 1665 903 1732 correxisse
942 1657 1256 1746 cense0.²)
1315 1662 1392 1726 In
1429 1661 1771 1746 permultis
1808 1664 2024 1726 autem
2061 1662 2222 1727 locis
2262 1663 2391 1728 AV
2436 1661 2852 1748 (quibuscum

553 1774 685 1837 fere
733 1770 1054 1836 consentit
1100 1768 1454 1834 Vaticanus
1511 1792 1553 1834 a
1598 1768 1924 1835 Pearsono
1984 1770 2317 1856 excussus)
2374 1771 2548 1836 solos
2604 1775 2852 1836 rectam

553 1877 894 1944 lectionem
933 1877 1174 1942 habere
1211 1877 1541 1961 perspexit
1576 1873 1981 1961 Kusterus³)‚
2028 1875 2193 1940 unde
2240 1877 2522 1960 plurima
2567 1879 2854 1943 remedia

554 1984 760 2050 textui
797 1982 1032 2050 Suidae
1073 1984 1456 2068 corruptelis
1495 1983 1833 2067 inquinato
1872 1985 2146 2049 afferret.
2219 1985 2530 2050 Attamen
2568 1985 2851 2050 multum

555 2093 762 2176 abest,
791 2095 862 2155 ut
891 2095 1229 2176 utrumque
1258 2091 1497 2156 librum
1522 2095 1833 2175 tanquam
1863 2114 2062 2156 unum
2088 2096 2279 2178 atque
2308 2093 2674 2159 absolutum
2702 2094 2853 2158 fun-

555 2198 931 2261 damentum
976 2202 1192 2264 textus
1231 2196 1500 2264 Suidani
1547 2220 1687 2262 esse
1736 2183 2211 2284 arbitremur4),
2258 2222 2402 2264 cum
2450 2222 2655 2284 aequo
2704 2223 2849 2266 sae-

697 2430 750 2498 1)
797 2423 1210 2497 Μελησαγόρας
1253 2444 1358 2497 pro
1395 2423 1782 2496 Μνησαγόρας
1820 2429 2060 2483 occurrit
2096 2429 2355 2499 Apollod.
2393 2429 2498 2498 ΙΙΙ,
2539 2436 2631 2497 10,
2670 2435 2727 2499 3;
2782 2432 2853 2488 cf.

557 2509 779 2579 Heyne,
819 2507 962 2563 obss.
1004 2507 1074 2560 ad
1113 2508 1216 2576 Ap.
1255 2526 1308 2577 p.
1348 2513 1470 2575 358,
1509 2506 1671 2562 Voss.
1711 2507 1839 2562 hist.
1878 2507 1971 2564 Gr.
2008 2527 2063 2580 p.
2092 2515 2161 2564 22
2192 2509 2366 2565 West.

695 2588 751 2654 2)
789 2587 988 2654 Velut,
1025 2588 1091 2640 ut
1127 2587 1305 2642 oratio
1335 2586 1557 2656 plenior
1588 2586 1713 2656 fiat,
1751 2588 1899 2642 solus
1926 2589 2176 2658 pluriens
2207 2589 2415 2644 addens
2444 2589 2535 2646 δὲε
2576 2592 2644 2646 cf.
2674 2596 2853 2661 Καρ-

554 2672 745 2728 κῖνος
783 2667 873 2734 aL,
910 2666 1002 2721 vel
1039 2665 1270 2720 titulum
1310 2667 1592 2736 corrigens
1631 2686 1681 2723 v.
1716 2665 1907 2723 Θέων
1934 2663 2023 2723 'AL
2060 2670 2150 2737 (cf.
2181 2669 2369 2735 Daub‚
2402 2668 2558 2725 Stud.
2588 2690 2642 2740 p.
2676 2675 2785 2736 54).

696 2749 748 2813 3)
797 2745 878 2799 Cf.
926 2763 975 2799 v.
1017 2741 1317 2815 Κλήμης,
1363 2747 1461 2800 ubi
1496 2751 1598 2800 Av
1634 2743 2082 2818 αὐτοκράτορας,
2126 2753 2285 2801 ΒΕΠ
2329 2748 2455 2803 Ald.
2495 2749 2635 2804 Eud.
2680 2746 2852 2806 αὖτο-

559 2825 860 2892 κρατορίας
897 2825 970 2878 al.

695 2904 750 2972 4)
797 2903 1082 2972 Editores,
1129 2905 1226 2975 qui
1261 2923 1450 2975 presse
1487 2907 1729 2977 vestigia
1770 2907 1930 2964 codd.
1969 2912 2069 2960 ΑΥ
2106 2909 2283 2963 secuti
2320 2911 2475 2978 sunt,
2524 2910 2851 2980 saepissime

551 2984 824 3054 Hesychii
869 2987 1087 3042 textum
1123 2985 1354 3041 ridicule
1394 2990 1758 3054 vexaverunt,
1808 2987 1963 3042 velut
2008 2985 2072 3042 δὲ
2122 2990 2250 3057 post
2296 2985 2509 3057 ἔγραψε
2550 3007 2679 3045 mox
2718 3009 2849 3045 cum

551 3069 654 3118 AV
691 3064 1024 3134 inserentes,
1071 3083 1198 3121 mox
1245 3084 1370 3120 cum
1416 3067 1618 3122 iisdem
1658 3069 2035 3134 removentes,
2083 3084 2195 3136 qua
2236 3067 2295 3122 in
2341 3085 2400 3122 re
2438 3085 2638 3124 moneo
2680 3087 2851 3125 vocu-

552 3147 668 3200 lam
717 3143 930 3213 ἕγραψε
979 3145 1071 3200 vel
1117 3143 1366 3215 γέγραφε
1417 3148 1507 3202 vel
1543 3143 1785 3216 ποιήσας
1820 3146 2105 3202 nonnullis
2152 3147 2321 3218 locis,
2358 3149 2455 3202 ubi
2505 3149 2850 3206 locutionem

554 3225 753 3291 violet,
801 3225 1000 3280 lectori
1037 3225 1229 3280 deberi
1276 3226 1364 3294 (cf.
1401 3221 1691 3296 Ἀντιφῶν,
1734 3223 2144 3298 Ἀριστόδημος,
2187 3222 2491 3296 Ἀρριανός,
2530 3225 2851 3300 Αὔγουστος

552 3311 801 3374 Καῖσαρ,
837 3302 1151 3374 Ζηνόδοτος
1174 3300 1288 3374 Ἄλ.,
1317 3303 1592 3377 Στράττις
1614 3301 1720 3361 Ὀλ.
1756 3307 1875 3379 [ubi
1912 3307 1985 3360 ad
2015 3307 2262 3376 glossam
2296 3305 2599 3363 Stratonici
2629 3308 2851 3379 physici

553 3384 847 3456 pertinet]‚
884 3385 1122 3440 fortasse
1161 3405 1209 3440 v.
1251 3381 1596 3457 Εὖστέφιος,
1629 3381 1955 3455 Ἰσίδωρος),
1988 3419 2050 3426 -—
2080 3386 2376 3442 verborum
2416 3387 2614 3442 seriem
2658 3388 2851 3458 inepte

552 3467 834 3531 tenentes,
872 3466 1029 3520 velut
1062 3485 1116 3521 v.
1153 3463 1482 3539 Λιβάνιος
1529 3463 1800 3537 σοφιστὴς
1831 3461 2135 3536 Ἀντιοχεύς
2171 3483 2272 3537 pro
2304 3461 2434 3522 Ἄντ.
2476 3486 2603 3536 σοφ.
2644 3468 2742 3537 aL,
2794 3489 2845 3524 v.

548 3538 761 3617 Ἰόβας
797 3561 922 3600 cum
958 3551 1006 3599 Δ
1041 3549 1376 3616 reponentes
1421 3543 1597 3604 πολλὰ
1642 3543 1795 3602 πάνυ
1847 3547 1937 3615 (cf.
1977 3566 2028 3602 v.
2065 3543 2359 3616 Φάλαρις),
2405 3566 2455 3602 v.
2504 3549 2846 3618 Προαιρὲ-

553 3644 696 3688 σιος
733 3642 858 3680 cum
885 3631 1041 3679 AVB
1081 3631 1464 3698 expungentes
1499 3624 1684 3697 παρά,
1722 3627 1869 3696 quod
1898 3627 2136 3682 maxime
2174 3627 2546 3682 necessarium
2576 3631 2680 3686 est.
2726 3630 2848 3686 Nec

552 3705 736 3760 minus
775 3709 1022 3762 errantes
1059 3726 1109 3764 v.
1147 3703 1483 3779 Λιβάνιος
1521 3725 1646 3764 cum
1675 3712 1828 3760 AVB
1866 3707 2257 3778 praeferebant
2292 3707 2552 3763 vitiosam
2588 3709 2701 3763 τῶν
2750 3707 2847 3764 ἐπὶ

550 3783 793 3855 χρόνων,
845 3785 1068 3856 aliaque
1116 3789 1537 3858 expungebant,
1582 3787 1715 3856 quia
1762 3788 1967 3843 absunt
2002 3792 2047 3839 A
2094 3787 2184 3841 vel
2222 3791 2283 3854 V,
2331 3803 2472 3855 quae
2520 3789 2739 3859 saepius
2784 3789 2846 3844 in

550 3868 768 3922 textum
811 3867 1098 3936 revocavi,
1149 3867 1392 3938 exempli
1438 3868 1624 3936 gratia
1669 3869 1918 3922 extrema
1965 3869 2133 3923 verba
2177 3867 2252 3937 gl.
2300 3863 2673 3941 Πολύβιος,
2721 3872 2843 3924 tum

553 3947 722 4002 verba
761 3943 975 4016 ἔγραψε
1011 3947 1103 4002 vel
1141 3941 1367 4015 γράψας
1395 3962 1495 4000 nec
1528 3946 1709 4000 minus
1747 3945 1829 4009 εἷς
1867 3951 1997 4002 ante
2025 3949 2136 4002 τῶν
2174 3945 2316 4002 δέκα
2354 3943 2607 4018 ρητόρων
2645 3951 2705 4004 et
2729 3952 2844 4004 τῶν

552 4021 603 4090 ζ’
644 4027 836 4096 σοφῶν
874 4043 1004 4081 mox
1039 4025 1326 4096 ponebant
1363 4041 1492 4080 mox
1530 4025 1894 4098 omittebant,
1931 4043 2269 4096 quamquam
2304 4044 2484 4096 neque
2520 4027 2581 4082 in
2607 4033 2711 4081 AV
2748 4047 2845 4084 ne-

550 4123 658 4173 que
694 4106 753 4160 in
796 4107 896 4162 rel.
935 4107 1146 4162 certam
1193 4106 1312 4161 eius
1357 4105 1437 4160 rei
1475 4105 1752 4162 rationem
1789 4105 2146 4176 conspicuam
2183 4123 2301 4162 esse
2348 4109 2593 4174 constat,
2640 4107 2843 4164 deinde

551 4181 620 4238 τοὶ
661 4188 790 4240 ante
827 4177 990 4256 μιῖχρι
1027 4187 1119 4242 vel
1158 4185 1263 4250 ἕως
1300 4189 1358 4242 et
1394 4189 1526 4256 post
1564 4184 1776 4256 ἔγραψε
1817 4203 1945 4241 mox
1982 4204 2109 4241 cum
2145 4186 2302 4240 libris
2340 4185 2679 4243 omittebant
2712 4207 2845 4244 mox

553 4264 860 4334 addebant,
899 4283 1238 4336 quamquam
1267 4265 1525 4322 omnibus
1550 4266 1790 4323 fortasse
1819 4266 1959 4322 locis
1987 4267 2359 4322 revocandum
2390 4269 2473 4320 est
2503 4267 2592 4336 (cf.
2622 4265 2844 4337 Κοδρά-

551 4366 644 4408 τος
678 4348 735 4400 et
763 4346 835 4400 ad
869 4366 915 4401 v.
947 4342 1256 4415 Σώπατρος
1278 4342 1430 4415 Ἄτη).
1487 4347 1564 4400 Ut
1591 4346 1895 4402 minutiora
1932 4346 2169 4414 denique
2196 4346 2597 4416 perstringam,
2636 4365 2686 4402 v.
2716 4348 2843 4408 Ξέ·
