3025 4892
58 0 79 190 f

52 315 59 526 f

1223 209 1653 268 HESYCHI‘US.
2500 210 2581 276 '¹11

274 375 574 462 γέμοντα
611 317 1029 462 θαυμάτων.
1055 373 1298 460 τέχνην
1334 370 1722 462 ῥητορικήν,
1762 367 1850 459 ἢν
1878 368 2039 458 μετὰ
2066 383 2288 460 χεῖρας
2316 376 2587 458 ἔχουσιν

277 479 604 565 ἅπαντες,
648 481 800 569 περὶ
846 479 1146 549 στάσεων
1189 483 1458 566 βιβλίον
1507 479 1613 564 ἕν,
1659 477 1809 566 περὶ
1854 481 2057 548 ίδεῶν
2102 474 2315 564 λόγου
2358 481 2586 565 βιβλία

284 591 386 676 β’,
423 587 438 681 Ι
475 589 628 673 περὶ
662 593 890 676 κοίλης
934 592 1194 674 Συρίας
1237 585 1307 674 β’
1347 585 1390 677 Ι.

466 695 770 764 CCLXX.
831 691 1262 783 Ἑρμόλαος
1305 689 1757 781 γραμματικὸς
1784 689 2587 778 Κωνσταντινουπόλεως,

285 803 554 887 γράψας
597 799 720 889 τὴν
767 799 1088 889 ἐπιτομὴν
1131 803 1268 869 τῶν
1309 797 1645 868 'Devexo-'711
1695 797 2060 884 Στεφάνου
2103 803 2585 888 γραμματικοῦ,
2610 825 2638 866 ε

281 917 902 994 προσφωνηθετσαν
941 905 1402 998 Ἰουστινιανῷ
1450 909 1541 999 τῷ
1587 911 1863 992 βασιλεῖ.

471 1007 804 1084 CCLXXI.
875 1012 1340 1102 Εὐάγγελος
1387 1010 1695 1101 κωμικός.
1784 1015 1922 1083 τῶν
1968 1013 2327 1103 δραμάτων
2372 1010 2586 1084 αὐτοῦ

289 1121 481 1187 ἐστιν
494 1116 1164 1208 Ἀνακαλυπτόμενος,
1193 1117 1284 1201 ὥς
1313 1117 1675 1207 Ἀθήναιος
1690 1119 1764 1188 έν
1790 1133 1931 1200 τοῖς
1960 1127 2587 1209 Δειπνοσοφισταϊς.

473 1226 838 1297 CCLXXII.
903 1225 1320 1314 Εὐαγόρας
1367 1232 1647 1310 Λίνδιος
1701 1226 2050 1316 ἱστορικός.
2140 1232 2385 1314 ἔγραψε
2430 1233 2585 1314 βίον

288 1334 714 1422 Τιμαγένους
747 1335 856 1403 καὶ
894 1335 1136 1422 ἑτέρων
1173 1337 1456 1420 λογίων,
1505 1334 1800 1422 ζητήσεις
1838 1331 2002 1403 κατὰ
2048 1348 2379 1421 στοιχεῖον
2415 1341 2584 1403 Θου·
2614 1357 2666 1398 1⁰

277 1443 609 1526 κυδίδου,
665 1442 902 1530 τέχνην
950 1437 1312 1530 ῥητορικὴν
1365 1440 1438 1508 έν
1484 1447 1773 1528 βιβλίοις
1816 1440 1889 1527 ε’,
1934 1445 2071 1511 τῶν
2116 1438 2294 1529 παρὰ
2330 1449 2586 1510 Θουκυ-

280 1553 448 1639 δίδῃ
509 1549 930 1637 ζητουμένων
992 1545 1159 1616 κατὰ
1212 1547 1423 1630 λέξιν,
1489 1551 1795 1636 ἱστορίαν
1852 1574 1922 1617 τε
1975 1549 2415 1637 περιέχουσαν
2468 1546 2589 1628 τὰς

283 1661 684 1744 Αἰγυπτίων
729 1659 1085 1743 βασιλείας.
1183 1657 1196 1676 ’

333 1770 340 1774 ’
465 1762 868 1832 CCLXXIII.
958 1759 1376 1848 Εὗάγριος.
1487 1752 1687 1842 οὗτος
1750 1768 1995 1850 ἔγραψε
2071 1758 2401 1849 διάφορα,
2474 1762 2585 1830 καὶ

275 1867 651 1957 ὑπόμνημα
696 1872 791 1948 είς
833 1865 954 1948 τὰς
995 1871 1353 1955 παροιμίας
1399 1871 1864 1956 Σολομῶντος.
2614 1890 2665 1930 ιε

433 2133 462 2182 1
509 2128 578 2182 de
615 2125 783 2200 τέχνῃ
823 2127 891 2183 cf.
930 2145 981 2182 v.
1020 2123 1360 2195 Μένανδρος
1395 2123 1715 2190 Λαοδικεύς
1752 2127 1812 2181 et
1852 2124 2242 2200 Μητροφάνης
2288 2122 2582 2198 σοφιστήςς

275 2209 605 2278 sequentia,
643 2224 984 2278 quamquam
1022 2208 1174 2266 recte
1213 2222 1272 2260 se
1307 2204 1546 2274 habent,
1583 2206 1821 2262 fortasse
1859 2209 1933 2263 ab
1970 2208 2093 2278 ipso
2121 2208 2350 2263 librario
2388 2207 2587 2263 addita

275 2289 417 2342 suni.
523 2294 556 2343 3
593 2304 738 2358 quae
777 2287 980 2342 seclusi
1019 2289 1091 2341 ad
1127 2286 1366 2340 alterum
1401 2284 1814 2356 Hermogenem
1852 2291 2124 2356 spectant,
2164 2304 2331 2358 quem
2366 2287 2581 2356 laudat,

272 2371 554 2437 tanquam
572 2367 897 2437 scriptorem
920 2366 1185 2422 derebus
1213 2364 1351 2432 Iud„
1377 2361 1647 2435 Iosephus
1676 2384 1721 2422 c.
1744 2367 1943 2440 Apion.
1966 2368 2008 2435 Ι,
2026 2375 2110 2425 23.
2140 2367 2428 2424 Nonnulla.
2455 2367 2582 2423 add.

274 2448 486 2506 Suidas
521 2465 589 2503 ex
615 2448 939 2503 Philostrat.
970 2447 1008 2502 l.
1039 2463 1084 2501 c.
1113 2445 1406 2513 alteroque
1433 2444 1591 2501 fonte
1621 2445 1919 2515 descripta.
1959 2447 2040 2504 Cf.
2070 2448 2221 2503 Eud.
2245 2465 2298 2516 p.
2330 2451 2433 2502 289
2462 2447 2583 2502 not.

427 2525 729 2583 CCLXIXb
775 2528 903 2582 Non
939 2527 1213 2582 absonum
1247 2523 1445 2592 fucrit,
1483 2525 1577 2581 hic
1614 2525 1855 2582 inserere
1894 2544 2039 2597 quae
2077 2527 2246 2583 titulo
2275 2526 2581 2596 Smyrnaeo

275 2609 346 2665 C.
375 2610 417 2663 Ι.
446 2609 538 2664 Gr.
567 2608 645 2678 11,
679 2613 708 2662 1
745 2627 800 2662 n.
829 2613 968 2664 3311
1007 2607 1076 2662 de
1112 2605 1467 2676 Hermogene
1507 2605 1811 2674 Smyrnaeo
1848 2607 2005 2664 dicta
2042 2609 2197 2676 sunt,
2244 2619 2585 2675 quamquam

275 2688 358 2744 ad
394 2687 661 2758 Hesychii
697 2689 880 2744 fontes
917 2687 1056 2743 haec
1097 2705 1212 2744 non
1248 2688 1503 2758 spectare
1541 2687 1711 2756 plane
1746 2687 2116 2758 dignoscitur:
2156 2679 2477 2757 συνέγραψε
2518 2685 2583 2742 δέ

277 2769 484 2842 βυβλία
525 2764 746 2838 ἰατρικὰ
786 2766 891 2838 μὲν
923 2762 1027 2837 οἵ,
1067 2761 1316 2838 ἱστορικὰ
1355 2763 1419 2820 δὲ
1458 2767 1589 2833 περὶ
1616 2763 1885 2837 Σμύρνης
1922 2764 1984 2822 α’
2020 2765 2098 2841 β’,
2136 2767 2265 2838 περὶ
2292 2768 2392 2836 τῆς
2419 2762 2582 2837 Ὁμή-

274 2868 386 2916 ρου
434 2850 637 2917 σοφίας
672 2847 758 2919 α’,
803 2849 901 2904 καὶ
947 2850 1218 2919 πατρίδος
1262 2841 1344 2916 α’,
1393 2839 1571 2909 Ἀσίας
1616 2847 1851 2901 κτίσεων
1893 2842 1976 2924 α’,
2024 2843 2304 2918 Εὐρώπης
2348 2849 2583 2902 κτίσεων

273 2925 346 2983 α’
389 2924 444 3001 β’
485 2924 542 2996 γ’
582 2925 661 2998 δ’,
706 2923 928 2998 νήσσων
973 2925 1056 2998 α’,
1095 2923 1272 2992 Ἀσίας
1308 2927 1667 2998 σταδιασμῶν
1706 2925 1787 2996 α’,
1835 2927 1933 2983 καὶ
1970 2923 2250 2998 Εὐρώπης
2288 2923 2373 2996 α’,
2423 2946 2583 2999 στρα-

277 3004 622 3076 τηγημάτων
649 3005 713 3063 α’
745 3005 824 3079 β’,
861 3010 1031 3075 πίναξ
1060 3003 1348 3078 Ῥωμαίων
1376 3005 1476 3061 καὶ
1502 3009 1846 3077 Σμυρναίων
1875 3005 2113 3078 διαδοχὴ
2145 3005 2294 3063 κατὰ
2324 3003 2580 3079 χρόνους.

273 3088 368 3142 De
405 3087 605 3156 quibus
643 3088 711 3144 cf.
751 3088 955 3144 Miiller
991 3089 1070 3144 111
1107 3107 1161 3158 p.
1191 3093 1294 3143 523

426 3165 662 3222 CCLXX
698 3169 851 3225 Eud.
888 3187 943 3238 p.
981 3173 1086 3222 293
1241 3171 1273 3221 5
1315 3163 1532 3236 ἔγραψε
1572 3169 1723 3224 Eua.
1873 3173 1905 3224 6
1942 3167 2075 3223 inde
2121 3166 2308 3238 ipsum
2346 3167 2583 3238 Stepha-

273 3265 416 3302 num
471 3247 799 3317 Byzantium
862 3250 1090 3304 ineunte
1147 3247 1370 3302 saeculo
1427 3250 1583 3304 sexto
1633 3243 1877 3303 Ἐθνικά
1924 3248 2316 3319 conscripsisse
2380 3247 2583 3303 merito

275 3328 561 3384 conclusit
603 3327 820 3399 Rohde,
857 3329 998 3384 Mus.
1037 3328 1214 3384 Rhen.
1253 3326 1488 3382 XXXIV
1524 3346 1578 3398 p.
1620 3333 1720 3383 563
1757 3331 1875 3384 not.
2054 3337 2088 3386 6
2126 3329 2201 3404 τῷ
2240 3329 2478 3385 accessit
2513 3346 2582 3384 ex

273 3413 490 3462 ABVE

427 3489 691 3545 CCLXXI
748 3487 828 3545 Cf.
868 3489 1124 3544 Meineke
1162 3488 1187 3541 1
1222 3505 1278 3557 p.
1317 3493 1439 3542 492.
1512 3487 1597 3543 De
1633 3487 1917 3558 Hesychio
1953 3489 2177 3544 dubitat
2211 3489 2383 3544 Daub

275 3574 317 3623 8
369 3564 889 3646 Ἀνατιαλυπτομένη
952 3569 1154 3626 Athen.
1210 3567 1342 3622 XIV
1396 3586 1450 3639 p.
1508 3575 1641 3639 644,
1696 3569 1846 3640 quod
1908 3569 2113 3640 probat
2168 3570 2419 3625 Meineke
2470 3585 2579 3625 rec.

289 3649 567 3707 Westerm,
619 3645 1168 3719 Ἀνακαλυπτόμενος
1202 3647 1334 3703 libri

425 3729 720 3785 CCLXXII
754 3729 925 3785 Eud.'
944 3746 998 3799 p.
1037 3734 1157 3785 285.
1232 3727 1451 3784 Dubiae
1497 3729 1631 3784 fidei
1667 3729 1997 3786 memoriam
2044 3728 2163 3783 eius
2196 3731 2391 3783 extare
2429 3729 2579 3800 apud

276 3810 420 3866 Mos.
452 3808 688 3864 Chorcn.
719 3807 790 3878 ΙΙ,
823 3815 887 3865 13
914 3811 1106 3866 monet
1135 3809 1456 3866 Gutschmid
1564 3817 1597 3866 9
1629 3808 1843 3881 ἔγραψε
1872 3843 1938 3850 -
1963 3810 2193 3884 βιβλίοις
2222 3805 2264 3862 ε’
2297 3823 2404 3865 om.
2425 3813 2578 3862 Anv

274 3890 549 3962 expunxit
575 3889 876 3960 Gaissord.,
911 3891 1086 3946 habei,
1124 3890 1295 3946 etiam
1322 3890 1496 3960 Eud„
1533 3891 1751 3945 nullam
1781 3888 2114 3961 suspicionis
2144 3903 2368 3943 causam
2398 3889 2579 3943 inesse

275 3974 475 4026 censet
494 3970 816 4026 Gutschmid
916 3976 982 4024 10
1009 3970 1212 4039 λογίων
1239 3965 1466 4040 ἀνδρῶν
1487 3970 1640 4025 Eud.
1672 3966 1925 4040 ζητήσεις
1952 3965 2097 4024 κατὰ
2129 3975 2406 4038 στοιχεῖον
2435 3971 2578 4024 Θου·

273 4053 519 4107 κυδίδου
548 4051 690 4107 miro
718 4066 901 4106 errore
929 4066 1037 4106 om.
1067 4051 1278 4106 Bekker
1313 4068 1427 4106 non
1455 4051 1737 4106 diversum
1776 4067 1897 4105 esse
1934 4067 1970 4104 a.
2004 4048 2151 4104 libro
2188 4048 2335 4103 infra
2370 4065 2576 4104 memo-

272 4135 403 4187 rato
439 4131 585 4186 vidit
621 4129 910 4196 Gaisfordg
948 4147 1021 4184 an
1059 4131 1418 4185 Θουκυδίδου
1465 4147 1595 4184 cum
1634 4130 1785 4185 Eud.
1833 4128 2168 4196 delendum?
2220 4130 2390 4182 Θουκ.
2429 4122 2578 4183 κατὰ

273 4227 450 4279 στοιχ.
479 4210 650 4264 Daub
782 4213 846 4263 12
885 4205 1134 4278 ἴστορίαν
1171 4211 1300 4280 περὶ
1337 4211 1437 4280 τῆς
1473 4208 1790 4280 Αἰγυπτίων
1831 4210 2115 4279 βασιλείας
2153 4225 2259 4263 om.
2290 4227 2349 4270 ,τε
2385 4209 2539 4263 Eud.

423 4289 741 4344 CCLXXIII
791 4306 899 4345 om.
948 4288 1222 4346 Westerm.
1298 4289 1376 4346 cf.
1425 4291 1677 4362 Apostol.
1725 4290 1775 4358 Ι,
1823 4294 1891 4344 34
1929 4290 1984 4345 b.
2068 4287 2386 4358 Fabricius,
2436 4287 2575 4346 bibl.

271 4371 372 4428 Gr.
413 4369 545 4440 VII,
583 4375 691 4425 434
