3025 4892
497 194 629 257 254
745 272 754 281 ,
1447 195 1837 253 APPENDIX.

497 353 1034 440 ἀποδεικνύντα’,
1079 356 1189 423 καὶ
1237 358 1312 424 ἐν
1355 368 1497 436 τοῖς
1542 353 1809 441 ἠθικοῖς
1858 361 2358 443 Νικομαχείοις·
2404 359 2619 444 εφίλος
2650 356 2785 444 μὲν

497 460 534 528 ὁ
599 460 806 550 ἀνήρ,
873 468 1034 549 φίλη
1102 461 1177 530 δὲ
1241 459 1282 549 ἡ
1339 460 1736 549 ἀ<λήθεια>·
1802 461 2059 550 ἀμφοῖν
2124 464 2199 531 δὲ
2259 470 2488 550 φίλοιν
2540 463 2787 551 ὄντοιν,

499 566 692 638 ὅσιον
755 573 1088 656 προτιμᾶν
1142 567 1266 655 τὴν
1319 565 1707 656 ἀλήθειαν’,
1766 570 1875 637 καὶ
1934 571 2007 637 ἐν
2062 584 2202 649 τοῖς
2248 570 2614 657 μετεώροις·
2654 562 2788 639 ‘05²1

499 674 619 761 <τά
669 677 792 764 μὲν
837 674 1288 765 ἀπορο>ῦμεν,
1333 680 1469 745 τῶν
1519 676 1593 745 δὲ
1642 676 2077 764 ἑφαπτόμεθά
2123 705 2275 746 τινα
2321 677 2614 764 τρόπον’,
2663 678 2785 745 καὶ

445 808 472 847 5
501 785 575 852 ἐν
631 798 772 864 τοῖς
834 782 1088 864 αὐτοῖς·
1151 778 1319 869 ‘0¹31
1376 780 1575 867 ἅπαξ,
1634 781 1795 851 οὐδὲ
1854 787 1987 869 δίς,
2042 780 2189 852 ἀλλ’
2241 782 2615 874 (ἀπειράκις
2662 782 2788 863 τὰς

498 887 744 977 αὐτὰς>
792 897 1105 979 γίνεσθαι
1151 902 1292 969 τοῖς
1339 886 1730 976 ἀνθρώποις
1779 889 2000 978 δόξας,
2046 894 2162 959 ἵνα
2198 888 2288 978 μὴ
2326 892 2491 979 μέγα
2526 895 2786 978 φρονῶ-

501 1022 625 1084 μεν
665 993 776 1082 ἐφ’
831 992 930 1077 οἷς
975 993 1310 1082 εὑρίσκειν
1351 987 1724 1082 δοκοῧμεν’.
1786 996 1898 1064 καὶ
1936 1000 2279 1082 (τοιοῦτος
2316 998 2439 1085 μὲν
2474 995 2629 1067 κατὰ
2660 996 2786 1065 τὸν

499 1108 652 1187 βίον
719 1104 981 1190 γέγονει
1047 1100 1083 1169 ὅ
1151 1100 1589 1189 φιλόσοφος.)
1700 1104 2077 1191 προσέθηκε
2142 1103 2217 1171 δὲ
2278 1107 2359 1193 τῇ
2425 1110 2786 1193 φιλοσοφίᾳ

495 1214 698 1277 πλείω
754 1200 854 1277 ὧν
907 1206 1063 1295 παρ’
1090 1284 1096 1289 ,
1125 1207 1327 1295 αὐτῆς
1381 1206 1781 1299 daugma}
1848 1212 1971 1298 (τῇ
2026 1209 2192 1297 μὲν)
2247 1206 2459 1299 ἠθικῇ
2529 1208 2601 1278 τὸ
2658 1207 2787 1295 τὴν

418 1341 470 1381 ιο
497 1314 939 1403 εὐδαιμονίαν
1002 1314 1164 1403 μήτε
1231 1318 1304 1384 ἐν
1359 1329 1523 1395 τοῖς·
1556 1314 1741 1396 ἐκτὸς
1795 1314 2276 1404 ἀποτίθεσθαι,
2344 1314 2435 1397 ὡς
2489 1314 2524 1384 ὁ
2579 1315 2785 1395 πολύς

496 1422 774 1509 (λαός),
821 1421 981 1510 μήτε
1031 1426 1103 1491 ἐν
1150 1428 1228 1512 τῇ
1278 1426 1455 1511 ψυχῇ
1503 1422 1755 1509 μόνον,
1816 1420 1903 1503 ὡς
1950 1420 1985 1491 ὁ
2036 1424 2362 1510 Πλάτων,
2419 1420 2564 1491 ἀλλ’
2614 1429 2789 1510 ἔχειν

497 1529 622 1617 μὲν
668 1530 741 1598 τὸ
791 1534 998 1619 κῦρος
1043 1533 1115 1599 ἐν
1163 1534 1369 1619 ψυχῇ,
1429 1531 1837 1616 ρυπαίνεθαι
1886 1530 1961 1598 δὲ
2006 1530 2117 1599 καὶ
2162 1537 2529 1617 θλίβεσθαι
2574 1529 2787 1617 μόνον

497 1634 708 1724 αὐτὴν
763 1635 896 1706 ὑπὸ
957 1642 1094 1707 τῶν
1151 1634 1336 1716 ἐκτὸς
1388 1635 1478 1723 μὴ
1538 1627 1615 1704 εὖ
1670 1635 1993 1723 ἑχόντων,
2067 1642 2323 1720 οἰκείως
2378 1650 2524 1717 ταῖς
2582 1638 2789 1717 λέξεσι

493 1743 939 1832 χρησάμενος,
1003 1744 1115 1812 καὶ
1174 1742 1303 1831 γὰρ
1359 1741 1439 1809 τὰ
1495 1741 1887 1829 ρυπούμενα
1945 1748 2147 1812 ἔνδον
2203 1742 2366 1813 αὐτὸ
2425 1742 2501 1812 τὸ
2547 1742 2788 1823 κάλλος

415 1874 468 1915 15
497 1853 659 1936 ἔχει,
718 1850 1075 1939 κρύπτεται
1128 1850 1203 1919 δὲ
1249 1848 1414 1917 κατὰ
1461 1848 1683 1937 μόνην
1727 1848 1850 1937 τὴν
1900 1850 2323 1938 ἐπιφάνειαν,
2372 1851 2483 1920 καὶ
2528 1849 2609 1919 τὰ
2651 1877 2791 1935 τρι-

494 1957 770 2042 βόμενα,
816 1954 890 2026 τὸ
939 1954 1103 2025 αὐτὸ
1153 1959 1439 2045 μέγεθος
1485 1960 1721 2043 ἔχοντα
1769 1955 1913 2025 κατ’
1955 1954 2309 2043 ἀλήθειαν,
2356 1957 2601 2027 ἐλάττω
2640 1962 2789 2044 φαί-

422 2075 460 2131 8
497 2088 684 2131 νεται·
727 2062 965 2151 μόνον.
1037 2067 1116 2153 τῇ
1163 2064 1239 2133 δὲ
1285 2068 1693 2153 φυσιολογίᾳ
1740 2065 2118 2151 προσέθηκε
2161 2061 2287 2151 τὴν
2330 2067 2632 2152 πέμπτην
2669 2064 2793 2133 οὐ·

497 2174 653 2237 σιἀν
715 2171 826 2238 καὶ
890 2168 965 2238 τὸ
1032 2170 1178 2239 κατ’
1223 2167 1565 2257 ,εἰσδοχὴν
1617 2166 1822 2256 ὁρᾶν.
1930 2174 2009 2258 τῇ
2078 2170 2151 2238 δὲ
2218 2175 2648 2259 μαθηματικῇ
2712 2170 2792 2239 τὸ

493 2273 842 2363 ὀξύγωνον
887 2276 1059 2346 εἶναι
1110 2276 1231 2345 τὸν
1280 2281 1504 2345 κῶνον
1542 2281 1679 2345 τῶν
1716 2274 1941 2358 ὄψεων
1998 2276 2111 2345 διὰ
2147 2275 2224 2346 τὸ
2273 2278 2585 2347 ἐπιπλέον
2630 2303 2794 2364 προ-

410 2408 465 2449 20
492 2384 665 2479 ΐέναι
712 2384 836 2471 τὴν
885 2382 1047 2465 ὄψιν
1095 2374 1179 2451 οὗ
1226 2380 1350 2473 ὁρᾷ
1398 2382 1753 2469 μεγέθους,
1798 2382 1909 2451 καὶ
1955 2382 2118 2450 κατὰ
2163 2394 2361 2454 τοῦτο
2407 2384 2536 2471 γὰρ
2586 2382 2797 2452 οὐδὲν

489 2496 626 2559 τῶν
685 2488 1097 2579 ὁρμωμένων
1147 2488 1310 2558 ὅλον
1366 2487 1503 2577 ἅμα
1550 2486 1816 2577 ὁρᾶται,
1878 2490 1991 2558 καὶ
2044 2488 2248 2581 ταύτῇ
2295 2496 2565 2578 μείζονα
2605 2492 2796 2577 γενέ-

491 2606 654 2665 σθαι
714 2595 835 2666 τὸν
899 2596 1108 2679 ἄξονα
1171 2600 1288 2684 τῆς
1349 2598 1420 2665 ἐκ
1472 2594 1719 2665 τούτου
1789 2598 1905 2683 τῆς
1958 2596 2219 2683 βάσεως
2270 2598 2382 2665 καὶ
2443 2596 2795 2685 ὀξύγωνον

488 2702 608 2772 τὸν
663 2709 887 2774 κῶνον
943 2702 1432 2772 ἀποτελεῖσθαι.
1524 2707 1603 2793 τῇ
1662 2702 1738 2771 δὲ
1791 2708 2113 2794 θεολογίᾳ
2167 2701 2241 2773 τὸ
2299 2702 2387 2791 μὴ
2444 2704 2525 2773 τὰ
2568 2706 2792 2772 πάντα

491 2813 808 2900 ἑγκόσμια
856 2809 1061 2898 εἶναι,
1111 2808 1203 2891 ὡς
1246 2808 1322 2879 τὸ
1371 2810 1568 2897 εἰκός,
1615 2806 1765 2877 ἀλλ’
1817 2806 1999 2878 εἷναί
2046 2838 2109 2880 τι
2158 2812 2271 2879 καὶ
2314 2808 2790 2899 ὑπερκόσμιον.

409 2941 462 2981 25
491 2920 565 2985 ἐν
621 2915 748 3005 γὰρ
803 2922 894 3009 τῷ
949 2919 1216 3009 πέμπτῳ
1271 2921 1389 3004 τῆς
1439 2921 1922 3004 φυσιολογικῆς
1965 2915 2040 2985 τὸ
2089 2922 2358 3003 πρῶτον
2404 2917 2575 3004 μηδὲ
2618 2916 2791 2987 κατὰ

491 3024 907 3112 συμβεβηκός
970 3044 1136 3112 φησι
1190 3032 1563 3110 κινεῖσθαι,
1627 3026 1753 3091 τοῦ
1808 3025 2166 3111 ἐγκοσμίου
2221 3024 2335 3093 διὰ
2390 3023 2467 3093 τὸ
2522 3017 2575 3117 ᾧ
2632 3046 2791 3094 συν-

488 3132 810 3216 τέτακται,
854 3130 1018 3200 κατὰ
1067 3129 1485 3219 συμβεβηκὸς
1528 3130 1910 3217 κινομένου.
1984 3130 2095 3198 καὶ
2142 3133 2217 3199 ἐν
2262 3135 2352 3223 τῷ
2388 3129 2622 3223 ’ὀγδόῳ
2673 3136 2793 3219 τῆς

490 3241 777 3324 φυσικῆς
827 3235 904 3305 τὸ
959 3237 1235 3325 πρώτως
1287 3242 1527 3306 κινοῦν
1586 3234 1905 3324 ἀκίνητον
1951 3236 2125 3306 εἶναι
2161 3237 2491 3324 βούλεται.
2567 3236 2787 3307 αὐτοῦ

491 3344 567 3412 δὲ
630 3342 886 3433 εὕρημα
947 3346 1059 3413 καὶ
1123 3342 1164 3432 ἡ
1231 3343 1464 3431 λογικὴ
1521 3343 1640 3425 τὰς
1698 3344 2205 3431 συλλογιστικὰς
2259 3336 2600 3432 μεθόδους
2656 3343 2789 3413 ἀπὸ

411 3475 464 3516 30
491 3454 671 3537 <τῶν
717 3450 1125 3540 πραγμάτων
1175 3454 1707 3539 διακρίν>αντος.

489 3630 656 3686 Arisfi.
693 3631 962 3701 pseudep.
1000 3648 1054 3701 p.
1085 3637 1172 3685 47.
1245 3630 1384 3685 Alia·
1421 3629 1653 3685 molissur
1688 3629 1875 3687 Robbe
2070 3636 2102 3685 2
2134 3633 2269 3701 φίλη
2298 3630 2363 3687 δὲ
2388 3626 2429 3700 ,ἡ
2458 3625 2497 3685 ἀ
2528 3670 2689 3687 .....
2727 3632 2787 3686 in

490 3710 692 3765 lacuna
729 3711 868 3779 cod.‚
907 3710 1058 3779 quod
1097 3711 1282 3779 suppl.
1319 3710 1506 3765 Robbe
1544 3709 1672 3766 coll.
1702 3708 1831 3767 Eaeh.
1860 3711 2049 3781 Magn.
2080 3712 2133 3779 Ι,
2160 3717 2197 3767 4
2340 3718 2372 3765 3
2402 3703 2482 3767 ὧν
2502 3754 2515 3767 .
2537 3756 2550 3768 .
2568 3756 2585 3769 .
2608 3756 2620 3769 .
2640 3732 2787 3782 υμεν

491 3792 548 3845 et
581 3788 730 3844 infra.
767 3784 904 3845 οὐδὲ
943 3789 1030 3853 δὶς
1066 3784 1190 3844 ἀλλ’
1217 3832 1230 3845 .
1261 3832 1272 3845 .
1308 3831 1320 3843 .
1351 3836 1363 3848 .
1400 3789 1677 3859 γενέσθαι
1715 3792 1837 3846 cod.
1878 3792 2059 3862 suppl.
2097 3792 2283 3848 Robbe
2427 3798 2456 3846 ’1
2499 3794 2783 3863 δοκοῦμεν

489 3868 589 3925 καὶ
613 3911 882 3927 ........
911 3864 940 3924 ὃ
984 3866 1296 3938 φιλόσοφος
1330 3870 1452 3923 cod.
1489 3869 1752 3925 lacunam
1792 3872 1939 3941 expl.
1976 3872 2161 3928 Robbe
2354 3878 2385 3926 9
2424 3873 2492 3943 τῇ
2530 3869 2636 3943 μὲν
2677 3890 2783 3927 om.

491 3951 610 4005 cod.
651 3951 776 4007 add.
816 3950 1001 4005 Robbe
1164 3956 1230 4005 10
1267 3947 1449 4004 sicut
1483 3950 1869 4019 Polyaenus
1907 3951 2081 4008 dicit
2115 3953 2215 4007 lat.
2255 3952 2463 4021 versio,
2500 3953 2651 4021 quod
2686 3954 2783 4007 ab·

490 4032 718 4085 surdum
755 4033 920 4101 putat
948 4030 1160 4097 Robbe,
1198 4028 1295 4099 qui
1331 4025 1492 4099 ὄχλος
1523 4030 1671 4099 add„
1705 4026 1843 4093 λαὸς
1878 4032 2095 4087 mavult·
2121 4032 2311 4091 Rohde
2428 4036 2494 4084 11
2534 4025 2657 4085 ἀλλ’
2693 4027 2781 4086 ἐν-

494 4117 645 4165 εῖναι
683 4132 737 4183 μ.
767 4132 813 4167 τ.
853 4132 904 4165 κ.
935 4106 999 4165 ἐν
1035 4131 1080 4165 τ.
1119 4110 1274 4182 ψυχῇ
1314 4110 1406 4164 vel
1437 4105 1561 4165 ἀλλ’
1594 4108 1745 4179 ἔχειν
1777 4142 1843 4153 -
1880 4108 1985 4181 τὴν
2019 4108 2213 4182 ψυχήν
2250 4110 2442 4166 Rohde
2594 4116 2662 4164 25
2701 4110 2783 4167 Cf.

491 4191 657 4260 Phys,
688 4193 911 4246 AcroaS.
944 4190 1012 4258 V,
1046 4197 1093 4259 1,
1128 4186 1194 4245 τὸ
1222 4190 1445 4258 πρῶτον
1474 4192 1660 4246 αἴτιον
1690 4186 1827 4247 οὐδὲ
1858 4188 1997 4247 καθ’
2032 4188 2203 4247 ἑαυτὸ
2238 4187 2470 4261 κινητόν
2500 4185 2617 4245 ἔστι
2646 4185 2783 4245 οὐδὲ

490 4290 541 4325 κ.
581 4273 746 4342 συμβ.
781 4270 987 4324 rectius
1030 4270 1090 4324 in
1128 4273 1384 4324 Ammon.
1423 4288 1476 4339 p.
1505 4276 1639 4339 401,
1682 4278 1785 4327 100
1812 4274 1991 4329 West.
2134 4276 2201 4327 27
2240 4271 2319 4327 Cf.
2358 4271 2436 4325 ib.
2468 4270 2627 4337 VIII,
2668 4277 2699 4324 ὓ

491 4356 562 4402 30
598 4345 714 4405 ἀπο
745 4392 937 4409 ......
967 4370 1136 4413 αντος
1173 4352 1294 4407 eod.
1331 4352 1509 4421 suppl.
1548 4353 1735 4409 Robbe
