3025 4892
544 224 670 287 196
1461 221 1829 277 HESYCHIU
1835 223 1890 278 S.
1928 264 1949 315 „⁰

713 384 1152 451 DCCXXVII.
1225 390 1374 451 Σιλ
1385 388 1432 467 β
1441 381 1635 463 ανὸς
1664 436 1677 448 .
1709 437 1723 450 .
1754 437 1767 451 .
1796 382 2191 471 φιλόσοφος,
2242 379 2347 467 [ὃς
2383 370 2659 469 ἐπιεικὴς
2690 380 2794 471 μὲν

538 482 626 576 ἦν
663 489 741 557 τὰ
780 488 947 558 ἄλλα
984 490 1094 557 καὶ
1138 489 1336 575 ἱερός,
1375 488 1825 579 ἁπλούστερος
1865 490 1938 558 δὲ
1975 490 2055 558 τὰ
2093 489 2230 578 ἤθη
2260 490 2371 558 καὶ
2402 493 2797 575 ἐπιπόλαιος]

715 598 1186 665 DCGXXVIII.
1264 604 1333 663 Σ
1350 624 1373 665 ι
1393 626 1438 685 μ
1460 625 1505 684 μ
1529 604 1559 664 ί
1574 625 1617 665 α
1638 626 1670 678 ς
1724 604 2017 685 Θηβαῖος
2070 597 2475 684 φιλόσοφος,
2530 596 2802 685 μαθητὴς

539 702 964 789 Σωκράτους.
1031 708 1275 789 ἔγραψε
1316 702 1466 787 περὶ
1505 708 1769 790 σοφίας,
1816 703 1965 788 περὶ
2005 707 2253 790 φιλίας,
2300 706 2452 789 περὶ
2488 701 2800 791 ἀληθείας,

485 830 510 870 5
537 810 686 896 περὶ
752 812 1106 896 μουσικῆς,
1171 809 1320 896 περὶ
1378 812 1647 895 αἱρετοῦ
1710 810 1821 876 καὶ
1868 813 2187 897 φευκτοῦ,
2232 809 2382 896 περὶ
2442 813 2798 898 ἐπιμελείας,

541 914 774 1002 (περὶ)
826 918 1040 1003 ψυχῆς
1083 916 1194 983 καὶ
1243 914 1407 983 ἀλλὰ
1455 915 1819 1003 φιλόσοφα.

714 1023 1117 1090 DCCXXIX.
1219 1029 1289 1087 Σ
1303 1050 1459 1109 ιμμ
1483 1028 1513 1089 ί
1526 1050 1568 1089 α
1594 1050 1627 1102 ς
1678 1020 1937 1102 Ῥόδιος
2009 1024 2476 1112 γραμματικός.
2587 1030 2801 1111 ἔγραψε

538 1128 844 1215 γλώσσας
887 1134 1114 1215 βιβλία
1160 1128 1252 1215 γ’,
1298 1128 1633 1215 ποιήματα
1682 1130 1981 1217 διάφορα
2028 1136 2253 1217 βιβλία
2303 1131 2389 1199 δ’.

716 1237 1092 1304 DOCXXX.
1177 1235 1699 1322 [Σιμοκάττης
1760 1236 2115 1324 ἐπώνυμον
2170 1238 2646 1324 Θεοφυλοὲκτου
2702 1240 2805 1303 τοῦ

463 1362 512 1401 1⁰
540 1346 913 1427 σοφιστοῦ]

718 1448 1121 1515 DCOXXXI.
1194 1454 1264 1515 Σ
1275 1455 1458 1535 ιμπλ
1473 1453 1679 1528 ίκιος
1706 1501 1721 1516 .
1750 1502 1763 1517 .
1793 1502 1823 1543 ·.
1841 1447 2083 1537 [ὄνομα
2129 1452 2413 1538 κύριον].
2464 1448 2558 1534 [ὁ]
2599 1449 2806 1537 <φιλό-

539 1558 794 1641 σοφος>
826 1609 838 1622 .
870 1608 884 1623 .
913 1610 928 1624 .

716 1662 1154 1730 DCCXXXII.
1238 1665 1709 1749 Σιμωνίδης
1766 1666 2237 1748 Λεωπρεποῦς,
2295 1661 2659 1749 Ἰουλιήτης
2706 1666 2807 1748 τῆς

541 1769 613 1835 ἐν
671 1770 823 1859 Κέῳ
890 1772 968 1856 τῇ
1033 1771 1218 1859 νήσῳ
1283 1768 1565 1853 πόλεως,
1631 1768 1943 1861 λυρικός,
1992 1768 2151 1856 μετὰ
2207 1776 2629 1857 Στησίχορον
2686 1780 2808 1846 τοῖς

543 1962 704 2025 λέτας
740 1983 799 2018 τε
839 1963 939 2019 καὶ
977 1960 1269 2025 ἐπιστολάς
1306 1964 1432 2017 add.
1471 1963 1642 2029 Eud„
1681 1980 1825 2031 quae
1873 1980 1941 2017 ex
1977 1965 2227 2034 pleniore
2266 1964 2441 2020 Suida
2478 1965 2807 2035 descripsisse

545 2045 713 2111 putat
752 2044 946 2111 Daub‚
985 2044 1054 2097 de
1093 2045 1238 2099 Viol.
1278 2062 1331 2114 p.
1365 2051 1396 2097 6

684 2120 1030 2177 DCCXXVII
1069 2141 1176 2179 om.
1211 2124 1483 2178 Westerm.
1526 2124 1676 2178 Eud.
1715 2142 1769 2193 p.
1802 2130 1921 2180 651.
1978 2125 2128 2178 Num
2167 2124 2287 2179 vita
2322 2125 2675 2195 Hesychiana
2706 2125 2808 2177 fue-

541 2200 640 2267 rit,
680 2202 880 2257 merito
910 2202 1276 2270 dubitaveris3
1316 2203 1363 2257 si
1400 2204 1534 2270 fuit,
1574 2207 1703 2258 ante
1733 2202 2045 2272 φιλόσοφος
2081 2204 2343 2259 lacunam
2371 2204 2583 2260 indices
2611 2205 2811 2274 oportet

545 2288 571 2334 1
605 2278 666 2344 ὃς
695 2313 762 2323 —-
793 2284 922 2338 exit.
953 2300 1022 2337 ex
1049 2284 1260 2339 Suidae
1286 2284 1475 2353 glossa
1507 2280 1837 2345 ἐπιπόλαιος
1866 2285 2149 2354 descripta
2176 2288 2324 2341 sunt.
2364 2285 2622 2342 Ceterum
2650 2290 2808 2341 totam

542 2361 713 2416 vitam
764 2362 834 2417 de
882 2363 1177 2418 Damascio
1223 2364 1467 2433 pendere
1519 2363 1745 2434 putavit
1791 2364 2090 2433 KusteruS,
2148 2366 2243 2433 qui
2298 2366 2581 2421 diversum
2634 2366 2812 2419 habuis

542 2442 820 2497 rheborem
859 2460 894 2496 a
929 2444 1098 2497 Marc.
1141 2445 1270 2497 Ant.
1311 2442 1361 2495 X
1390 2450 1420 2508 5
1458 2449 1525 2496 31
1557 2444 1863 2499 laudatum.
1903 2443 2141 2499 Addidit
2168 2446 2609 2501 Hemsterhusius
2642 2447 2810 2501 rheto-

541 2538 655 2576 rem
689 2520 1082 2591 Christianum,
1113 2522 1267 2578 cuius
1289 2522 1563 2591 Socrates,
1593 2523 1736 2579 Hist.
1768 2524 1902 2578 eccl.
1924 2524 2113 2579 V1137
2145 2525 2403 2579 meminit
2502 2534 2533 2579 2
2564 2520 2633 2593 ἦν
2661 2528 2811 2581 om.V

683 2602 1060 2657 DCCXXVIII
1102 2602 1248 2657 Eud.
1288 2620 1341 2671 p.
1374 2609 1492 2657 651.
1571 2600 1652 2657 Cf.
1682 2604 1846 2673 Diog.
1876 2604 1947 2670 II,
1980 2611 2097 2673 124,
2140 2621 2175 2658 a
2211 2622 2321 2673 qno
2351 2605 2659 2673 Hesychius
2693 2622 2812 2674 pen·

543 2682 676 2735 dere
715 2682 936 2736 videt-ur
1049 2688 1082 2735 4
1119 2682 1249 2748 περὶ
1288 2686 1402 2750 φιλ.
1442 2714 1504 2720 -
1544 2678 1629 2736 ἄλ.
1664 2701 1771 2738 om.
1802 2688 1848 2736 Δ
1885 2700 1983 2753 pro
2022 2688 2213 2753 φιλίας
2251 2684 2342 2738 vel
2370 2688 2702 2753 φιλοσοφίας
2733 2682 2812 2737 vel

429 2758 437 2765 ’
545 2762 712 2828 φίλου
743 2778 810 2815 ex
840 2762 1004 2831 Dioy.
1035 2779 1272 2831 reponas
1383 2768 1414 2815 5
1453 2762 1552 2815 καὶ
1592 2781 1721 2831 φευ.
1762 2780 1870 2815 om.
1899 2767 1944 2814 V
2060 2768 2091 2815 6
2130 2764 2259 2832 περὶ
2296 2764 2480 2832 ψυχῆς
2518 2764 2719 2819 correxi
2755 2778 2811 2813 ex

542 2840 706 2911 Dioy.
747 2841 876 2909 περὶ
915 2859 1020 2896 om.
1052 2842 1210 2898 Suid.
1251 2844 1310 2897 et
1343 2842 1496 2896 Eu'd.

683 2920 1005 2976 DCCXXIX
1042 2923 1192 2978 Eud.
1232 2941 1286 2991 p.
1317 2928 1436 2977 649.
1495 2921 1577 2975 Cf.
1610 2921 1833 2977 Clinton
1871 2922 1951 2975 III
1979 2940 2033 2992 p.
2063 2928 2193 2990 487ς
2232 2922 2501 2991 Diintzer‚
2550 2924 2650 2992 Ep.
2685 2922 2745 2977 fr.
2771 2920 2813 2973 H

543 3020 596 3070 p.
627 3008 676 3055 4.
742 3001 933 3056 Vitam
969 3019 1076 3056 om.
1106 3006 1152 3054 Δ
1191 3003 1284 3071 qui
1322 3002 1381 3055 in
1421 3018 1598 3070 marg.
1628 3002 1802 3056 habet
1836 3005 1901 3057 Σ.
1935 2998 2039 3057 Ῥο.
2068 2998 2478 3074 γραμματικός,
2519 2997 2582 3064 ὃς
2621 3000 2810 3070 ἔγραψε

545 3082 730 3151 βιβλία
769 3079 1048 3152 διάφορα·
1089 3074 1159 3150 ἦν
1199 3080 1262 3136 δὲ
1294 3078 1355 3135 τὸ
1389 3076 1629 3150 ἕξαρχῆς
1658 3078 1890 3150 Σάμιος.
1950 3080 2162 3152 ἔγραψε
2202 3078 2341 3153 μετὰ
2376 3084 2489 3137 τῶν
2528 3078 2702 3136 ἄλλων
2730 3080 2812 3134 καὶ

544 3154 946 3230 ἀρχαιολογίαν
988 3162 1100 3216 τῶν
1139 3164 1398 3233 Σαμίων,
1447 3162 1545 3215 ubi
1591 3153 1662 3229 ἦν
1700 3160 1763 3215 δὲ
1806 3193 1870 3200 -——
1912 3162 2039 3216 exii..
2088 3163 2160 3216 ad
2200 3162 2545 3217 Simonidem
2584 3160 2813 3230 Amorgi-

543 3257 678 3291 num
715 3245 970 3309 spectare
1007 3244 1230 3311 praeter
1267 3243 1408 3298 alios
1445 3242 1590 3296 vidit
1628 3242 1867 3296 Clinton.
1928 3242 2046 3297 Nec
2082 3242 2265 3296 minus
2304 3260 2372 3298 ea
2408 3259 2550 3311 quae
2586 3241 2815 3297 aucffiora

546 3318 719 3371 ceteri
747 3318 958 3373 Suidae
993 3320 1123 3377 libri
1160 3322 1395 3390 habent,
1433 3321 1579 3374 infra
1616 3321 1686 3374 ad
1723 3340 1775 3375 v.
1817 3324 2138 3391 Σιμωνίδης
2177 3324 2336 3389 Κρίν.
2375 3322 2733 3391 transposita,
2768 3321 2815 3373 eia

475 3399 486 3411 “
545 3412 687 3465 quae
716 3397 866 3453 Eud.
897 3418 938 3455 S.
968 3400 1090 3453 fin.:
1132 3398 1343 3468 ἔγραψε
1385 3402 1601 3470 πρῶτος
1638 3396 1783 3454 κατά
1821 3421 1977 3462 τινας
2007 3397 2244 3474 ἰάμβους
2282 3401 2378 3455 καὶ
2406 3396 2547 3455 ἄλλα
2586 3400 2815 3469 διάφορα

545 3472 944 3549 ἀρχαιολογίαν
973 3500 1030 3534 τε
1061 3481 1171 3534 τῶν
1201 3483 1452 3549 Σαμίων.
1494 3479 1553 3533 Si
1581 3480 1811 3550 respicis
1839 3480 2097 3537 Strabon.
2123 3480 2253 3535 XIV
2282 3500 2335 3550 p.
2359 3486 2480 3547 655,
2508 3481 2669 3537 Phot.
2698 3479 2813 3534 bibl.

546 3575 596 3626 p.
629 3563 749 3626 319,
786 3560 956 3614 verba.
985 3552 1055 3628 ἦν
1084 3560 1148 3616 δὲ
1178 3556 1242 3615 τὸ
1273 3556 1349 3626 ἐξ.
1380 3557 1599 3629 Σάμιος
1625 3560 1719 3614 vix
1758 3560 1928 3615 etiam
1966 3560 2039 3614 ad
2066 3560 2351 3614 Rhodium
2378 3560 2573 3615 referri
2603 3558 2816 3630 possunt

545 3642 577 3689 8
617 3637 686 3691 de
723 3640 1060 3694 carminibus
1099 3640 1168 3696 cf.
1209 3640 1420 3710 Bergk,
1459 3641 1617 3694 Poet.
1656 3639 1782 3707 Lyr.
1822 3659 1875 3709 p.
1908 3646 2011 3694 630

689 3718 983 3774 DCCXXX
1029 3721 1112 3773 Ex
1147 3721 1222 3790 gl.
1267 3714 1669 3788 Θεοφύλακτος
1707 3719 1988 3789 descripta
2041 3727 2045 3732 “

689 3799 1012 3855 DCCXXXI
1051 3799 1131 3857 Of.
1170 3819 1222 3856 v.
1252 3798 1533 3867 Αὐθέριος.
1573 3800 1831 3854 Forizasse
1862 3800 1935 3854 ad
1961 3800 2361 3869 philosophum
2390 3801 2634 3868 speciata,
2671 3801 2814 3867 quem

545 3880 742 3935 laudat
769 3879 1078 3949 Hesychius
1105 3899 1156 3936 v.
1189 3875 1546 3949 Δαμᾰσκιος,
1584 3880 1755 3935 schol.
1786 3882 2006 3936 Platon.
2038 3882 2114 3935 V1
2143 3900 2197 3950 p.
2228 3887 2351 3949 369,
2388 3878 2542 3934 cuius
2573 3879 2692 3933 vissa
2718 3876 2815 3945 epi-

545 3960 837 4014 tomatoris
875 3960 1088 4013 incuria
1115 3960 1347 4027 excidit3
1385 3960 1557 4014 verba
1592 3954 1621 4013 ὁ
1653 3956 1962 4028 φιλόσοφος
1992 3958 2212 4025 addidi,
2252 3975 2358 4015 om.
2388 3962 2540 4011 Anv
2570 3955 2819 4025 Gaisford

547 4042 604 4092 et
640 4040 972 4109 Bernhardy

545 4180 548 4183 Α
687 4117 1036 4173 DCCXXXII
1074 4120 1225 4175 Eud.
1264 4139 1316 4189 p.
1349 4125 1468 4175 644.
1548 4119 1628 4173 Cf.
1658 4139 1709 4174 v.
1742 4121 2101 4189 Βακχυλίδης.
2128 4122 2187 4173 et
2224 4118 2415 4188 Steph.
2445 4119 2575 4186 Byz.
2616 4140 2665 4174 v.
2700 4113 2817 4172 ’Iov-

546 4200 641 4258 λίς.
705 4199 788 4251 Ex
837 4198 1040 4253 Suidae
1087 4200 1393 4269 exemplari
1439 4199 1628 4267 aliquo
1676 4199 1766 4253 vel
1812 4216 1879 4253 ex
1927 4198 2179 4253 Violario
2225 4199 2283 4253 in
2332 4198 2504 4253 schol.
2544 4201 2637 4255 Ar.
2667 4198 2815 4265 Vesp.

551 4280 684 4329 1402
722 4277 916 4331 intulit
953 4280 1230 4341 Musurus
1267 4278 1548 4348 (Dindorf,
1589 4279 1677 4333 Ar.
1718 4277 1811 4346 IV,
1850 4284 1881 4331 2
1919 4297 1973 4347 p.
2006 4280 2131 4347 536)
2246 4286 2309 4333 13
2348 4279 2694 4347 λεοπρεποῦς
2731 4280 2817 4329 AV

551 4360 618 4406 14
653 4362 770 4416 τοῖς
806 4351 1027 4423 χρόνοις
1064 4375 1174 4412 om.
1211 4358 1361 4439 Eud.
