3025 4892
1079 265 1507 324 HESchUs.
2348 265 2435 332 59

330 431 712 500 CCXXVII.
795 435 1014 499 Δίων
1090 426 1127 499 ὅ
1195 427 1492 510 Κάσσιος
1557 432 1991 517 χρηματίσας,
2057 427 2093 498 ὁ
2161 432 2436 516 ἐπίκλην

157 536 485 624 Κοκκήιος
519 537 622 627 (οἱ
646 536 721 605 δὲ
749 535 1222 626 Κοκκηιανός),
1255 535 1572 622 Νικαεύς,
1614 535 1963 624 ίστορικός,
2001 535 2294 623 γεγονώς
2329 536 2435 606 ἐπὶ

155 647 284 712 τῶν
340 643 610 732 χρόνων
659 642 1103 732 Ἀλεξάνδρου
1157 647 1278 712 τοῦ
1333 648 1672 731 Μαμαίας.
1774 649 2019 730 ἔγραψε
2062 641 2435 730 Ῥωμαϊκὴν

159 754 456 838 ἱστορίαν
503 752 576 819 ἐν
609 755 899 838 βιβλίοις
933 749 1010 818 π’
1051 751 1500 840 (διαιροῦνται
1544 749 1619 818 δὲ
1656 747 1819 818 κατὰ
1858 749 2198 840 δεκάδας),
2224 749 2239 841 Ι
2265 759 2433 834 Περ-

158 855 321 942 σικά,
359 861 426 924 Γ
417 854 616 941 ετικά,
645 856 660 948 Ι
693 854 984 942 Ἐνόδια,
1019 854 1100 924 τὰ
1137 852 1302 925 κατὰ
1338 854 1699 942 Τραϊανόν,
1736 861 1889 941 βίον
1921 853 2278 944 Ἀρριανοῦ
2314 862 2437 926 τοῦ
2463 877 2489 918 5

158 963 551 1052 φιλοσόφου.

325 1090 741 1158 CCXXVIII.
799 1095 1023 1158 Δίων
1065 1087 1101 1157 ὅ
1147 1088 1615 1178 Πασικράτους
1652 1089 2069 1177 Προυσαεύς,
2118 1089 2438 1177 σοφιστὴς

155 1197 256 1264 καὶ
313 1197 721 1284 φιλόσοφος,
784 1194 867 1264 ὃν
925 1195 1408 1284 Χρυσόστομον
1473 1195 1809 1266 ἐκάλεσαν.
1901 1195 2313 1266 ἀντεποιεῖτο
2362 1196 2437 1265 δὲ

158 1303 580 1390 σεμνότητος,
638 1301 729 1383 ὥς
772 1305 884 1371 καὶ
930 1307 1208 1390 λεοντῆν
1255 1305 1489 1391 φορῶν
1538 1304 1861 1389 προιέναι.
1949 1295 2037 1390 ἦν
2084 1304 2159 1371 δὲ
2206 1302 2439 1384 λεπτὸς

158 1409 224 1478 τὸ
262 1415 474 1498 σῶμα,
513 1411 623 1478 καὶ
664 1410 957 1496 διέτριψε
993 1408 1067 1477 τὸ
1103 1417 1416 1478 πλεῖστον
1448 1409 1628 1496 παρὰ
1662 1414 1971 1502 Τραϊανῷ
2000 1414 2089 1502 τῷ
2121 1416 2437 1497 Καίσαρι,
2467 1430 2519 1469 1⁰

159 1515 240 1598 ὥς
277 1518 393 1586 καὶ
441 1509 974 1604 συγκαθέζεσθαι
1020 1517 1093 1585 ἐν
1149 1519 1238 1607 τῷ
1286 1519 1607 1607 βασιλικῷ
1656 1514 1953 1603 ὀχήματι.
2044 1521 2333 1606 ἔγραψεν
2381 1523 2443 1586 εί

159 1623 458 1712 φθαρτὸς
506 1621 540 1693 ὁ
579 1623 848 1711 κόσμος,
896 1623 1224 1711 ἐγκώμιον
1239 1620 1658 1710 Ἠρακλέους
1693 1623 1803 1690 καὶ
1841 1623 2226 1710 Πλάτωνος,
2272 1623 2438 1714 ὑπὲρ

151 1728 434 1819 Ὁμήρου
477 1729 647 1820 πρὸς
682 1730 1017 1799 Πλάτωνα
1065 1729 1155 1816 δ’,
1205 1731 1353 1816 περὶ
1400 1733 1537 1797 τῶν
1566 1727 2008 1818 Ἀλεξάνδρου
2053 1729 2309 1818 άρετῶν
2356 1733 2443 1819 η’.

325 1857 679 1924 GCXXIX.
754 1854 1226 1935 Διώξιππο
1251 1882 1284 1934 ς
1330 1853 1691 1940 Ἀθηναῖος
1742 1854 2045 1942 κωμικός.
2138 1854 2441 1942 δράματα

155 1958 356 2030 αὐτοῦ
402 1959 1072 2048 Ἀντιπορνοβοσκός,
1119 1959 1565 2049 Φιλάργυρος,
1594 1958 2157 2052 Ἱστοριογράφος,
2204 1965 2437 2032 Διαδι-
2470 1982 2519 2022 15

159 2068 518 2156 καζόμενοι.

159 2342 306 2384 τινας
341 2320 472 2376 add.
504 2320 656 2376 Eud.
701 2315 890 2392 [ἄλλα]
930 2319 1029 2374 καὶ
1066 2315 1364 2388 διαλόγους
1398 2315 1640 2383 πολλοὺς
1678 2318 1824 2376 κατὰ
1857 2323 2087 2391 μίμησιν
2118 2318 2439 2390 Πλάτωνος,

162 2419 292 2470 qnae
334 2403 508 2457 verba
549 2403 648 2456 aut
681 2417 815 2456 casu
851 2403 1003 2471 apud
1039 2399 1270 2456 Suidam
1305 2399 1655 2456 intercidisse
1702 2404 1801 2456 aut
1827 2395 2001 2470 ipsin's
2036 2401 2319 2456 Eudociae
2356 2401 2440 2456 in-

156 2482 311 2550 genio
339 2481 605 2550 suppleta
631 2497 752 2536 esse
781 2481 1026 2536 obtinuit
1048 2481 1234 2535 Daub.
1293 2481 1508 2550 Operae
1536 2483 1780 2552 pretium
1810 2484 1894 2537 est
1920 2482 2235 2537 adscribere
2264 2483 2438 2538 schol.

155 2561 362 2616 Platon.
399 2561 478 2615 VI
512 2579 568 2630 p.
599 2568 702 2617 390
730 2562 945 2617 Herm:
987 2563 1139 2616 Δίων
1176 2557 1207 2617 ὁ
1246 2560 1663 2631 Συρακούσιος,
1693 2557 2021 2630 Ἱππαρίνου
2058 2559 2163 2632 μὲν
2198 2558 2323 2625 υἱὸς
2350 2553 2440 2631 ἦν,

159 2638 503 2710 ἀνεψιαδοῦς
553 2640 617 2699 δὲ
667 2646 973 2697 Διονυσίου
1019 2644 1120 2697 τοῧ
1167 2641 1470 2708 προτέρου,
1526 2640 1670 2698 κατά
1719 2641 1783 2698 δὲ
1831 2641 2153 2713 οἰκειότητα
2198 2644 2297 2712 τῆς
2344 2663 2439 2712 γυ-

155 2721 342 2785 ναικὸς
378 2718 558 2778 αὐτοῦ
585 2717 969 2792 Ἀριστομάχης
996 2718 1264 2790 ἀδελφός,
1306 2719 1520 2798 εὐφυΐᾳ
1558 2723 1622 2779 δὲ
1662 2724 1761 2779 καὶ
1788 2726 2177 2795 μεγαλοψυχίᾳ
2213 2723 2311 2779 καὶ
2348 2743 2439 2791 φι-

153 2805 364 2878 λοτιμίᾳ
411 2799 706 2870 διαφέρων
753 2802 854 2856 τοῦ
901 2799 1174 2870 γενέσθαι
1229 2799 1382 2864 τινὸς
1427 2799 1601 2870 ἄξιος.
1664 2800 2004 2871 -Ἱππαρίνος
2056 2800 2164 2873 γὰρ
2219 2805 2440 2857 παίδων

153 2877 321 2935 ὄντων
359 2878 510 2954 αὐτῷ
560 2881 670 2935 τῶν
713 2880 845 2946 περὶ
883 2882 1104 2947 Δίωνα,
1161 2883 1331 2949 τριῶν
1377 2880 1482 2953 μὲν
1528 2881 1695 2953 υἱῶν,
1747 2885 1918 2954 τριῶν
1969 2883 2033 2938 δὲ
2086 2881 2439 2956 θυγατέρων,

153 2963 418 3017 τελευτῶν
468 2957 570 3016 τὸν
621 2963 745 3033 βίον
801 2957 1106 3030 ἐπίτροπον
1158 2959 1464 3016 Διονύσιον
1499 2961 1840 3032 κατέστησεν
1878 2963 2091 3019 οἰκεῖον
2129 2960 2294 3032 ὄντα,
2343 2963 2442 3017 καὶ

155 3038 248 3103 τάς
282 3048 558 3111 γυναῖκας
589 3035 710 3110 ἅμα
747 3039 845 3095 καὶ
878 3037 981 3103 τὰς
1019 3036 1192 3111 κόρας
1229 3039 1466 3111 διέθηκε
1507 3044 1707 3112 γῆμαι,
1759 3038 2148 3112 Ἀριστομάχην
2186 3041 2291 3113 μὲν
2334 3038 2439 3111 τὴν

154 3119 534 3194 πρεσβυτάτην
581 3117 784 3189 αὐτόν,
835 3117 937 3184 τὰς
980 3120 1046 3176 δὲ
1092 3119 1292 3184 λοιπὰς
1338 3129 1456 3184 τοῖς
1500 3117 1772 3189 ἀδελφοῖς
1822 3120 2000 3177 αὑτοῦ
2052 3125 2284 3192 δοῦναι,
2335 3130 2440 3178 Λε·

157 3204 314 3273 πτίνῃ
364 3221 424 3257 τε
476 3202 572 3256 καὶ
621 3203 889 3271 Θεαρίδῃ.
973 3200 1071 3254 καὶ
1122 3193 1269 3271 οὕτω
1320 3199 1517 3270 γέγονε
1570 3200 1975 3272 τελευτησάσης
2024 3203 2123 3272 τῆς
2169 3206 2441 3268 Λοκρίδος

159 3277 324 3336 αὐτοῦ
364 3277 662 3350 γυναικός,
703 3275 767 3335 ἐκ
795 3281 854 3348 (1.
887 3275 968 3350 ἐξ)
996 3271 1062 3349 ἦς
1096 3274 1348 3353 ἐγεγόνει
1379 3276 1534 3353 αὐτῷ
1565 3279 1866 3345 Διονύσιος
1893 3279 1923 3337 ὃ
1954 3279 2254 3353 νεώτερος,
2292 3278 2441 3351 ὁμώ-

157 3380 320 3430 νυμος
367 3356 522 3436 αὐτῷ
570 3358 708 3424 οἷός.
788 3360 988 3416 Totum
1037 3361 1287 3417 scholion
1344 3359 1414 3414 de
1461 3361 1742 3431 Hesychio
1797 3363 2039 3432 pendere
2093 3366 2243 3418 recte
2296 3364 2444 3419 vidit

165 3439 454 3507 Mettauer,
492 3441 562 3496 de
599 3440 774 3496 schol.
811 3441 956 3497 Plat.
993 3460 1047 3510 p.
1084 3447 1154 3496 59

289 3522 535 3577 CCXVII
571 3522 723 3578 Eud.
751 3541 805 3591 p.
828 3529 947 3578 223.
996 3521 1077 3577 cf.
1109 3539 1158 3576 v.
1187 3518 1547 3591 Κοκκηιανός
1663 3528 1695 3576 2
1735 3519 2117 3585 ΚοκκιάνοςἿ
2218 3519 2311 3578 ἐπὶ
2342 3519 2437 3580 ’AL

159 3601 252 3654 τοῦ
287 3603 564 3672 Μαμαίας
591 3619 744 3656 more
781 3601 951 3657 solito
987 3603 1140 3656 Eud.
1293 3609 1326 3656 3
1363 3600 1609 3671 Μαμέου
1637 3607 1683 3655 Δ
1791 3599 2103 3671 ‹mvndo-qne
2144 3603 2294 3658 Eud.

159 3685 190 3732 4
232 3674 414 3750 ὥσπερ
461 3680 559 3735 καὶ
593 3681 696 3736 τοῦ
737 3682 1069 3753 Παταβινοῦ
1107 3683 1308 3753 Λιβίου
1353 3683 1486 3751 post
1530 3679 1780 3744 δεκάδας
1823 3681 1951 3737 add.
1990 3683 2141 3739 Eud.
2294 3686 2437 3751 Περ-

160 3758 278 3814 σικά
327 3761 563 3816 Dinonis
614 3777 758 3829 osse,
813 3778 980 3830 quem
1032 3779 1159 3816 cum
1213 3762 1392 3817 Dione
1443 3761 1785 3830 confuderis,
1840 3762 2059 3817 monuit
2104 3763 2439 3831 Gutschmid,

165 3837 356 3896 Γετικά
402 3841 616 3912 primus
669 3841 794 3898 add.
843 3843 1051 3908 Aldus,
1097 3843 1365 3911 expunxiss
1402 3843 1701 3909 Kusterus,
1754 3840 1851 3908 qui
1896 3843 2046 3895 recte
2092 3840 2166 3894 ad
2204 3842 2437 3897 Dionem

163 3919 606 3990 chrysostomum
643 3921 863 3975 rettulit
899 3921 1024 3977 coll.
1063 3921 1383 3978 Philostrat.
1423 3922 1537 3978 vit.
1578 3924 1630 3989 I,
1670 3927 1700 3976 7

291 4000 614 4058 CCXXVIII
651 4001 802 4056 Eud.
841 4019 894 4070 p.
935 4008 1038 4056 239
1087 4006 1200 4069 φιλ.
1249 4003 1348 4058 καὶ
1393 4022 1521 4071 σοφ.
1562 4003 1714 4057 Eud.
1790 4003 2025 4067 Πασικρ.
2064 3998 2190 4064 υἱὸς
2235 3992 2306 4070 ἦν
2346 3998 2440 4057 ἐπὶ

165 4083 310 4147 Τραι.
349 4082 500 4136 Eud.
649 4087 713 4135 12
751 4081 847 4135 καὶ
887 4079 1190 4145 Πλάτωνος
1228 4101 1334 4138 om.
1366 4083 1519 4137 Eud.
1644 4089 1708 4136 13
1747 4078 1947 4150 λόγους
1983 4078 2257 4151 τέσσαρας
2284 4083 2436 4140 Eud.

161 4154 347 4227 λόγους
384 4156 531 4216 όκτώ
569 4159 669 4215 καὶ
703 4155 846 4215 ἄλλα
882 4161 1034 4217 Eud.

291 4249 558 4306 ccxxlx
597 4249 746 4304 Eud.
785 4267 839 4318 p.
879 4257 1010 4318 229,
1049 4268 1190 4320 quae
1225 4253 1375 4306 male
1405 4248 1690 4316 Δέξιππος
1724 4249 1959 4316 praebet
2068 4254 2135 4303 14
2169 4249 2322 4305 idem
2361 4252 2438 4306 vi-

159 4325 288 4380 tium
325 4329 556 4384 Suidam
601 4348 651 4383 v.
693 4333 1025 4397 Κωρυκαῖος
1071 4331 1289 4387 obsidet
1326 4329 1494 4402 (unde
1546 4345 1683 4384 corr.
1720 4327 1935 4384 Fabric.
1975 4327 2117 4384 Bibl.
2165 4346 2349 4400 graec.
2387 4331 2439 4388 11

161 4419 207 4472 p.
244 4411 389 4479 436),
441 4408 510 4463 dc
549 4425 658 4478 quo
696 4427 747 4465 v.
785 4407 1044 4466 Meineke
1082 4411 1122 4482 Ι,
1140 4430 1194 4484 p.
1235 4417 1366 4481 485,
1404 4411 1595 4481 Daub,
1634 4409 1703 4468 de
1742 4407 1887 4464 Viol.
1925 4428 1979 4484 p.
2021 4416 2086 4466 15
