3025 4892
573 199 702 262 206
1500 198 1927 253 HESYCHIUS.
2965 0 2977 323 ¹

572 362 752 427 ἐστιν
796 355 1214 442 Ἱππόλυτος,
1277 356 1725 443 Φυσιολόγος,
1782 363 2039 443 Σίλφαι
2094 354 2190 444 [ἢ]
2241 363 2524 443 Κνιδία,
2578 361 2851 441 Νέκυια,

572 464 828 547 Πύλαι,
869 462 1198 552 Ὀρέστης,
1253 465 1475 550 Φακῆ,
1523 462 1611 543 ὥς
1650 462 2009 550 Ἀθήναιος
2057 466 2130 532 ἐν
2178 474 2795 551 Δειπνοσοφισταῖς.

751 571 1057 639 DCCLX.
1146 569 1676 656 [Σώπατρος
1729 570 2057 661 παρωδός.
2146 570 2392 639 τούτου
2448 571 2584 639 ἐστὶ
2638 574 2853 658 δρᾶμα

573 685 852 765 Βακχίς,
901 675 990 756 ὥς
1030 673 1387 762 Ἀθήναιος
1433 679 1506 744 ἐν
1558 682 2213 763 Δειπνοσοφισταῖς.]

521 811 546 851 5
751 785 1088 853 DOOLXI.
1161 781 1549 870 Σωρανός
1592 782 2011 871 Μενάνδρου
2064 784 2175 852 καὶ
2228 790 2511 871 Φοίβης,
2562 757 2854 870 Ἐφέσιος

576 891 821 980 ἰατρός,
871 894 1223 977 διατρίψας
1269 892 1343 957 ἐν
1374 887 1834 979 Ἀλεξανδρείᾳ
1870 892 1980 959 καὶ
2020 893 2093 958 ἐν
2131 895 2209 979 τῆ
2238 889 2454 980 Ῥώμῃ
2496 892 2568 959 δὲ
2605 890 2855 978 ἰατρεύ-

577 1018 696 1078 σας
756 998 860 1064 ἐπὶ
928 1000 1266 1083 Τραϊανοῦ
1320 996 1432 1063 καὶ
1484 994 1841 1084 Ἀδριανοῦ
1896 1001 2031 1065 τῶν
2090 1000 2452 1085 βασιλέων,
2515 1004 2731 1085 βιβλία
2786 1024 2857 1063 τε

578 1104 902 1185 συντάξας
946 1111 1217 1171 πλεῖστα
1263 1104 1373 1171 καὶ
1417 1102 1755 1173 κάλλιστα.

758 1212 1124 1279 DCCLXII.
1180 1209 1564 1293 Σωρανὸς
1595 1208 1918 1296 Ἐφέσιος,
1957 1208 2181 1297 ἰατρὸς
2216 1209 2563 1298 νεώτερος.
2629 1236 2855 1295 γυναι-

501 1344 550 1382 ιο
577 1333 719 1387 κεϊα
781 1322 1005 1404 βιβλία
1067 1314 1156 1401 δ’,
1215 1321 1406 1401 βίους
1461 1320 1711 1403 ἰατρῶν
1765 1317 1876 1384 καὶ
1932 1318 2219 1404 αἱρέσεις
2271 1318 2383 1386 καὶ
2438 1315 2855 1402 συντάγματα

579 1430 804 1512 βιβλία
851 1421 902 1491 ι’
948 1422 1059 1490 καὶ
1105 1420 1276 1490 ἄλλα
1323 1424 1635 1510 διάφορα.

755 1530 1160 1598 DGOLXIII.
1244 1535 1645 1616 Σωσίβιος
1692 1530 1937 1599 Λάκων
1998 1534 2479 1619 γραμματικός,
2541 1534 2670 1601 τῶν
2725 1534 2859 1599 ἐπι-

580 1643 868 1707 λυτικῶν
920 1637 1384 1723 καλουμένων,
1441 1638 1544 1719 [ἐν
1599 1636 1862 1717 τούτοις
1917 1636 1990 1705 δὲ
2038 1642 2293 1727 ἱστορεῖ·
2330 1639 2442 1707 καὶ
2489 1636 2859 1724 τοῦτο,’ὃ’τι

580 1744 758 1825 εἶδός
809 1772 868 1812 τι
927 1746 1278 1835 κωμῳδίας
1334 1743 1470 1810 ἐστὶ
1525 1741 1945 1829 καλούμενον
2005 1748 2430 1831 Δικηλιστῶν
2486 1746 2596 1813 καὶ
2640 1753 2859 1832 Μιμ-η-

503 1874 551 1915 15
580 1855 777 1936 λῶν],
832 1852 980 1938 περὶ
1035 1876 1170 1917 των
1225 1852 1563 1936 Μιμηλῶν
1620 1851 1694 1917 ἐν
1749 1854 2105 1939 Λακωνικῇ
2169 1854 2664 1938 ἱστορουμένων
2716 1876 2858 1918 παι-

581 1960 746 2024 διῶν
793 1956 904 2023 καὶ
949 1954 1133 2025 αλλα.

758 2064 1158 2131 DCCLXIV.
1232 2068 1652 2143 Σωσίθεος
1698 2064 2167 2152 Συρακούσιος
2212 2061 2255 2153 ἢ
2288 2064 2665 2153 Ἀθηναῖος,
2709 2069 2861 2152 μαλ-
2980 2078 2982 2149 1

581 2177 704 2237 λον
769 2170 842 2258 δε
904 2167 1370 2256 Ἀλεξανδρεὺς
1430 2173 1548 2255 τῆς
1620 2173 1917 2256 Τρωικῆς
1964 2169 2491 2260 Ἀλεξανδρείας,
2556 2176 2686 2240 τῶν
2750 2176 2863 2257 τῆς
2980 2156 2982 2289 Ῑ

582 2254 916 2357 Πλειάδος
962 2272 1084 2361 εἷς,
1141 2274 1640 2374 ἀνταγωνιστὴς
1676 2273 1966 2365 Ὁμήρου
2012 2283 2134 2345 τοῦ
2180 2283 2501 2367 τραγικοῦ
2546 2284 2666 2347 τοῦ
2708 2282 2863 2345 υἱοῦ
2980 2292 2982 2313 ²

501 2407 554 2446 20
582 2388 868 2472 Μυροῦς
922 2389 1040 2470 τῆς
1085 2388 1480 2466 Βυζαντίας,
1536 2380 1834 2469 ἀκμάσας
1878 2382 2043 2453 κατὰ
2092 2384 2216 2471 τὴν
2262 2386 2419 2473 ρκδ’
2470 2384 2865 2472 ὀλυμπιάδα,

576 2487 836 2577 γράψας
884 2489 958 2558 δὲ
1006 2492 1118 2559 καὶ
1163 2488 1496 2575 ποιήματα
1543 2490 1653 2556 καὶ
1702 2491 2185 2579 καταλογάδην.

722 2656 748 2702 1
788 2645 824 2718 ἡ
863 2652 1070 2705 Κνιδία
1107 2668 1236 2721 pars
1263 2650 1388 2706 libr.
1418 2654 1471 2701 Π
1500 2654 1617 2703 Am.
1648 2649 1798 2705 Eud.
1836 2644 1872 2720 ἢ
1912 2654 2339 2723 expungendum
2379 2671 2499 2709 esse
2534 2652 2678 2709 vidit
2703 2654 2865 2707 Hem·

455 2736 466 2746 ·
573 2730 800 2785 sterhus.
840 2728 970 2782 coll.
1008 2731 1210 2785 Athen.
1250 2729 1329 2783 ΙΙΙ
1365 2748 1418 2798 p.
1454 2735 1555 2784 109
1593 2732 1653 2783 et
1688 2748 1741 2798 p.
1777 2737 1903 2801 102,
1942 2750 2053 2799 quo
2088 2750 2157 2787 ex
2192 2734 2316 2789 loeo
2344 2736 2562 2803 Σίλφαι
2598 2750 2697 2803 pro
2734 2738 2866 2787 Σιλ-

576 2809 683 2876 φία
720 2809 972 2877 reposuit
1114 2817 1145 2863 2
1184 2808 1282 2865 καὶ
1318 2806 1459 2863 ἄλλα
1495 2812 1627 2877 post
1665 2804 1826 2878 Φακῆ
1866 2810 1993 2864 add.
2032 2812 2183 2867 Eud.

719 2886 956 2941 DCCLX
1005 2888 1208 2945 Totam
1253 2889 1429 2943 vitam
1469 2906 1578 2942 om.
1619 2894 1663 2941 A
1702 2890 1760 2942 et
1795 2890 1976 2958 Eud,
2024 2892 2213 2960 itaque
2262 2909 2329 2946 ex
2373 2909 2486 2945 uno
2524 2893 2693 2962 poeta.
2728 2891 2867 2947 duos
2982 2908 2984 2929 ³

575 2964 754 3021 factos
803 2985 917 3021 esse
963 2968 1250 3039 perspexit
1284 2969 1643 3039 Bernhardy;
1691 2969 1931 3025 alterum
1978 2972 2244 3026 lectorem
2285 2988 2353 3025 ex
2386 2971 2513 3025 loco
2552 2975 2750 3027 Athen.
2794 2972 2867 3025 IV

575 3064 630 3116 p.
663 3052 764 3101 158
802 3048 947 3104 male
984 3049 1274 3105 intellecto
1313 3049 1570 3104 elicuisse
1608 3050 1969 3105 manifestum
2007 3053 2107 3107 eet.
2186 3051 2266 3106 Cf.
2308 3052 2725 3106 Sommerbrodt
2750 3053 2787 3107 1.
2822 3070 2862 3108 c.

575 3144 631 3194 p.
661 3133 748 3192 31,
785 3125 973 3194 Daub,
1011 3129 1152 3185 Mus,
1191 3130 1366 3184 Rhen.
1397 3127 1605 3182 XXXV
1643 3146 1696 3197 p.
1728 3135 1812 3183 64.

719 3204 985 3261 DCCLXI
1022 3209 1173 3263 Eud.
1205 3228 1257 3278 p.
1289 3214 1408 3262 642.
1451 3207 1533 3263 Cf.
1558 3208 1713 3265 Voss..
1744 3210 1872 3264 hist.
1903 3209 2093 3265 Graec.
2128 3229 2181 3279 p.
2205 3218 2309 3265 499
2333 3211 2506 3265 West.
2582 3218 2614 3265 6
2640 3212 2709 3281 τῇ
2741 3212 2866 3264 add.

578 3290 678 3337 AV
789 3293 820 3340 ’1
859 3290 1045 3359 βιβλία
1083 3290 1349 3355 συνέταξε
1389 3287 1673 3359 πρακτικὰ
1710 3294 1940 3344 πλεῖστα
1978 3291 2204 3359 melius„
2244 3294 2307 3345 ut
2344 3290 2583 3360 videtur,
2620 3292 2772 3345 Eud.

723 3364 1016 3421 DCCLXII
1051 3370 1202 3424 Eud.
1242 3370 1280 3424 1.
1320 3388 1365 3425 ο.
1511 3376 1545 3423 9
1583 3376 1883 3438 γυναικεῖα
1922 3387 1989 3423 ex
2018 3376 2167 3425 ABv
2203 3370 2493 3427 revocavit
2522 3371 2871 3441 Bernhardy,

582 3449 922 3514 γυναικείων
959 3452 1104 3521 vuly.
1135 3451 1285 3506 Eud.
1434 3456 1497 3503 11
1540 3445 1681 3503 ἄλλα
1718 3454 1950 3503 πλεῖστα
1988 3446 2241 3519 διάφορα
2279 3450 2432 3504 Eud.

720 3525 1038 3583 DCCLXIII
1077 3531 1228 3588 Eud.
1257 3549 1309 3601 p.
1335 3536 1454 3585 650.
1491 3530 1761 3583 Traetant
1789 3526 2012 3582 Clinton
2030 3529 2105 3581 III
2126 3548 2181 3598 p.
2203 3536 2331 3597 5083
2360 3529 2567 3583 Mfiller
2586 3529 2637 3583 II
2662 3548 2718 3599 p.
2740 3536 2870 3593 627;

579 3605 770 3677 Daub,
808 3608 964 3664 Stud.
1002 3628 1056 3679 p.
1092 3617 1190 3665 141
1306 3617 1369 3664 12
1408 3610 1664 3664 Λυτικῶν
1703 3607 1997 3677 proposuit
2029 3608 2363 3679 Bernhardy
2400 3609 2529 3663 coll.
2561 3610 2763 3662 Athen.
2796 3609 2870 3661 XI

577 3705 631 3757 p.
663 3694 784 3756 493,
823 3689 919 3743 sed
957 3688 1025 3743 ef.
1064 3688 1282 3759 Menag.
1322 3690 1380 3743 in
1417 3688 1580 3757 Diog.
1615 3688 1711 3754 VI,
1750 3692 1839 3752 813
1883 3688 2085 3758 Lehm,
2123 3688 2289 3743 Arist.
2328 3708 2382 3758 p.
2413 3694 2518 3742 203
2556 3691 2673 3742 not.

583 3773 646 3820 13
684 3763 989 3822 Λακωνικά
1029 3776 1159 3824 ante
1199 3766 1262 3823 ἐν
1299 3769 1480 3839 suppl.
1509 3768 1785 3822 Kusterus
1871 3763 1933 3821 ἐν
1969 3766 2188 3831 τούτοις
2218 3801 2283 3808 --
2314 3769 2590 3838 Μιμηλῶν
2635 3766 2873 3822 fortasse

580 3846 758 3901 lector
784 3847 1099 3919 adscripsit,
1129 3849 1202 3903 ad
1232 3849 1557 3916 sequentem
1585 3847 1792 3902 librum
1819 3848 2041 3904 rettulit
2059 3849 2229 3903 Daub
2342 3855 2407 3902 14
2436 3848 2515 3903 sic
2544 3847 2703 3902 codd.
2739 3848 2874 3902 Par.

581 3927 920 3981 Δικλειστῶν
959 3928 1082 3983 edd.
1121 3930 1258 3984 vett.
1289 3928 1440 3981 Eud.
1481 3928 1862 3995 Δεικηλιστῶν
1888 3933 1983 3981 ΒΕ
2020 3924 2146 3998 ἤτοι
2182 3946 2283 3997 pro
2320 3928 2418 3983 καὶ
2456 3928 2600 3982 coni.
2630 3928 2842 3981 Maller

586 4012 646 4058 15
677 4008 955 4075 Μιμηλῶν
994 4009 1262 4077 expunxit
1295 4006 1521 4072 Maller,
1558 4005 1685 4059 coll.
1716 4009 1917 4063 Athen.
1951 4008 2080 4062 XIV
2118 4027 2171 4077 p.
2204 4014 2304 4062 621
2344 4009 2590 4063 παιδιῶν
2626 4026 2731 4077 pro
2767 4030 2875 4063 πα-

580 4087 755 4139 λαιῶν
792 4103 930 4141 corr.
971 4087 1328 4159 Bernhardy3
1376 4090 1506 4157 post
1542 4087 1799 4140 παλαιῶν
1836 4086 1984 4140 idem
2021 4086 2155 4140 addi
2193 4082 2411 4141 mavult
2445 4088 2654 4143 Miiller

722 4166 1040 4223 DCCLXIV
1097 4168 1177 4223 Cf.
1219 4169 1386 4222 Anth.
1426 4167 1546 4222 Pal.
1584 4166 1714 4232 VII,
1754 4173 1873 4221 707.
1960 4168 2193 4221 Tractat
2228 4166 2518 4234 Weleker‚
2570 4168 2664 4222 Gr.
2707 4170 2872 4239 Trag.
2950 4168 2959 4177 '

580 4264 635 4315 p.
671 4252 805 4299 1252
921 4254 981 4301 17
1023 4247 1091 4302 cf.
1129 4268 1182 4303 v.
1208 4242 1448 4317 Ὅμηρος
1480 4242 1651 4315 Ἀνδρ.
1761 4252 1829 4300 20
1870 4247 2204 4311 Βυζαντίδος
2230 4253 2276 4300 V
2360 4244 2486 4324 9226'
2529 4265 2667 4302 corr.
2705 4250 2874 4305 Pear-

581 4343 695 4380 son.
734 4322 862 4396 ρξδ’
902 4328 1030 4381 libri
1151 4330 1158 4341 ’
