3025 4892
2321 123 2330 132 ,
2760 90 2918 150 mag
2965 123 3006 153 *-

1141 208 1529 263 ΑΡΡΕΝυιΧ.
2292 178 2530 355 Q
2722 184 2864 277 a„
2934 157 2948 172 ⁷

246 361 263 387 ,
462 365 480 387 ,
1005 364 1021 389 ,
1151 367 1168 389 ,
1365 373 1390 391 ,,
1646 372 1675 387 „
1830 368 1846 389 ,
2136 365 2167 391 n
2366 370 2381 392 ,
2447 286 2873 399 Estffissamaa-
2975 280 3006 375 ,Ῐ

176 370 676 455 αυτοκρατορι.]
777 368 886 436 καὶ
943 395 1027 437 ου
1081 394 1297 455 μονον
1353 392 1539 457 ετυχε
1597 395 1713 456 της
1766 394 2064 455 χαριτος,
2128 398 2215 458 ην
2272 372 2483 456 ἐξητει
2659 400 2686 407 -
2723 405 2764 413 --
2809 374 2970 411 -·“·“””’

175 472 350 559 παρ’
400 471 643 559 αὐτοῦ,
699 474 822 562 τὴν
883 480 977 557 εἰς
1021 480 1308 562 πατρίδα
1356 475 1726 561 ἐπάνοδον,
1783 471 1951 544 ἀλλὰ
1995 477 2107 544 καὶ
2153 474 2317 566 πρὸς
2362 478 2481 544 ἕνα

175 582 468 650 ἕκαστον
531 587 761 668 στίχον
825 586 1020 667 ἔλαβε
1080 585 1372 671 στατῆρα
1431 582 1553 651 ἕνα
1610 585 1945 670 χρυσοῦν,
1990 579 2102 671 ζὼς
2164 584 2483 670 γενέσθαι

169 687 517 773 μυριάδας
565 686 710 757 δύο.

1269 889 1404 955 IV.

799 1030 1224 1098 Aristotelis
1270 1032 1422 1097 vita
1465 1031 1877 1113 nonagiana

358 1187 839 1277 Ἀριστοτέλης,
893 1189 1041 1269 υίὸς
1086 1188 1485 1277 Νικομάχου
1538 1191 1651 1257 καὶ
1704 1195 2066 1272 Φαιστίδος
2120 1192 2189 1281 (ὃ
2236 1190 2311 1259 δὲ
2356 1198 2476 1260 Νι·
2506 1220 2533 1261 5

171 1294 478 1381 κόμαχος
526 1291 751 1381 ἰατρὸς
795 1286 882 1381 ἦν
928 1298 1048 1363 τοῖ’
1095 1299 1235 1363 τῶν
1275 1290 1777 1383 Ἀσκληπιαδῶν
1823 1298 2065 1381 γένους
2110 1295 2239 1367 ἀπὸ
2276 1306 2483 1367 Νικο-

171 1400 412 1489 μάχου
474 1405 598 1469 τοῦ
665 1401 1062 1491 Μαχάονος)
1130 1404 1200 1471 ἐκ
1256 1394 1647 1489 Σταγείρων
1712 1402 1966 1483 πόλεως
2029 1408 2146 1490 τῆς
2199 1402 2482 1494 Θράκης,

177 1506 598 1595 φιλόσοφος,
663 1507 968 1595 μαθητὴς
1023 1507 1420 1593 Πλάτωνος,
1485 1507 1771 1596 τραυλὸς
1834 1509 1957 1596 τὴν
2015 1509 2270 1599 φωνήν.
2371 1511 2482 1579 καὶ

177 1613 529 1701 ἀδελφοὺς
574 1612 696 1701 μὲν
744 1619 934 1701 ἔσχεν
975 1609 1413 1703 Ἀρίμνηστον
1458 1617 1571 1684 καὶ
1610 1612 2083 1705 Ἀριμνήστην,
2142 1620 2483 1704 θυγατέρα

183 1722 266 1790 δὲ
321 1719 452 1789 ἀπὸ
502 1721 862 1801 Πυθιάδος
913 1724 1030 1807 τῆς
1085 1721 1424 1808 θυγατρὸς
1457 1720 1770 1809 Ἑρμείου
1818 1728 1941 1792 τοῦ
1989 1721 2353 1810 εὐνούχου,
2410 1720 2484 1805 ὃς
2511 1754 2563 1792 10

175 1830 297 1896 καὶ
348 1833 622 1914 θλιβίας
667 1823 764 1897 ὢν
811 1824 1024 1914 αὐτὴν
1070 1832 1397 1914 ἔσπειρεν·
1449 1831 1797 1917 γημαμένη
1847 1829 1921 1898 δὲ
1966 1829 2184 1917 τρισὶν
2233 1825 2273 1916 ἡ
2316 1827 2482 1915 Ἀρι-

168 1940 537 2015 στοτέλους
593 1932 902 2023 θυγάτηρ
957 1932 1341 2002 τεκνωσασα
1393 1934 1952 2022 προετελεύτησεν
1993 1934 2486 2022 Ἀριστοτέλους

167 2046 302 2110 τοῦ
369 2040 632 2127 πατρός.
734 2038 867 2126 εἶχε
934 2040 1008 2107 δὲ
1071 2040 1183 2107 καὶ
1248 2040 1404 2109 υἱὸν
1470 2040 1864 2128 Νικόμαχον
1930 2044 1997 2123 ἐξ
2042 2041 2484 2130 Ἑρπυλλίδος

165 2151 549 2234 παλλακῆς,
612 2144 700 2234 ἣν
766 2146 925 2234 μετὰ
975 2146 1312 2216 1Πυθιάδα
1375 2146 1532 2235 παρ’
1584 2144 1897 2235 Ἑρμείου
1959 2152 2080 2217 τοῦ
2146 2146 2484 2235 εὐνούχου

166 2253 394 2344 (ὅστις
447 2245 535 2341 ἦν
588 2252 814 2341 ἅρχων
855 2251 1246 2339 Ἀταρνέως,
1295 2296 1377 2303 ——
1426 2254 1609 2341 χώρα
1670 2252 1734 2321 δ’
1796 2252 1962 2341 αὕτη
2017 2252 2335 2341 Τρωάδος
2381 2294 2464 2305 --·
2512 2286 2564 2326 15

167 2358 544 2447 Εὐβούλου
608 2361 683 2430 δὲ
750 2364 872 2430 τοῦ
937 2365 1250 2429 Βιθυνοῦ
1315 2364 1559 2453 δοῦλος
1624 2358 1957 2451 γεγονώς)
2012 2366 2281 2446 ἔλαβεν,
2356 2360 2467 2427 καὶ

167 2468 395 2537 αὐτοῦ
449 2466 762 2557 Ἑρμείου
824 2465 1098 2536 παιδικὰ
1160 2470 1535 2555 γενομένου
1597 2466 2113 2552 Ἀριστοτέλους.
2214 2458 2368 2554 ἦρξε
2431 2472 2470 2535 δ

166 2582 291 2661 ἔτη
349 2573 445 2661 ιγ’
491 2578 607 2663 τῆς
660 2577 1166 2661 περιπατητικῆς
1221 2580 1582 2662 κληθείσης
1638 2580 2044 2661 φιλοσοφίας
2098 2572 2210 2641 διὰ
2266 2572 2338 2641 τὸ
2400 2576 2474 2642 έν

165 2681 514 2772 περιπάτῳ
570 2679 718 2768 ἤτοι
775 2680 959 2771 κήπῳ
1008 2679 1273 2763 διδάξαι
1320 2680 1851 2771 ἀναχωρήσαντα
1896 2685 2013 2767 τῆς
2055 2678 2477 2767 Ἀκαδημίας,

169 2793 254 2859 ἐν
303 2781 346 2879 ᾖ
393 2788 681 2857 Πλάτων
739 2790 1062 2869 ἐδίδαξεν.
1154 2788 1488 2875 ἐγεννήθη
1549 2787 1611 2854 δ’
1665 2790 1739 2857 ἐν
1792 2792 1873 2873 τῆ
1942 2787 2059 2867 οθ’
2108 2783 2476 2873 ὀλυμπιάδι
2512 2817 2567 2859 20

175 2897 295 2965 καὶ
341 2893 680 2964 ἀπέθανεν
728 2893 1042 2964 ἀκόνιτον
1087 2892 1259 2963 πιὼν
1298 2897 1374 2963 έν
1411 2898 1717 2980 Χαλκίδι,
1765 2894 1940 2961 διότι
1977 2896 2271 2963 ἐκαλεῖτο
2311 2892 2478 2979 πρὸς

183 3001 519 3089 εὐθύνας,
576 3001 803 3089 ἐπειδὴ
862 3006 1108 3089 ἔγραψε
1161 3004 1414 3069 παιᾶνα
1462 3004 1557 3079 εἰς
1594 2997 1905 3087 Ἑρμείαν
1950 2999 2077 3068 τὸν
2141 2997 2471 3086 εὐνοῦχαν

177 3114 254 3178 οἱ
298 3111 378 3177 δέ
417 3128 584 3195 φασι
634 3111 816 3199 νόσω
863 3106 1070 3177 αὐτὸν
1125 3111 1513 3194 τελευτῆσαι
1561 3106 1899 3193 βιώσαντα
1956 3112 2070 3194 ἔτη
2120 3106 2208 3192 ο’,
2260 3103 2351 3187 ὥς
2405 3109 2486 3176 δέ

176 3242 360 3296 τινες
415 3216 536 3304 ξγ’.
628 3217 1004 3303 συνέγραφε
1059 3219 1285 3301 βιβλία
1346 3212 1545 3300 ἐγγὺς
1604 3213 1695 3283 v'.
1785 3213 2087 3302 διάδοχοι
2149 3211 2212 3281 δ’
2266 3211 2479 3282 αὐτοῦ

178 3326 302 3409 τῆς
348 3328 589 3410 σχολῆς
631 3320 794 3390 κατὰ
834 3322 1022 3403 τάξιν
1061 3324 1373 3408 έγένοντο
1414 3324 1583 3389 οἵδε·
1630 3321 2080 3409 Θεόφραστος,
2129 3323 2477 3407 Στράτων,
2512 3353 2565 3393 25

333 3562 360 3609 l
401 3555 523 3611 cod.
561 3546 634 3623 ἦν
778 3562 811 3608 4
849 3549 1206 3624 νομισμάτων
1244 3549 1526 3622 μυριάδας
1562 3549 1618 3627 β’
1661 3552 1869 3605 Suidas

330 3635 408 3690 IV
480 3640 674 3689 6—23
716 3629 1082 3704 Ἀριστοτέλης
1127 3662 1194 3673 -
1247 3630 1343 3700 ἔτη
1389 3629 1466 3702 o',
1512 3631 1548 3686 i.
1588 3648 1635 3687 e.
1684 3630 1859 3686 vitam
1904 3631 2346 3701 Hesychiauam,
2395 3632 2489 3686 de-

185 3714 416 3784 scripsit
450 3714 659 3769 Suida3
696 3732 737 3770 s,
778 3732 828 3768 v.
865 3708 1231 3782 Ἀριστοτέλης
1348 3718 1380 3767 ὅ
1420 3708 1763 3773 Φαιστιάδος
1797 3712 1940 3781 vuly.
1979 3712 2188 3767 Suidas
2316 3720 2345 3767 ’1
2385 3732 2485 3781 μα-

187 3797 408 3866 χαῶνος
445 3794 654 3850 Suidae
689 3799 730 3847 Β
768 3795 827 3849 et
862 3812 943 3864 pr.
983 3814 1053 3850 m.
1091 3801 1163 3863 Ε,
1202 3789 1502 3865 μαχάωνος
1539 3798 1593 3845 1
1737 3799 1769 3847 9
1808 3789 1912 3861 μὲν
1950 3808 2057 3846 om.
2098 3792 2306 3847 Suidae
2340 3795 2435 3843 ΒΕ

191 3883 258 3939 10
309 3870 505 3945 ἕρμίου
553 3873 646 3928 hio
691 3876 751 3929 et
795 3873 944 3929 infra.
989 3875 1196 3930 Suidae
1236 3879 1282 3926 A
1454 3868 1517 3935 ὅς
1563 3891 1626 3941 γε
1676 3870 1817 3927 coni.
1866 3870 2096 3940 Jacobs,
2142 3872 2371 3926 Ansshol.
2411 3872 2489 3926 VI

167 3976 248 4026 -p.
281 3961 384 4010 366
533 3960 595 4009 11
637 3955 865 4026 θλιβίας
901 3954 1074 4009 etiam
1118 3956 1297 4011 Patm.
1336 3954 1583 4015 θλαδίας
1620 3952 1829 4007 Suidas
1957 3948 2145 4018 ἔπειρε
2186 3950 2397 4006 διιίἀασ
2424 3955 2489 4020 Δ,

187 4034 363 4105 ’ἔπηρε
403 4040 526 4105 ΒΕ,
567 4050 673 4090 om.
704 4039 749 4087 V
901 4033 1232 4106 γαμουμένη
1271 4033 1481 4088 Suidae
1518 4037 1572 4084 Π
1610 4048 1719 4086 om.
1756 4035 1852 4083 ΒΕ
2010 4036 2073 4084 13
2114 4027 2238 4099 ἔσχε
2278 4031 2487 4086 Suidas

193 4111 490 4185 ἕρπόλιδος
528 4114 738 4168 Suidae
764 4118 860 4166 ΒΕ
1006 4120 1074 4170 14
1109 4110 1352 4185 ἠγάγετο
1390 4113 1523 4182 post
1556 4104 1629 4179 ἣν
1668 4111 1795 4165 add.
1828 4110 2037 4166 Suidas
2183 4114 2247 4163 15
2286 4104 2489 4179 ἀσταρ-

192 4195 336 4257 νέως
366 4196 549 4249 Patm.
663 4199 727 4248 16
767 4191 1024 4265 ἔ[λα]βεν
1053 4197 1112 4249 eb
1146 4198 1215 4248 λα
1252 4194 1311 4249 in
1347 4194 1454 4248 lac.
1488 4192 1668 4247 Patm.
1784 4198 1847 4246 17
1886 4190 2158 4245 παιδικοῦ
2199 4190 2408 4245 Suidae
2444 4197 2489 4244 A

186 4296 228 4329 π
259 4318 270 4330 .
304 4318 316 4331 .
349 4318 361 4330 .
397 4277 489 4328 δικ
523 4316 534 4329 .
570 4316 580 4327 .
614 4316 626 4328 .
669 4273 848 4327 Patm.
975 4266 1144 4343 ἦρξεν
1186 4276 1364 4329 Patm.
1529 4278 1600 4325 20
1637 4266 1742 4341 ηθ’
1786 4272 1972 4325 Patm.
2129 4275 2199 4323 22
2238 4266 2488 4339 ἔγραψεν

193 4356 383 4411 Patm.
533 4358 600 4407 23
639 4371 814 4422 φασιν
855 4354 1035 4409 Patm.
