3025 4892
515 203 603 270 46
1441 199 1869 262 HESYCHIUS.

513 392 641 435 νου
697 365 808 434 καὶ
865 368 1220 434 Κλαυδίου
1273 365 1592 454 δευτέρου
1645 365 1756 433 καὶ
1803 363 2245 454 Αὐρηλιανοῧ
2290 370 2427 434 τῶν
2480 366 2825 454 βασιλέων

505 470 865 560 Ῥωμαίων.

659 571 1030 648 CLXXXI.
1104 581 1506 661 Δέξιππος
1552 583 1755 672 Κῷος
1796 581 2043 669 ἰατρός,
2073 578 2551 668 Ἱπποκράτους
2588 591 2821 670 μαθη-

510 685 653 772 τής,
711 683 784 767 ὃς
836 686 1329 774 μεταπεμφθεὶς
1388 684 1513 754 ὑπὸ
1552 685 1973 774 Ἑκατόμνου
2016 691 2139 756 τοῦ
2186 693 2440 776 Καρῶν
2485 690 2826 774 βασιλέως

457 817 482 857 ι
512 792 834 862 ἰάσασθαι
889 790 1100 863 αὐτοῦ
1154 791 1312 872 τοὺς
1355 797 1599 874 παῖδας
1644 792 2212 882 ἆπογνωσθέντας
2257 795 2651 864 Μαυσωλὸν
2698 798 2823 864 καὶ

517 899 940 989 Πιξώδαρον,
979 900 1084 968 ἐπὶ
1121 897 1472 987 ὑποσχέσει
1511 899 1745 970 ἰάσατο
1782 897 1905 970 τοῦ
1940 905 2201 970 παῦσαι
2234 899 2356 970 τὸν
2384 900 2548 990 πρὸς
2576 907 2826 991 Κᾶρας

513 1007 660 1076 τότε
706 1007 885 1099 αὐτῷ
934 1010 1258 1078 ἐνεστῶτα
1313 1007 1629 1095 πόλεμον.
1722 1014 2011 1096 ἔγραψεν
2069 1009 2377 1099 ἰατρικὸν
2420 1014 2688 1096 βιβλίον
2742 1009 2827 1076 α’

511 1115 622 1182 καὶ
667 1117 816 1201 περὶ
861 1114 1310 1201 προγνώσεων
1355 1114 1448 1202 β’.

689 1224 1066 1291 CLXXXII.
1141 1221 1519 1310 Δημάδης
1557 1219 1938 1310 Ἀθηναῖος,
1986 1223 2209 1312 ῥήτωρ
2256 1222 2368 1290 καὶ
2416 1221 2833 1310 δημαγωγὸς

437 1350 487 1389 10
515 1332 898 1414 πανοῦργος
941 1328 1051 1396 καὶ
1099 1326 1398 1416 εὐτυχής,
1445 1330 1772 1418 πρότερον
1820 1328 2071 1416 ναύτης
2118 1329 2230 1398 ὤν.
2314 1335 2607 1416 ἔγραψεν
2655 1326 2829 1397 άπο-

511 1433 835 1522 λογισμὸν
876 1433 1043 1523 πρὸς
1083 1434 1493 1523 Ὀλυμπιάδα
1540 1440 1654 1524 τῆς
1701 1437 1944 1506 ἑαυτοῦ
1992 1431 2453 1522 δωδεκαετίας,
2501 1439 2823 1522 ἱστορίαν

510 1542 659 1630 περὶ
706 1541 942 1631 Δήλου
994 1543 1106 1610 καὶ
1162 1546 1278 1630 τῆς
1329 1544 1653 1629 γενέσεως
1710 1547 1848 1610 τῶν
1895 1548 2161 1630 Λητοῦς
2204 1547 2487 1613 παίδων.
2582 1535 2825 1628 [οὗτος

507 1650 823 1718 κατέλυσε
859 1647 939 1718 τὰ
978 1649 1367 1738 δικαστήρια
1403 1650 1516 1717 καὶ
1552 1647 1708 1731 τοὺς
1736 1648 2133 1739 ῥητορικοὺς
2168 1651 2480 1740 ἀγῶνας]
2540 1655 2823 1741 τελευτᾷ

514 1755 587 1824 δὲ
635 1755 739 1825 ἐπὶ
781 1752 1234 1844 Ἀντιπάτρου.

433 1885 484 1924 u>
687 1863 1093 1930 CLXXXIII.
1168 1859 1548 1948 Δημάδης
1586 1863 1925 1949 Λακιάδης
1958 1860 2318 1950 Ἀθηναῖος
2362 1863 2603 1953 ῥήτωρ.
2660 1869 2824 1934 τοῦ-

509 1993 628 2034 τον
683 1971 1098 2054 εἰσεποίησεν
1151 1965 1188 2036 ὁ
1234 1967 1557 2057 πρότερος
1604 1967 1930 2056 Δημάδης
1988 1965 2024 2038 ὁ
2073 1970 2184 2037 καὶ
2232 1970 2632 2059 δημαγωγὸς
2680 1969 2822 2040 άπὸ

511 2071 909 2160 αὐλητρίδος
945 2076 1282 2163 τεχθέντα.
1336 2072 1550 2163 πατὴρ
1594 2073 1668 2143 δὲ
1705 2077 1816 2144 καὶ
1857 2074 2056 2158 αὐτὸς
2094 2079 2331 2166 Δημέα
2367 2082 2491 2147 τοῦ
2529 2077 2825 2166 ῥήτορος

508 2180 816 2267 γέγονεν,
857 2177 1016 2268 <ὃς>
1061 2182 1171 2250 καὶ
1208 2180 1504 2250 ἀπώλετο
1540 2180 1760 2268 ριφεὶς
1798 2187 1892 2262 εἰς
1925 2181 2051 2271 τὴν
2083 2182 2539 2272 Ἀμφιπόλεως
2566 2191 2821 2273 λίμνην

510 2285 638 2355 ὑπὸ
677 2286 1089 2376 Κασάνδρου
1119 2285 1555 2377 Ἀντιπάτρου
1590 2292 1713 2356 τοῦ
1751 2288 1997 2377 πατρὸς
2036 2287 2367 2378 διαδόχου
2406 2282 2632 2376 [οὗτος
2667 2284 2815 2378 μετ’

431 2421 486 2462 20
506 2391 936 2485 Ἀντίπατρον
982 2393 1382 2482 βασιλεύσας
1427 2394 1653 2482 Θήβας
1698 2393 2064 2483 άνέστησε].

657 2599 685 2646 1
723 2593 838 2648 τῶν
875 2596 998 2663 βασ.
1031 2587 1188 2663 Ῥωμ.
1230 2609 1338 2646 om.
1378 2590 1529 2646 Eud.
2654 2646 2665 2656 ,

655 2671 927 2727 CLXXXI
963 2673 1113 2727 Eud.
1154 2689 1206 2741 p.
1245 2677 1348 2726 223
1493 2678 1527 2724 3
1558 2666 1933 2740 Ἱπποκράτου
1971 2673 2122 2728 Eud.
2278 2678 2314 2726 4
2354 2666 2418 2736 ὃς
2456 2704 2523 2714 -
2563 2669 2823 2743 πόλεμον

513 2770 620 2808 om.
659 2753 810 2809 Eud.
956 2759 987 2807 5
1027 2748 1216 2810 αὐτῶν
1252 2756 1345 2805 ΒΕ
1387 2747 1540 2826 αὐτῷ
1570 2758 1625 2805 11
1662 2748 1857 2816 αὐτοῖς
1884 2757 1930 2806 Δ
1966 2754 2109 2822 vulq.
2184 2753 2505 2808 συνεστῶτα
2534 2753 2824 2809 Kusterus

513 2828 854 2902 ἐνεστηκότα
889 2839 933 2884 E
1082 2839 1111 2887 7
1154 2831 1419 2903 ἰατρικῶν
1457 2834 1733 2888 Kusterus

655 2910 952 2967 CLXXXII
999 2912 1151 2967 Eud.
1189 2931 1243 2982 p.
1284 2918 1414 2980 226,
1464 2929 1610 2982 quae
1657 2929 1765 2966 om.
1814 2908 2149 2982 δημαγωγός
2195 2943 2262 2952 -
2310 2908 2390 2966 ὤν
2435 2914 2495 2967 eb
2539 2903 2705 2974 οὗτος
2744 2944 2822 2953 -

513 2993 643 3048 exit.
718 2993 950 3047 Tractat
985 2993 1189 3048 Miiller
1225 2992 1302 3046 IV
1340 3012 1395 3063 p.
1433 2999 1538 3048 377
1671 2998 1735 3047 10
1774 2987 1996 3061 εὐφυής
2031 2991 2305 3047 Ruhnken
2427 2986 2819 3061 ἀπολογισμὸν

512 3075 610 3142 τῆς
651 3070 858 3128 εαυτοῦ
897 3075 1304 3141 δωδεκαετίας
1353 3070 1604 3140 ἱστορίαν
1650 3105 1707 3114 -
1746 3074 1986 3126 παίδων.
2059 3073 2292 3148 τελευτᾷ
2339 3071 2403 3128 δε
2451 3067 2581 3128 κατ’
2618 3067 2820 3142 Ὀλυμ-

512 3152 694 3211 πιάδα
731 3151 831 3224 ριε’
865 3150 958 3208 ἐπὶ
988 3147 1372 3222 Ἀντιπάτρου,
1411 3172 1474 3215 ος
1509 3152 1779 3208 κατέλυσε
1818 3147 1917 3208 τὸν
1946 3154 2129 3223 δῆμον
2166 3153 2263 3208 καὶ
2301 3150 2370 3208 τὰ
2410 3155 2518 3207 δικ.
2548 3148 2816 3214 καὶτοὺς

513 3233 698 3307 ρητορ.
738 3229 962 3303 άγῶνας
1000 3232 1098 3287 καὶ
1135 3227 1260 3302 μετ’
1296 3227 1655 3301 Ἀλέξανδρον
1694 3229 2028 3306 βασιλευσας
2066 3229 2260 3305 Θήβας
2296 3228 2569 3302 άνέστησε
2606 3231 2815 3287 Ruhn-

515 3318 618 3372 ken
741 3320 805 3369 11
847 3311 1096 3383 ἱστορίαν
1133 3343 1204 3353 -·
1238 3314 1460 3368 παίδων
1497 3313 1570 3367 ad
1608 3313 1949 3384 Hyperidem
1986 3313 2207 3368 reitulit
2241 3313 2575 3384 ,Bernhardy
2665 3309 2819 3368 ἱστο-

512 3399 642 3469 ρίαν
688 3395 816 3466 περὶ
863 3391 1055 3465 Δήλου
1100 3392 1309 3449 iuniori
1352 3393 1522 3448 alicui
1567 3393 1806 3448 Demadi
1853 3393 2009 3448 dedit
2044 3393 2389 3460 Gutschmid3
2437 3392 2589 3447 idem
2636 3393 2817 3447 verba.

513 3471 678 3543 οὗτος
713 3509 785 3518 -
812 3470 1039 3546 άγῶνας
1072 3477 1201 3545 post
1232 3471 1587 3545 Ἀντιπάτρου
1625 3475 1953 3531 collocanda
1989 3476 2048 3529 ei.
2082 3476 2353 3542 tanquam
2380 3472 2610 3528 lectoris
2648 3472 2819 3528 addi-

512 3562 824 3616 tamentum
861 3555 1199 3613 secludenda.
1232 3557 1400 3626 putat

655 3638 982 3694 CLXXXIII
1018 3637 1169 3692 Eud.
1207 3655 1264 3706 p.
1304 3642 1434 3705 226,
1473 3653 1615 3706 quae
1652 3635 1854 3705 incipit
1891 3632 2008 3691 ἔστι
2044 3632 2107 3690 δὲ
2147 3633 2246 3689 καὶ
2284 3631 2473 3703 ἕτερος
2509 3640 2655 3706 Δημ.

502 3728 579 3777 -15
624 3721 826 3776 τοῦτον
874 3750 940 3760 -
988 3718 1120 3773 exit.
1167 3734 1274 3773 om.
1313 3717 1463 3772 Eud.
1510 3717 1715 3771 τοῦτον
1770 3748 1836 3757 -
1884 3715 2163 3785 τεχθέντα
2210 3714 2365 3769 delet
2414 3715 2685 3786 leyyers
2734 3717 2813 3771 de

512 3802 743 3857 Demad.
782 3820 834 3871 p.
873 3805 906 3854 5
933 3816 1046 3870 seq.
1085 3797 1310 3854 aliunde
1346 3797 1457 3851 huc
1494 3797 1775 3853 involasse
1811 3795 2095 3867 perspexit
2129 3795 2301 3850 Daub
2440 3801 2505 3850 17
2545 3797 2813 3866 Δημαίου

509 3884 655 3952 υιιῑ9.
685 3879 918 3952 Δημέου
937 3884 1031 3934 ΒΕ
1050 3883 1168 3934 Ald.
1199 3877 1398 3948 Δημέα
1417 3884 1521 3932 AV
1631 3884 1696 3934 18
1727 3872 1789 3941 ὃς
1816 3879 1947 3948 post
1973 3876 2209 3946 γέγονεν
2237 3875 2447 3930 inserui
2474 3894 2601 3931 cum
2630 3877 2814 3932 Bem-

421 3953 430 3960 ’
510 3963 666 4020 hard.
697 3961 970 4018 Westerm.
1000 3979 1108 4017 om.
1139 3958 1270 4014 libri
1380 3965 1445 4013 19
1479 3953 1820 4028 Κασάνδρου
1854 3950 2211 4025 Ἀντιπάτρου
2239 3956 2341 4010 τοῦ
2371 3951 2584 4025 πατρὸς
2611 3952 2811 4011 διαδό-

513 4063 614 4114 χον
643 4060 783 4099 corr
805 4043 1142 4111 Gutsehmid,
1166 4036 1363 4096 Ἀντιπ.
1393 4040 1494 4095 τοῦ
1526 4045 1698 4096 Κασσ.
1728 4033 1940 4106 πατρὸς
1965 4036 2063 4091 καὶ
2090 4037 2241 4090 διαδ.
2262 4039 2308 4088 Δ
2335 4034 2677 4132 Κασάνδρου
2704 4037 2811 4090 τοῦ

507 4120 862 4194 Ἀντιπάτρου
891 4144 1017 4179 πατ.
1049 4124 1198 4178 διαδ.
1227 4122 1400 4190 vuly.;
1441 4120 1817 4176 Gutschmidio
1845 4117 2082 4172 debetur
2119 4116 2291 4171 etiam
2326 4106 2493 4179 οὖτος
2528 4135 2583 4186 p.
2615 4113 2812 4187 Δημά-

513 4205 812 4275 6719,un
838 4205 1054 4259 habent
1078 4202 1225 4258 libri.
1255 4200 1444 4256 Verba
1470 4193 1721 4263 οὗτος-
1744 4199 1875 4254 exit.
1896 4198 2093 4254 eadem
2112 4215 2282 4252 manu
2309 4197 2505 4252 addita
2532 4215 2669 4265 esse,
2696 4213 2813 4266 qua

510 4286 570 4338 in
615 4286 800 4354 priore
848 4285 966 4339 vita.
1012 4275 1177 4345 οὗτος
1225 4313 1293 4323 -
1328 4280 1582 4352 α’γῶνας,
1629 4276 1909 4352 persuasit
1945 4278 2266 4334 Gutschmid
2312 4277 2462 4346 (coll.
2509 4279 2809 4332 verborum

514 4365 708 4418 ordine
745 4364 868 4418 cod.
897 4368 962 4432 A)
1085 4357 1149 4425 ὃς
1185 4359 1308 4433 μετ’
1337 4359 1690 4431 Ἀντίπατρον
1722 4361 1995 4430 Ρῑιι99ενε
2030 4375 2083 4427 p.
2114 4364 2147 4413 8
2189 4359 2463 4416 Westerm.
2512 4375 2620 4414 om.
2658 4357 2809 4428 libri,
