3025 4892
584 204 711 271 186
1506 204 1939 263 HESYCHIUS.

578 371 794 455 χρυσᾶ
860 373 998 454 ἔπη.
1099 371 1359 454 πρῶτος
1423 366 1497 435 δὲ
1564 363 1599 436 ὁ
1654 365 2072 457 Πυθαγόρας
2142 366 2457 455 ἐμψύχων
2508 366 2845 456 ἀπέχεσθαι

492 550 500 557 ,
580 478 835 563 τροφῆς
879 476 1219 565 παρέδωκε
1265 476 1376 544 καὶ
1421 474 1717 563 κυάμων.

761 581 1091 666 [ἐτελεύτα
1164 584 1238 651 δὲ
1303 581 1338 651 ὃ
1403 582 1822 673 Πυθαγόρας
1875 588 2119 652 τοῦτον
2144 670 2149 675 Ι
2174 581 2293 651 τὸν
2348 582 2613 671 τρόπον.
2705 603 2845 651 συν-

580 689 978 776 εδρεύοντος
1022 688 1182 778 μετὰ
1227 694 1365 759 τῶν
1411 690 1740 777 συνήθων
1788 691 1862 757 ἐν
1900 693 1979 779 τῇ
2029 696 2350 771 Μίλωνος
2390 694 2584 779 οἰκίᾳ,
2626 688 2844 758 τούτου

527 817 552 857 5
579 795 715 866 ὑπό
773 824 956 878 τινος
1007 802 1145 866 τῶν
1190 797 1279 887 μὴ
1327 801 1710 886 παραδοχῆς
1757 795 2184 880 ἀξιωθέντων
2232 796 2345 867 διὰ
2390 796 2665 884 φθόνου
2703 795 2845 865 ὑπο-

583 908 974 993 πρησθῆναι
1029 904 1154 992 τὴν
1213 910 1432 973 οἰκίαν
1489 907 1758 991 συνέβη.
1847 904 2024 985 τινὲς
2078 904 2153 973 δὲ
2208 903 2453 986 αὐτοὺς
2495 904 2649 986 τοὺς
2690 912 2846 988 Κρο-

581 1012 908 1092 τωνιάτας
951 1017 1149 1082 τοῦτο
1196 1016 1467 1099 πρᾶξαι,
1522 1017 1925 1101 τυραννίδος
1972 1015 2275 1081 ἐπίθεσιν
2323 1000 2847 1099 εὐλαβουμένους.

584 1117 706 1187 τὸν
764 1117 848 1206 δὴ
896 1122 1316 1208 Πυθαγόραν
1371 1121 1887 1205 καταληφθῆναι
1944 1118 2305 1205 διεξιόντα,
2360 1120 2471 1187 καὶ
2529 1120 2689 1205 πρός
2729 1147 2845 1189 τινι

578 1232 798 1317 χωρίῳ
845 1226 1208 1313 γενόμενος
1251 1225 1486 1313 πλήρει
1534 1224 1832 1311 κυάμων,
1878 1228 1993 1293 ἵνα
2034 1224 2365 1313 διήρχετο,
2412 1223 2657 1296 αὐτόθι
2694 1232 2845 1312 ἔστη,

501 1354 552 1395 10
579 1332 784 1401 εἰπὼν
829 1330 1084 1401 ἁλῶναι
1131 1337 1387 1419 μᾶλλον
1435 1328 1476 1420 ἢ
1529 1337 1835 1420 πατῆσαι,
1884 1330 2332 1420 ἀναιρεθῆναι
2380 1334 2455 1401 δὲ
2493 1329 2845 1420 κρεῖττονῆ

578 1444 887 1527 λαλῆσαι·
945 1442 1055 1508 καὶ
1105 1430 1236 1509 ὧδε
1280 1439 1449 1525 πρὸς
1495 1443 1631 1509 τῶν
1680 1439 2067 1509 διωκόντων
2114 1438 2611 1528 ἀποσφαγῆναι.
2695 1438 2843 1509 οὕτω

579 1547 653 1615 δὲ
723 1548 836 1615 καὶ
908 1547 1064 1628 τοὺς
1138 1553 1488 1645 πλείστους
1556 1551 1692 1615 τῶν
1758 1550 2039 1634 ἑταίρων
2106 1546 2315 1617 αὐτοῦ
2382 1553 2845 1637 διαφθαρῆναι,

578 1652 777 1735 ὄντας
822 1655 988 1741 πρὸς
1032 1654 1190 1735 τοὺς
1236 1655 1356 1744 μ’.]

751 1764 1258 1831 DOLXXXVII.
1342 1764 1665 1842 Πυθέας
1714 1760 2072 1848 Ἀθηναῖος
2127 1762 2380 1852 ῥήτωρ,
2450 1763 2599 1845 υίὸς
2655 1764 2723 1833 δὲ
2770 1757 2845 1849 ἦν

496 1873 948 1957 η’μυλωθροῦ
993 1871 1102 1938 καὶ
1150 1868 1412 1958 θρασὺς
1457 1868 1757 1955 σφόδρα,
1810 1869 2049 1955 φυγών
2096 1897 2164 1938 τε
2202 1868 2592 1958 ’Λθήνηθεν
2638 1874 2703 1939 ἐκ
2741 1874 2844 1939 τοῦ

578 1980 1039 2063 δεσμωτηρίου
1087 1975 1200 2044 διὰ
1249 1975 1520 2062 ὄφλημα
1568 1981 1660 2056 εἰς
1708 1980 2147 2046 Μακεδονίαν
2194 1971 2439 2065 ἦλθεν,
2488 1978 2627 2047 εἶτα
2674 1980 2843 2046 ἐπαν-

575 2087 694 2169 ῆκε
740 2082 960 2151 πάλιν.
1041 2088 1287 2172 ἔγραψε
1333 2083 1580 2175 λόγους
1627 2082 2121 2170 δημηγορικοὺς
2167 2086 2277 2152 καὶ
2326 2084 2707 2165 δικανικοὺς
2746 2084 2839 2151 καὶ

575 2188 742 2257 ἄλλα
811 2189 980 2259 τινά.
1073 2188 1221 2259 ἀλλ’
1287 2188 1410 2257 οὐκ
1469 2192 1785 2277 ἐνεκρίθη
1841 2189 2003 2277 μετὰ
2057 2195 2196 2260 τῶν
2250 2197 2508 2261 λοιπῶν
2564 2192 2841 2282 ρητόρων

582 2294 672 2377 ὡς
717 2296 978 2384 θρασὺς
1023 2300 1130 2366 καὶ
1185 2298 1683 2383 διεσπασμένος.

492 2460 546 2501 20
751 2407 1288 2474 DGLXXXVIII.
1374 2403 1723 2492 Πύρρων
1779 2404 2243 2493 Πλειστάρχου
2293 2402 2548 2487 Ἠλεῖος
2601 2406 2844 2494 φιλόσο-

574 2537 722 2597 φος,
762 2508 836 2591 ὃς
872 2506 958 2598 ἦν
998 2514 1103 2581 ἐπὶ
1148 2518 1486 2581 Φιλίππου
1524 2514 1645 2579 τοῦ
1683 2511 2086 2592 Μακεδόνος
2122 2510 2285 2580 κατὰ
2324 2511 2450 2600 τὴν
2491 2513 2627 2602 ρια’
2666 2512 2843 2600 ὀλυμ-

571 2617 778 2686 πιάδα
823 2618 933 2685 καὶ
981 2622 1304 2706 ἐπέκεινα,
1350 2619 1459 2687 καὶ
1506 2616 1835 2706 πρότερον
1883 2618 2005 2705 μὲν
2043 2610 2129 2706 ῆν
2170 2620 2539 2709 ζωγράφος,
2586 2618 2841 2708 ὕστερον

573 2725 648 2793 δὲ
713 2724 1022 2814 ὥρμησεν
1099 2727 1202 2795 ἐπὶ
1269 2730 1683 2814 φιλοσοφίαν
1758 2726 1868 2793 καὶ
1934 2725 2250 2813 διήκουσε
2310 2727 2673 2816 Βρύσωνος
2741 2728 2843 2795 τοῦ

574 2832 1042 2920 Κλεινομάχου
1117 2835 1457 2921 μαθητοῦ,
1540 2828 1677 2899 εἶτα
1738 2830 2143 2921 Ἀναξάρχου
2214 2838 2335 2902 τοῦ
2403 2834 2844 2923 Μητροδώρου

719 3010 746 3057 1
787 3004 1006 3073 πρῶτος
1044 3021 1157 3072 seq.
1191 3022 1337 3073 susp.
1368 3003 1595 3057 Daubio
1740 3008 1773 3056 9
1812 2998 1995 3074 χρόνῳ
2034 3007 2079 3054 V
2223 2999 2529 3075 γενόμενος
2567 3022 2701 3060 corr.
2737 3004 2842 3057 Ku-

577 3090 754 3140 sterus
791 3082 1102 3153 γενόμενον
1138 3086 1283 3154 vuly.

713 3164 1121 3219 DCLXXXVII
1156 3165 1308 3219 Eud.
1345 3182 1399 3232 p.
1433 3168 1538 3217 594
1686 3167 1752 3215 14
1790 3163 2019 3225 Πυθίας
2061 3164 2119 3217 et
2164 3163 2312 3218 infra
2348 3162 2674 3234 Μυλώθρου
2706 3164 2841 3219 Eud.

576 3250 641 3299 15
681 3247 960 3315 μυλίθρου
998 3250 1043 3297 Δ
1081 3242 1378 3314 μυλάθρου
1415 3243 1517 3297 τοῦ
1557 3243 1810 3312 μυλωνᾶ·
1878 3241 2107 3312 ἔχοντος
2142 3244 2241 3298 καὶ
2280 3242 2658 3315 ἐργαζομένου
2693 3251 2752 3313 V,
2792 3243 2839 3297 in

573 3342 683 3392 quo
721 3322 1054 3393 μυλωνάρου
1091 3326 1268 3379 latere
1306 3342 1471 3395 posse
1511 3324 1825 3394 suspicatus
1865 3326 1951 3377 est
1986 3323 2321 3395 Bernhardy
2482 3332 2545 3379 16
2586 3329 2842 3380 Λακεδαι-

573 3406 774 3472 μονίαν
797 3409 842 3456 V
951 3410 1014 3459 18
1047 3401 1318 3475 ἐνεκρίθη
1349 3423 1485 3461 corr.
1524 3406 1773 3473 Toupius
1804 3400 2007 3473 ἐκρίθη
2037 3409 2137 3456 AV
2177 3402 2393 3473 ἐκλήθη
2422 3410 2509 3458 Bc
2538 3408 2683 3474 vuly.
2710 3405 2840 3458 Eud.

574 3490 640 3538 19
679 3480 752 3545 ὡς
787 3479 1010 3553 θρασὺς
1049 3516 1112 3525 -·
1155 3486 1283 3540 exit.
1321 3503 1428 3542 om.
1458 3485 1612 3540 Eud.
1651 3480 1857 3554 τραχὺς
1894 3484 2141 3539 tentavit
2177 3484 2557 3565 Ruhnkeniu&
2610 3486 2842 3540 Ceterum

573 3566 829 3621 dubitavi
875 3568 1117 3622 inserere
1164 3566 1336 3621 vitam
1378 3566 1727 3635 Pythoclidis
1765 3565 1963 3619 musici
2008 3581 2046 3632 a
2092 3565 2263 3619 schol.
2302 3565 2523 3621 Plasson.
2563 3565 2642 3619 VI
2680 3584 2729 3634 p.
2757 3568 2840 3617 279

573 3649 916 3702 enarratam:
960 3647 1447 3713 Πυθοκλείδης
1485 3641 1751 3715 μουσικὸς
1786 3635 1885 3712 ἦν,
1924 3646 2023 3714 τῆς
2062 3646 2266 3715 σεμνῆς
2294 3647 2566 3715 μουσικῆς
2601 3644 2841 3701 διδάσκα-

573 3729 664 3787 λος
702 3723 1131 3795 Πυθαγόρειος,
1172 3716 1239 3778 οὗ
1278 3722 1541 3794 μαθητὴς
1575 3722 1939 3795 Ἀγαθοκλῆς,
1978 3716 2047 3779 οὗ
2086 3726 2484 3795 Λαμπροκλῆς,
2524 3718 2594 3779 οὗ
2635 3722 2842 3795 Δάμων,

573 3805 728 3859 cuius
763 3804 988 3859 initium
1027 3805 1261 3859 fortasse
1299 3822 1367 3859 ex
1401 3806 1671 3874 Hesychii
1708 3804 1986 3859 thesauris
2023 3804 2199 3859 fluxit.
2258 3804 2337 3860 Of.
2368 3805 2513 3859 Plus..
2543 3804 2667 3859 Per.
2698 3811 2731 3859 4

715 3883 1146 3939 DCLXXXVIII
1183 3885 1332 3939 Eud.
1364 3904 1416 3954 p.
1441 3892 1561 3941 617.
1602 3885 1681 3939 Cf.
1712 3886 1881 3955 Diog.
1907 3886 2002 3951 IX,
2034 3892 2096 3940 61
2122 3903 2236 3953 seq.
2349 3892 2419 3939 20
2449 3881 2843 3951 Πιστοκράτους

569 3982 674 4034 pro
714 3969 935 4019 Πλειστ.
971 3964 1219 4019 Pausan.
1241 3966 1334 4033 VI,
1357 3972 1442 4035 24,
1465 3975 1495 4021 5
1622 3973 1687 4020 21
1724 3961 2081 4035 Ἀλεξάνδρου
2121 3982 2222 4034 pro
2255 3968 2369 4020 Φιλ.
2408 3965 2635 4035 flagitat
2664 3964 2841 4026 Rome,

571 4044 712 4100 Mus.
737 4045 922 4099 Rhen.
953 4044 1187 4098 XXXIII
1224 4064 1276 4113 p.
1313 4052 1411 4100 192
1450 4049 1566 4102 nob.
1601 4053 1626 4099 1
1670 4044 1981 4114 φιλόσοφος
2018 4042 2446 4116 γεγονὼς-κατὰ
2486 4042 2591 4113 τὴν
2630 4040 2724 4113 ρα’
2764 4039 2843 4107 62„

569 4118 632 4187 ὃς
669 4118 738 4194 ἦν
779 4122 873 4181 ἐπὶ
914 4120 1159 4202 Φιλχτοῦ
1199 4130 1352 4181 Μακ.
1384 4126 1481 4180 καὶ
1512 4124 1778 4182 ἐπέκεινα
1812 4127 2061 4192 Glinton,
2098 4126 2227 4180 fasss.
2256 4126 2335 4179 ΙΙΙ
2361 4143 2415 4194 p.
2446 4132 2552 4180 476
2583 4123 2693 4195 ρια’
2728 4126 2840 4178 Par.

568 4205 733 4260 Kust.
765 4202 858 4273 ρα’
890 4203 1042 4259 Eud.
1073 4224 1200 4273 ρεαι
1227 4212 1289 4273 V,
1329 4222 1436 4274 quo
1465 4206 1679 4261 innisus
1708 4203 1788 4274 ρε’
1820 4224 1955 4261 corr.
1989 4206 2324 4274 Gutschmid‚
2360 4202 2478 4275 ρια’
2511 4223 2580 4259 ex
2607 4226 2703 4275 ραι
2731 4206 2784 4272 (i.
2809 4219 2842 4255 e.

570 4277 681 4349 ρε’)
719 4284 902 4336 ortum
939 4299 1061 4337 esse
1096 4286 1250 4339 ratus
1288 4281 1434 4339 κατὰ
1474 4282 1575 4353 τὴν
1608 4281 1916 4354 ἑκατοστὴν
1943 4281 2169 4354 πρώτην
2199 4284 2324 4339 edd.
2355 4286 2493 4340 vett.
2640 4292 2708 4339 23
2746 4279 2844 4350 διή-

569 4378 783 4415 κουσαν
818 4366 863 4413 V
909 4365 1040 4416 ante
1086 4364 1409 4433 Menagium
1457 4364 1609 4435 apud
1651 4365 1811 4435 Diog.
1860 4366 2153 4436 legebatur
2202 4363 2503 4436 Δρύσωνος
2657 4373 2727 4421 24
2772 4364 2842 4420 Sic
