3025 4892
1157 170 1585 227 Hsssrcflms
2387 176 2514 241 167

243 328 604 416 Ἀθηναῖος,
654 331 876 419 ῥήτωρ
924 334 1033 400 καὶ
1082 332 1498 420 δημαγωγός,
1548 328 1621 413 ὃς
1666 336 1924 420 πρῶτος
1968 334 2263 420 γραπτὸν
2308 335 2517 423 λόγον

244 440 310 505 ἐν
347 442 736 529 δικαστηρίῳ
775 437 941 526 εἶπε,
986 444 1122 507 τῶν
1168 437 1295 527 πρὸ
1338 436 1549 508 αὐτοῦ
1588 440 2088 527 σχεδιαζόντων.
2159 434 2246 529 ἦν
2285 442 2359 510 δὲ
2396 471 2515 530 μα-

240 544 438 632 θητὴς
459 543 906 634 Ἀναξαγόρου
933 549 1055 613 τοῦ
1077 552 1562 633 Κλαζομενίου,
1591 548 1700 614 καὶ
1730 545 1931 627 αὐτὸς
1960 548 2283 636 ἐρρύσατο
2308 546 2517 619 αὐτὸν

244 652 310 717 ἐκ
352 652 667 721 θανάτου.

399 760 779 827 DOXXXV.
876 769 1340 847 Περσαῖος
1403 759 1703 845 Κιτιεύς,
1769 764 2139 848 φιλόσοφος
2196 761 2515 849 Στωικός,
2542 787 2569 828 5

240 865 553 953 ἐπεκλήθη
615 866 690 934 δὲ
741 867 852 933 καὶ
902 865 1287 955 Δωρόθεος.
1377 859 1462 953 ἦν
1520 866 1594 934 δὲ
1650 868 1755 935 ἐπὶ
1808 871 1944 937 τῶν
1999 866 2265 955 χρόνων
2308 866 2515 937 Ἀντι-

237 969 434 1054 γόνου
492 977 616 1039 τοῦ
673 975 938 1041 Γονατᾶ
1000 975 1155 1041 υἱοῦ
1215 978 1641 1060 Δημητρίου,
1706 972 2009 1061 μαθητὴς
2061 976 2172 1042 καὶ
2227 975 2516 1062 θρεπτός

239 1078 542 1164 Ζήνωνος
589 1085 710 1148 τοῦ
757 1077 1160 1167 φιλοσόφου.
1250 1082 1576 1165 ἱστορίαν.

399 1187 813 1255 DOXXXVI.
873 1186 1211 1273 [Πέρσης
1235 1183 1578 1273 Ἀσκραῖος
1611 1186 1942 1274 ἐποποιός,
1984 1186 2515 1275 άδελφὸς“Ησιό-

237 1295 358 1359 δου
399 1297 520 1359 τοῦ
565 1297 892 1379 ποιητοῦ.]
2546 1322 2596 1360 ιο

396 1401 842 1468 DGXXXVII.
929 1398 1357 1484 Πετόσιρις
1414 1398 1781 1485 Αἰγύπτιος
1846 1402 2236 1490 φιλόσοφος.
2334 1402 2517 1473 καθὰ

211 1504 522 1592 ’Έλληνες
575 1508 682 1576 καὶ
739 1506 1095 1593 Αἰγύπτιοι
1153 1504 1233 1573 τὰ
1283 1507 1433 1593 περὶ
1492 1511 1678 1575 θεῶν
1740 1508 2152 1596 διετάξαντο,
2210 1511 2519 1598 ἐπιλογὰς

227 1615 295 1679 ἐκ
343 1618 478 1682 τῶν
535 1616 737 1701 ἱερῶν
797 1618 1111 1700 βιβλίων,
1167 1609 1752 1700 ἀστρολογούμενα
1806 1615 1917 1681 καὶ
1971 1617 2122 1703 περὶ
2167 1622 2304 1685 τῶν
2349 1616 2511 1706 παρ’

224 1725 615 1805 Αἰγυπτίοις
662 1725 1067 1808 μυστηρίων.

395 1828 881 1895 DOXXXVIII.
987 1826 1293 1912 Πέτρος
1366 1824 1402 1893 ὁ
1477 1826 1732 1914 ῥήτωρ,
1810 1825 1844 1895 ὁ
1919 1830 2031 1897 καὶ
2104 1830 2514 1918 Μάγιστρος,
2546 1856 2595 1895 15

225 1934 568 2019 ἱστορικός.
661 1930 1092 2019 [πρεσβευτὴς
1149 1929 1238 2011 ὡς
1285 1933 1603 2021 Χοσρόην
1667 1934 1927 2014 σταλεὶς
1971 1936 2147 2022 μάλα
2193 1938 2519 2025 ἐμβριθής

221 2066 284 2106 τε
337 2032 428 2126 ἦν
473 2042 583 2107 καὶ
631 2039 977 2119 ἀνάλωτος
1020 2042 1096 2106 ἐν
1141 2042 1232 2129 τῷ
1284 2038 1673 2125 ῥητορεύειν
1718 2044 1808 2131 τῷ
1855 2046 2305 2129 καταμαλάξαι
2351 2071 2515 2131 φρο-

223 2150 476 2233 νήματα
521 2145 894 2236 βαρβαρικὰ
942 2145 1196 2233 σκληρά
1236 2172 1304 2212 τε
1342 2145 1453 2212 καὶ
1493 2143 1809 2232 ὀγκώδη]
1888 2153 2179 2236 ἔγραψεν
2215 2153 2516 2237 ἱστορίαν

223 2254 329 2319 καὶ
377 2254 528 2339 περὶ
574 2258 916 2340 πολιτικῆς
961 2251 1438 2331 καταστάσεως.

217 2408 427 2475 guntur
459 2410 594 2475 Περ.
638 2439 704 2447 -—
745 2400 1093 2475 δημαγωγός.
1133 2404 1282 2457 Eud.
1326 2421 1378 2471 p.
1420 2408 1540 2459 589.
1617 2404 1697 2459 Cf.
1738 2403 1919 2473 BlasS‚
1968 2406 2085 2459 Att.
2127 2406 2247 2460 Ber.
2288 2406 2313 2458 I
2349 2427 2402 2477 p.
2444 2415 2511 2462 33

222 2493 249 2539 1
288 2481 350 2549 ὃς
387 2492 432 2539 V
475 2482 624 2549 ὅστις
659 2486 758 2542 rel.
826 2484 1136 2555 Singularis
1175 2484 1242 2537 de
1280 2482 1496 2537 Pericle
1536 2482 1814 2549 narrati0‚
1860 2502 2029 2552 quam
2065 2484 2292 2553 ignorat
2326 2486 2512 2542 Philo—

219 2567 374 2621 strat.
406 2566 520 2622 Vit.
551 2568 576 2620 I
612 2581 856 2636 prooem.

361 2645 661 2701 DCXXXV
699 2646 850 2699 Eud.
889 2664 943 2713 p.
975 2649 1094 2699 605.
1163 2642 1242 2697 Cf.
1281 2642 1485 2695 Mfiller
1522 2643 1575 2698 ΙΙ
1611 2662 1664 2712 p.
1697 2650 1818 2711 623,
1856 2644 2037 2713 Diels,
2074 2644 2318 2713 Doxogr.
2357 2664 2408 2715 p.
2442 2653 2509 2701 82

215 2730 331 2781 not.
362 2734 394 2780 2
543 2735 571 2782 7
610 2724 731 2789 υἱὸς
770 2731 914 2795 Δημ.
956 2741 1094 2779 corr.
1131 2723 1407 2776 Kasterus
1443 2720 1573 2776 υἱοῦ
1616 2726 1755 2793 moly.
1800 2724 2051 2780 defendit
2088 2728 2457 2782 Henwterhm.

217 2807 286 2860 de
324 2803 574 2874 θρεπτὸς
612 2808 678 2861 cf.
711 2805 1106 2869 Wachsmuth,
1147 2802 1332 2871 Symb.
1371 2820 1424 2871 p.
1463 2808 1558 2856 141
1681 2809 1712 2857 8
1754 2802 2004 2874 ἔγραψεν
2044 2802 2144 2859 ἱστ.
2176 2806 2327 2864 Eud.
2368 2805 2513 2862 ἱστο-

217 2888 346 2953 ρίαν
377 2889 424 2938 Δ
463 2883 676 2954 ἱστορία
713 2886 885 2954 valy.;
924 2884 1050 2937 fort.
1091 2901 1158 2937 ex
1186 2880 1340 2937 Petri
1367 2880 1625 2951 Magistri
1662 2884 1782 2937 vita
1818 2884 2059 2939 illatum.
2123 2884 2321 2940 Nescit
2347 2888 2511 2957 Diog.

219 2968 346 3031 Vll,
387 2972 479 3033 36,
528 2966 635 3019 nisi
671 2966 909 3021 fortasse
947 2964 1016 3018 de
1055 2964 1200 3017 libro
1248 2967 1502 3017 πολιτεία
1539 2961 1842 3031 Λακωνική
1884 2964 2249 3034 cogitandum
2288 2972 2399 3035 est,
2450 2966 2512 3022 ἐκ

218 3041 534 3115 φιλοσόφου
565 3044 808 3115 ἱστορίας
831 3043 1125 3115 proposuit
1144 3042 1441 3112 Menayius
1461 3045 1533 3099 ad
1553 3044 1739 3099 locum
1758 3045 1941 3114 Diog.‚
1964 3047 2229 3102 laudante
2241 3049 2507 3105 Hemster-

216 3122 400 3192 hasio,
439 3126 510 3179 ad
548 3127 930 3196 insequentem
965 3124 1168 3179 Suidae
1207 3123 1454 3193 glossam
1491 3122 1748 3193 Περσεύς
1785 3124 1869 3179 ita
1904 3126 2127 3181 rettulit
2160 3128 2512 3200 Bernhardy,

218 3211 281 3262 ut
319 3207 377 3261 in
417 3206 668 3277 margine
706 3208 1045 3263 collocatum
1082 3206 1310 3273 putaret

361 3285 689 3339 DCXXXVI
727 3286 858 3341 Vita
897 3285 1161 3339 nimirum
1199 3286 1606 3340 commenticia.
1666 3286 1871 3341 Suidae
1906 3285 2106 3340 tribuit
2141 3287 2313 3343 etiam
2342 3290 2513 3344 Daub

222 3376 252 3421 9
296 3363 582 3436 γεωπόνος
626 3366 862 3421 ridicule
910 3365 1053 3421 coni.
1093 3365 1380 3419 Ruhnken.
1417 3365 1520 3434 Ep.
1562 3364 1693 3419 Crit.
1734 3368 1756 3419 I
1794 3384 1847 3434 p.
1880 3356 1964 3433 80,
2012 3384 2178 3435 quem
2216 3383 2319 3422 nec
2356 3370 2515 3437 sequi

218 3466 324 3502 nec
358 3447 601 3501 refutare
639 3447 869 3502 volebat
899 3447 1236 3516 Bernhardy

359 3525 716 3581 DCXXXVII
769 3526 850 3581 Cf.
896 3527 1143 3582 Iuvenal.
1192 3526 1297 3595 VI,
1337 3532 1435 3580 581
1497 3525 1616 3594 (ubi
1671 3526 1871 3580 schola
1927 3527 2071 3581 alter
2126 3530 2320 3582 auctor
2374 3528 2513 3583 artis

220 3608 700 3677 mathematicae),
739 3609 797 3661 et
831 3607 949 3659 Ioh.
981 3606 1120 3676 Lyd.
1159 3606 1230 3661 de
1259 3605 1474 3661 Ostent.
1513 3626 1567 3676 p.
1596 3612 1703 3661 274
1738 3607 1934 3674 Bonn„
1971 3607 2069 3676 qui
2106 3609 2236 3662 ante
2273 3608 2513 3679 Antigo-

217 3706 377 3755 num,
417 3686 576 3743 Arati
611 3687 1001 3757 interpretem,
1041 3705 1166 3742 eum
1205 3686 1410 3741 vixisse
1448 3674 1640 3742 tradit.
1716 3684 1795 3740 cf.
1836 3684 2007 3740 etiam
2043 3685 2225 3753 Diels,
2268 3686 2512 3758 Doxogr.

219 3788 272 3839 p.
307 3774 403 3822 196
441 3772 555 3822 not.
586 3774 618 3822 3
767 3772 832 3821 12
870 3764 940 3821 τὰ
979 3784 1116 3821 corr.
1157 3767 1476 3821 Gutschmid
1511 3761 1613 3827 τὰς
1648 3768 1792 3836 vuly.
1833 3764 2129 3833 διετάξατο
2165 3772 2314 3820 BVE

221 3849 352 3918 post
385 3843 716 3913 διετάξαντο
759 3849 910 3901 recte
947 3846 1296 3916 interpunxit
1331 3848 1702 3913 Hemsterh-us.
1741 3864 1947 3902 nomen
1986 3847 2151 3916 quale
2192 3844 2386 3917 φήμας
2423 3865 2511 3902 ex-

223 3926 417 3981 cidisse
454 3927 681 3996 putavit
708 3927 1040 3996 Bernhardy

361 4005 741 4061 DCXXXVIII
787 4006 937 4060 Eud.
977 4025 1030 4075 p.
1070 4012 1192 4059 590.
1268 4005 1347 4059 Cf.
1397 4006 1587 4075 steph.
1626 4006 1755 4075 Byz.
1798 4024 1847 4061 v.
1890 4000 2137 4071 Ἄκόναι,
2184 4006 2387 4058 ΜίἱΠθι·
2434 4007 2512 4059 IV

225 4106 277 4156 p.
311 4092 432 4153 183,
471 4090 530 4140 et
565 4103 708 4155 quae
748 4085 864 4139 dixi
891 4085 1032 4141 Mus,
1064 4086 1239 4141 Rhen.
1270 4084 1307 4138 l.
1338 4103 1384 4140 c.
1519 4090 1583 4139 15
1620 4085 1719 4139 καὶ
1758 4082 1858 4140 ἱστ.
1899 4086 2042 4154 valy.
2072 4084 2224 4139 Eud.
2264 4083 2362 4137 καὶ
2400 4100 2511 4139 om.

224 4173 269 4220 V
305 4167 406 4221 del.
444 4168 778 4236 Bernhardy
961 4171 1025 4219 16
1073 4181 1219 4233 quae
1265 4166 1505 4234 expunxi
1551 4163 1850 4232 descripsit
1896 4164 2093 4241 Suidas
2139 4180 2207 4217 ex
2248 4161 2508 4216 Menand.

226 4246 345 4302 Eine.
387 4248 456 4300 de
495 4250 632 4301 sent.
664 4266 715 4314 p.
749 4252 850 4301 429
880 4246 1063 4313 Nieb.,
1100 4246 1330 4300 iteravit
1363 4266 1416 4301 v.
1456 4241 1753 4314 ἐμβριθές,
1791 4245 1939 4299 unde
1975 4242 2036 4297 in
2061 4242 2374 4297 Violarium
2410 4244 2511 4297 mi-

233 4326 409 4395 gravit
556 4331 621 4381 18
661 4323 908 4395 ἱστορίαν
946 4330 993 4379 Δ
1030 4323 1274 4395 ἱστορίας
1309 4327 1453 4396 valy.
1493 4325 1645 4380 Eud.
