3025 4892
553 169 700 224 XLII
1411 167 1980 256 PROLEGOMENA.

552 355 698 400 cum
752 333 1181 428 deterioribus
1230 331 1463 398 Suidae
1519 332 1736 418 libris,
1796 319 2004 399 rarius
2068 355 2215 399 cum
2271 332 2331 398 A
2381 335 2484 399 vel
2534 331 2676 418 AV,
2736 355 2866 398 nec

552 440 1094 526 praestantiorem
1137 439 1430 505 codicum
1469 439 1791 505 familiam
1836 462 1955 514 nec
1992 433 2290 508 viliorem
2328 441 2700 506 communia
2741 440 2868 504 illa

550 571 833 634 unquam
876 548 1252 632 praebuisse
1293 535 1632 632 probabile
1683 548 1797 633 sit,
1847 548 2111 614 tertiam
2148 549 2337 614 nobis
2364 547 2863 634 praestantissi-

547 678 750 741 mam,
799 677 963 740 quae
1017 677 1172 720 casu
1219 676 1488 739 prorsus
1536 653 1860 720 interierit
1912 655 2364 739 Eudociaeque
2410 655 2535 719 soli
2586 659 2863 739 praesto

548 763 770 847 fuerit,
809 762 1298 848 supponendam
1331 783 1475 827 esse
1513 761 1824 846 sequitur.
1872 759 2106 827 Suidae
2146 765 2365 827 autem
2404 762 2867 848 archetypum,

549 894 590 936 a
655 892 782 956 quo
847 870 1055 936 nostri
1119 867 1517 935 descendunt
1581 867 1733 953 AV,
1806 890 1952 934 cum
2017 870 2273 934 saeculo
2338 869 2671 935 undecimo
2746 871 2862 935 vel

554 975 930 1043 duodecimo
969 976 1314 1042 oriundum
1338 963 1494 1042 'esse
1532 998 1795 1041 necesse
1834 975 1945 1061 sit,
1988 975 2386 1061 Eudociane,
2443 998 2605 1061 quae
2650 977 2864 1042 unde-

549 1085 716 1149 cimo
767 1083 1058 1168 scripsit,
1113 1083 1397 1150 eiusdem
1451 1084 1739 1150 familiae
1795 1083 2081 1149 codicem
2126 1105 2262 1148 non
2316 1083 2686 1150 adhibuisse
2736 1107 2863 1169 pu-

547 1190 748 1255 tanda
793 1192 922 1274 est,
978 1190 1086 1255 sed
1144 1191 1342 1255 etiam
1390 1190 1751 1274 meliorem,
1798 1191 2075 1256 fortasse
2124 1192 2364 1257 saeculi
2410 1191 2666 1276 decimi,
2722 1214 2861 1276 quo

548 1299 820 1362 exeunte
862 1295 1094 1362 Suidas
1142 1298 1403 1383 vixerit,
1449 1297 1621 1364 idem
1661 1298 1964 1363 videlicet
2002 1299 2358 1383 exemplar,
2404 1298 2577 1384 quod
2614 1296 2859 1364 Suidas

546 1405 685 1489 ipse
733 1403 1167 1489 conscripsit?
1247 1404 1393 1472 Hoc
1438 1405 1780 1491 probabile
1826 1427 1995 1490 esse,
2044 1405 2189 1491 quis
2237 1409 2362 1491 est,
2421 1406 2531 1490 qui
2580 1405 2859 1471 credat?

550 1513 642 1578 At
688 1511 743 1576 si
790 1511 1092 1578 falsarius
1139 1509 1394 1577 Pulchii
1439 1512 1792 1577 Rhenanus
1840 1512 2081 1578 saeculi
2129 1512 2296 1578 sexti
2343 1512 2577 1578 decimi
2622 1511 2855 1578 Viola-

547 1619 716 1684 rium
775 1619 1170 1704 composuit,
1226 1619 1527 1704 eundem,
1583 1641 1772 1704 quem
1830 1619 2210 1703 plerumque
2264 1619 2600 1685 vilissimis
2659 1619 2858 1685 libris

545 1748 735 1791 usum
791 1748 932 1792 esse
997 1725 1298 1790 omnibus
1357 1726 1764 1810 exploratum
1820 1728 1947 1810 est,
2002 1726 2072 1790 in
2104 1726 2562 1792 describendis
2610 1725 2857 1793 Suidae

546 1833 841 1898 articulis
880 1832 1517 1919 praestantissimum
1556 1835 1621 1896 et
1657 1832 2150 1918 integerrimum
2189 1832 2521 1917 exemplar
2559 1833 2855 1917 optimae

545 1939 834 2004 familiae
896 1940 964 2005 in
1025 1939 1324 2004 manibus
1383 1939 1691 2005 habuisse
1754 1939 2173 2025 putabimus?
2267 1938 2429 2005 Post
2490 1961 2719 2005 eumne
2789 1945 2854 2005 et

545 2046 867 2112 familiam
923 2049 989 2111 et
1049 2047 1379 2132 exemplar
1433 2047 1570 2111 eius
1617 2069 1885 2133 prorsus
1934 2045 2314 2112 evanuisse?
2395 2045 2539 2112 Hoc
2591 2068 2853 2132 quoque

545 2152 893 2219 ridiculum
942 2175 1080 2219 esse
1129 2153 1400 2239 quisque
1448 2154 1708 2239 sapiens
1756 2176 2009 2219 mecum
2058 2154 2309 2219 sentiet.
2324 2151 2375 2240 1)

726 2259 806 2326 V.
883 2260 1097 2347 Atque
1136 2284 1281 2327 cum
1328 2283 1436 2327 eas
1475 2260 1800 2327 Eudociae
1846 2260 2015 2328 vitas
2055 2260 2662 2345 examinaverimuS,
2706 2262 2848 2345 qui-

543 2369 664 2433 bus
696 2367 932 2434 Suidae
971 2368 1263 2434 articulis
1293 2368 1593 2434 uberiora
1620 2368 1915 2452 praebet,
1952 2389 2070 2434 nec
2107 2368 2265 2434 talia
2295 2366 2655 2453 adscripsit,
2695 2390 2851 2452 qua·

547 2477 639 2541 lia
684 2477 787 2542 vel
837 2477 981 2561 ipsa
1017 2476 1264 2561 fingere
1311 2475 1414 2541 vel
1463 2474 1766 2560 quopiam
1813 2496 1892 2539 ex
1937 2474 2116 2541 fonte
2152 2475 2331 2540 nullo
2380 2497 2573 2560 opere
2620 2474 2850 2559 depro-

503 2605 718 2648 .mere
786 2582 1100 2668 potuerit,
1164 2603 1336 2646 nunc
1397 2603 1504 2646 eas
1568 2581 1757 2646 nobis
1819 2583 2258 2668 perstringere
2323 2582 2543 2665 liceat,
2609 2582 2848 2666 quibus

545 2689 790 2775 aliquid
839 2690 1084 2773 omisit,
1131 2688 1302 2773 quod
1348 2689 1415 2752 in
1455 2687 1685 2754 Suidae
1732 2689 1916 2753 libris
1957 2693 2329 2773 suspectum
2375 2689 2456 2753 ab
2505 2687 2845 2774 Hesychii—

547 2819 668 2881 que
716 2796 978 2881 ingenio
1029 2795 1308 2862 alienum
1355 2795 1513 2860 viris
1562 2795 1767 2861 doctis
1806 2795 2015 2861 visum
2053 2799 2169 2861 est.
2217 2818 2271 2862 v.
2306 2791 2681 2886 ’Λγαθίας
2719 2819 2845 2860 om.

544 2903 745 2969 verba
808 2902 1031 2987 inepta
1092 2897 1212 2967 τὸν
1272 2901 1619 2984 Καισαρέα
1682 2939 1764 2950 --
1828 2905 2171 2991 Βυζαντίῳ
2237 2904 2479 2988 partim
2546 2903 2629 2967 ab
2696 2903 2844 2967 aliis
2958 2977 2960 2980 Α

549 3009 820 3093 aliisque
869 3009 945 3074 de
991 3011 1204 3075 causis
1261 3011 1328 3074 in
1376 3010 1809 3094 suspicionem
1855 3016 2115 3095 vocata3
2171 3033 2229 3076 v,
2267 3005 2661 3093 ’Ἁψυρτσς
2716 3032 2845 3075 om.

544 3113 655 3180 καὶ
703 3117 950 3200 ἔγραψε
999 3138 1147 3201 seq.,
1191 3111 1358 3202 *quae
1405 3117 1605 3182 verba
1649 3117 1958 3182 lectorem
2004 3139 2081 3182 ex
2127 3118 2346 3202 glossa
2388 3119 2620 3199 τρίλλα
2668 3116 2843 3182 addi·

549 3223 718 3287 disse
765 3227 1049 3309 constat3
1107 3245 1165 3288 v.
1213 3219 1593 3309 Δημάδης
1638 3244 1762 3289 om.
1819 3212 2019 3300 οὗτος
2068 3261 2149 3272 —-
2198 3224 2371 3304 exit„
2432 3246 2708 3309 quorum
2764 3225 2841 3289 de
2952 3275 2954 3278 Α

543 3330 944 3395 absurditate
993 3330 1290 3396 consulas
1336 3330 1547 3396 Daub.
1595 3331 1672 3396 de
1720 3327 1895 3395 Suid.
1941 3355 2002 3416 p.
2040 3331 2199 3415 4763
2246 3353 2305 3398 v.
2353 3333 2840 3416 Δικαίαρχος
2950 3383 2952 3388 .

542 3459 668 3502 om.
729 3437 925 3502 verba
982 3435 1094 3502 καὶ
1156 3433 1367 3522 νόμος
1411 3473 1495 3485 —
1548 3438 1698 3503 exit.
1758 3460 1837 3502 ex
1897 3437 2103 3503 altero
2165 3438 2383 3524 aliquo
2444 3439 2838 3524 glossemate
2948 3483 2950 3486 <

541 3547 711 3628 orta3
759 3566 816 3608 v.
855 3543 1394 3628 Δικαιογένης
1430 3566 1557 3610 om.
1596 3545 1879 3630 glossam
1927 3545 2421 3629 grammaticam
2466 3542 2684 3630 ὄνομα
2731 3542 2839 3612 κύ-

540 3676 694 3737 ριον
731 3657 798 3718 et
835 3673 1107 3736 sequens
1140 3647 1244 3730 393
1291 3676 1348 3718 v.
1383 3646 1745 3737 Ἑρμείας
1784 3673 1910 3718 om.
1954 3652 2154 3717 verba
2192 3647 2230 3718 ὁ
2274 3647 2629 3738 εὐνοῦχος,
2674 3674 2836 3738 quae

539 3782 686 3827 cum
731 3759 904 3824 infra
940 3760 1236 3844 redeant,
1284 3781 1763 3845 supervacanea
1799 3779 1943 3824 esse
1980 3762 2188 3845 patet3
2236 3783 2294 3825 v.
2326 3759 2679 3843 Διοκλῆς
2718 3781 2837 3826 om.

683 3920 736 3984 1)
789 3916 936 3971 Nam
983 3916 1133 3986 quod
1170 3915 1548 3970 Wilamowitz
1595 3915 1758 3970 affert
1808 3916 2126 3986 exemplum
2172 3916 2419 3986 Arsenii,
2466 3917 2565 3986 qui
2616 3918 2835 3972 saeculo

539 3999 693 4052 sexto
731 3996 952 4051 decimo
988 3995 1189 4052 melius
1227 3995 1414 4060 Photii
1461 3996 1746 4066 exemplar
1782 3994 2065 4063 adhibuit,
2114 4012 2281 4066 quam
2325 3997 2517 4052 noster
2558 3994 2834 4054 Galeanus

539 4077 649 4144 est,
687 4076 794 4131 hoc
831 4076 905 4131 ad
943 4077 1194 4133 nostram
1233 4077 1617 4147 quaestionem
1655 4075 1738 4130 nil
1772 4075 1958 4131 facere
1996 4076 2109 4132 alio
2147 4076 2273 4132 loco
2302 4076 2435 4132 dixi.
2495 4077 2651 4132 Unus
2688 4078 2835 4133 enim

539 4175 666 4212 cum
699 4157 863 4212 nobis
911 4158 1164 4213 servatus
1212 4157 1288 4211 sit
1324 4156 1627 4226 Galeanus,
1674 4174 1815 4212 saec.
1856 4156 1988 4210 XIII
2024 4157 2115 4211 vel
2153 4157 2257 4211 XII
2296 4157 2549 4212 exeuntis
2598 4175 2665 4213 ex
2704 4159 2834 4215 Por-

539 4237 661 4292 soni
706 4237 984 4292 sententia
1025 4238 1118 4307 (cf.
1156 4237 1345 4292 Naber
1383 4237 1410 4290 I
1455 4256 1508 4307 p.
1549 4241 1630 4306 4),
1678 4237 1904 4293 saeculo
1952 4238 2110 4292 sexto
2166 4236 2385 4293 decimo
2432 4238 2619 4307 plures
2666 4238 2831 4294 fuisse

540 4332 748 4385 eosque
785 4316 1069 4386 meliores,
1107 4335 1142 4372 a
1177 4317 1579 4386 probabilitate
1616 4335 1729 4374 non
1766 4316 2102 4373 abhorrebit.
