3025 4892
532 170 642 231 ⁰21
653 170 693 231 2
1486 170 1915 227 HESYCHIUS.

562 336 918 415 φίστευσεν
966 333 1039 399 ἐν
1074 328 1291 420 Ῥώμῃ
1341 332 1452 399 ἐπί
1490 358 1561 400 τε
1589 320 1819 400 αὐτοῦ
1862 337 2228 418 Πομπηίου
2270 333 2381 399 καὶ
2427 330 2562 419 μετ’
2614 330 2829 418 αὐτόν,

561 438 674 503 ἐπί
713 462 781 505 τε
820 443 1162 527 Καίσαρος
1211 443 1332 507 τοῦ
1371 436 1773 525 Αὐγούστου
1808 440 1917 505 καὶ
1955 440 2293 526 μετέπειτα
2332 436 2469 524 ἅμα
2505 445 2832 531 Καικιλίῳ.

559 544 853 613 ἐκπεσὼν
910 544 984 613 δὲ
1039 548 1154 632 τῆς
1213 549 1456 631 σχολῆς
1503 543 1617 613 διὰ
1661 542 1736 613 τὸ
1785 543 2280 634 παρρησιαστὴς
2325 543 2499 613 εἶναι
2546 548 2619 613 ἐν
2660 544 2830 637 ἀγρῷ

560 654 779 737 διῆγε,
859 651 1263 741 Τουσκλάνῳ
1338 654 1691 743 λεγομένῳ.
1803 652 2179 740 ἐτελεύτησε
2255 653 2329 720 δὲ
2399 654 2473 720 ἐν
2529 650 2831 742 Ἀλβάνῳ,

504 780 529 820 5
560 757 786 844 ἐμέσαι
833 758 1195 844 βουληθεὶς
1239 760 1348 825 καὶ
1397 764 1806 844 σφηνωθείς.
1895 765 2123 845 βιβλία
2171 759 2245 825 δὲ
2292 764 2537 848 ἔγραψε
2582 758 2792 827 πολλά.

734 864 1257 933 DCOLXXXVI.
1319 866 1759 952 Τιμαγένης
1805 864 2156 953 ἱστορικός.
2224 871 2593 954 περίπλουν
2634 865 2833 951 πάσης

560 969 912 1056 θαλάσσης
957 973 1030 1039 ἐν
1069 976 1355 1057 βιβλίοις
1400 970 1480 1039 ε’.

731 1079 1290 1146 DCCLXXXVII.
1390 1078 1729 1164 Τιμαγέ
1743 1105 1849 1165 νη
1874 1106 1906 1159 ς
1968 1074 2011 1164 ἢ
2086 1079 2451 1165 Τιμογένης
2520 1078 2835 1166 Μιλήσιος

556 1183 888 1273 ἱστορικὸς
933 1185 1087 1276 Ικαὶ
1144 1185 1362 1273 ῥήτωρ
1394 1183 1434 1274 Ι·
1498 1186 1648 1273 περὶ
1694 1182 2083 1273 Ἡρακλείας
2147 1190 2268 1272 τῆς
2327 1188 2401 1254 ἐν
2454 1190 2544 1273 τῷ
2601 1185 2831 1274 Πόντῳ

478 1312 528 1351 10
555 1291 667 1359 καὶ
712 1296 848 1360 τῶν
895 1295 963 1373 ἐξ
1009 1290 1212 1379 αὐτῆς
1257 1296 1506 1377 λογίων
1554 1288 1829 1381 ἀνδρῶν
1864 1298 2092 1379 βιβλία
2129 1290 2196 1378 γ’
2236 1292 2249 1383 Ι
2286 1293 2398 1359 καὶ
2437 1290 2830 1381 ἐπιστολάς.Ι

731 1399 1322 1467 DOCLXXXVIII.
1389 1404 1631 1486 <Τιμο
1644 1401 1837 1486 χάρη
1852 1402 1926 1485 ς>
1963 1452 1979 1467 .
2008 1452 2022 1467 .
2051 1452 2066 1468 .
2106 1405 2353 1486 ἔγραψε
2398 1400 2550 1485 περὶ
2588 1404 2832 1484 Συρίας

554 1506 664 1574 καὶ
709 1510 846 1575 τῶν
896 1507 968 1574 ἑν
1007 1502 1174 1594 αὐτῇ
1221 1504 1484 1573 πόλεων
1520 1506 1631 1573 καὶ
1677 1508 2010 1591 βασιλέων
2054 1512 2283 1592 βιβλία
2328 1506 2421 1593 γ’.

730 1613 1258 1682 DCOLXXXIX.
1350 1617 1452 1679 Τί
1466 1639 1512 1700 μ
1537 1639 1739 1691 αιος
1783 1608 2241 1701 Ἀνδρομάχου
2296 1618 2829 1701 Ταυρομενείτης,

560 1726 887 1788 Φιλίσκου
940 1717 1243 1806 μαθητὴς
1298 1722 1419 1787 τοῦ
1478 1724 1851 1804 Μιλησίου,
1908 1714 1989 1787 ὃν
2041 1716 2391 1807 Ἀθηναῖοι
2434 1718 2831 1807 Ἐπιτίμαιον

477 1852 526 1891 15
556 1824 918 1915 ὠνόμασαν
985 1825 1501 1916 (παρωνόμαστο
1565 1825 1639 1892 δὲ
1692 1830 1891 1893 τοῦτο
1950 1824 2065 1893 διὰ
2120 1827 2193 1895 τὸ
2248 1825 2462 1896 πολλὰ
2521 1828 2833 1913 ἐπιτιμᾶν,

552 1935 662 2001 καὶ
700 1935 1276 2020 Γραοσυλλέκτρια
1323 1932 1397 2001 δὲ
1437 1930 1549 1999 διὰ
1584 1930 1659 1999 τὸ
1699 1929 1779 1999 τὰ
1814 1931 2102 2018 τυχόντα
2139 1933 2607 2022 ἀναγράφειν).
2653 1938 2833 2020 ἔγρα-

551 2053 678 2120 ψεν
729 2037 1010 2107 Ἰταλικὰ
1072 2040 1181 2107 καὶ
1231 2036 1547 2106 Σικελικὰ
1613 2038 1686 2105 ἐν
1748 2044 2036 2124 βιβλίοις
2094 2039 2227 2126 λη’,
2296 2038 2673 2126 [Ἑλληνικὰ
2724 2041 2835 2107 καὶ

576 2170 579 2175 ’
693 2179 724 2227 2
755 2175 1038 2242 Καίσαρος
1061 2171 1239 2226 Γαΐου
1262 2165 1496 2225 Ἰουλίου
1527 2170 1625 2223 καὶ
1652 2168 1953 2239 μετέπειτα
1976 2165 2298 2239 Αυγούστου
2320 2172 2628 2243 Reinesius,
2656 2176 2717 2227 K.
2742 2172 2837 2225 καὶ

551 2272 668 2323 μετ.
701 2274 750 2307 κ.
778 2254 878 2308 τοῦ
909 2248 1234 2322 Αὐγούστου
1265 2251 1586 2305 Gutschmid
1613 2250 1709 2303 καὶ
1740 2249 2011 2320 expunxit
2035 2250 2383 2321 Bernhardy,
2413 2253 2514 2307 καὶ
2544 2252 2837 2322 μετέπειτα

549 2336 682 2402 post
710 2335 982 2407 Καικιλίῳ
1010 2332 1357 2401 transposuit
1373 2330 1545 2384 Daub
1657 2348 1882 2399 συναμα
1919 2324 2217 2401 υα19.ἆ’μα
2240 2336 2393 2385 ABV
2421 2336 2596 2404 Κιλίῳ
2615 2340 2673 2388 A.
2705 2334 2837 2387 Suc-

552 2430 824 2468 cessorem
864 2413 1004 2467 Tim.
1045 2412 1219 2467 fuisse
1246 2409 1538 2465 Polionem
1577 2409 1742 2464 docet
1769 2410 1979 2465 Suidas
2008 2429 2058 2466 v.
2089 2414 2324 2465 Πωλίων
2460 2419 2496 2465 4
2528 2415 2627 2468 τοῦ
2658 2412 2838 2469 Σκλά-

549 2514 628 2547 νω
658 2498 704 2547 A
811 2494 910 2548 καὶ
950 2491 1086 2548 ἑτελ.
1129 2490 1192 2546 δε
1225 2492 1498 2545 Westerm.
1535 2485 1771 2564 Ἀλβάνῳ
1802 2508 1940 2546 corr.
1970 2490 2412 2546 Hemsterhusius
2450 2495 2576 2548 coll.
2617 2494 2836 2550 Sueten.

548 2573 755 2628 Domit.
787 2580 821 2627 4
861 2576 942 2643 (et
978 2572 1338 2627 casaubonus
1377 2570 1450 2625 ad
1489 2572 1618 2641 loc.)
1656 2572 1726 2627 al.
1770 2567 2019 2643 Λαβάνῳ
2055 2571 2183 2625 libri

690 2652 1115 2707 DCCLXXXVI
1150 2652 1313 2707 Hunc
1343 2653 1415 2706 ab
1441 2652 1499 2705 in
1530 2652 1783 2720 sequenti
1821 2651 2087 2705 historico
2116 2668 2229 2705 non
2258 2651 2543 2707 diversum
2574 2669 2693 2707 esse
2722 2656 2833 2707 sta-

546 2732 658 2786 tuit
695 2734 900 2789 Μιϊῖῑεν
935 2733 1013 2787 III
1052 2752 1106 2803 p.
1136 2739 1258 2801 317,
1297 2732 1367 2785 ab
1407 2731 1783 2786 Alexandrino
1822 2731 2127 2786 certissime
2167 2732 2447 2786 diversum
2488 2732 2809 2787 Gutschmid

551 2819 582 2866 ⁷
619 2809 681 2881 γ’
719 2817 864 2865 ABE
904 2808 954 2865 ε’
996 2813 1095 2867 rel.

689 2892 1137 2948 DCCLXXXVII
1173 2892 1254 2947 cf.
1294 2890 1498 2946 Mffller
1533 2891 1571 2944 l.
1612 2909 1656 2945 c.
1818 2898 1851 2947 8
1888 2892 1958 2947 de
1995 2892 2283 2947 nominum
2323 2891 2641 2947 discrimine
2680 2894 2747 2949 cf.
2787 2913 2840 2947 v.

551 2975 764 3035 Φανίας
801 2974 872 3028 al.
1047 2980 1078 3027 9
1118 2972 1214 3027 καὶ
1252 2970 1435 3042 ῥήτωρ
1475 2990 1543 3027 ex
1580 2972 1819 3027 rhetoris
1857 2972 1977 3028 vita
2014 2972 2304 3042 illapsum,
2351 2972 2427 3026 ad
2465 2991 2631 3041 quem
2669 2975 2841 3028 etiam

547 3052 643 3107 καὶ
673 3049 967 3115 ἐπιστολάς
995 3053 1275 3122 spectant3
1315 3051 1383 3108 cf.
1412 3071 1465 3106 v.
1490 3046 1799 3122 Ὀνάσιμος.
1839 3051 2097 3106 Ceterum
2136 3069 2262 3107 cum
2299 3053 2392 3106 hic
2432 3056 2624 3107 auctor
2664 3052 2840 3107 Hera-

549 3134 704 3187 cleae
737 3135 984 3187 versatus
1012 3150 1130 3187 esse
1159 3132 1432 3201 videatur,
1471 3132 1679 3186 Μίίῑῑεν
1706 3132 1945 3185 eundem
1984 3150 2104 3187 esse
2134 3133 2410 3202 opinatur,
2447 3150 2615 3202 quem
2642 3133 2841 3187 laudat

548 3210 750 3267 Suidas
785 3216 857 3282 (v.
899 3218 1156 3283 Δημοσθ.
1194 3213 1372 3281 Θρᾶξ)
1413 3208 1757 3289 Δαμαγήτου
1803 3212 1905 3267 τοῦ
1946 3208 2367 3280 εΗροικλεοότου,
2419 3216 2485 3267 ut
2526 3210 2843 3283 Τιμάγητος

545 3308 738 3346 verum
775 3309 980 3347 nomen
1014 3293 1200 3348 fuerit.
1275 3294 1431 3347 Idem
1468 3294 1640 3347 etiam
1678 3289 1989 3363 μεταβολάς
2034 3308 2135 3362 pro
2184 3289 2481 3355 ἐπιστολάς
2520 3293 2844 3346 dubitanter

544 3372 838 3441 proposuit
865 3374 1147 3443 epitomen
1179 3373 1571 3447 Demoqthe‘nis
1600 3371 1832 3426 Thracis
1861 3372 2183 3442 respiciens,
2213 3374 2360 3441 quod
2389 3373 2485 3427 vix
2513 3372 2840 3442 probaveris

686 3450 1164 3509 DCCLXXXVIII
1189 3453 1342 3509 Haec
1371 3452 1492 3507 vita
1522 3449 1727 3506 Suidae
1747 3453 1969 3521 glossae
2004 3456 2130 3522 Τιμ.
2152 3447 2183 3505 ὁ
2216 3450 2315 3507 ἴστ.
2348 3452 2657 3517 subiuncta,
2688 3454 2843 3505 certe

545 3529 903 3600 Hesychiana
927 3533 1027 3601 est,
1050 3548 1389 3602 quamquam
1409 3532 1654 3586 auctoris
1673 3548 1877 3585 nomen
1896 3532 1956 3585 in
1973 3531 2133 3585 libris
2152 3532 2517 3586 desideratur.
2550 3530 2841 3585 Timaeum

543 3628 654 3665 non
703 3628 824 3665 esse
871 3611 1132 3667 viderunt
1177 3612 1436 3667 editorem
1495 3608 1814 3681 Τιμοχάρης
1857 3611 2146 3681 ingeniose
2194 3611 2475 3681 supplevit
2520 3611 2845 3666 Gutschmid

543 3691 690 3766 (coll.
719 3692 920 3748 Euseb.
951 3692 1148 3761 Praep.
1186 3710 1267 3749 ev.
1299 3699 1359 3761 9,
1389 3697 1481 3759 353
1529 3692 1597 3745 cf.
1626 3693 1829 3747 Miiller
1857 3694 1933 3746 III
1972 3711 2026 3761 p.
2058 3694 2211 3761 228),
2248 3691 2319 3745 de
2349 3691 2656 3761 Timagene
2697 3690 2841 3757 Syro

543 3771 758 3840 cogitat
771 3770 958 3837 Daub,
979 3771 1134 3827 Stud.
1147 3792 1202 3842 p.
1216 3779 1302 3842 21,
1320 3773 1445 3825 coll.
1459 3773 1657 3827 Pseud.
1674 3772 1819 3827 Plut.
1834 3773 1902 3825 de
1917 3772 2045 3825 fluv.
2060 3778 2091 3825 6
2160 3776 2233 3842 12
2247 3767 2310 3825 ἑν
2330 3766 2471 3839 αὐτῇ
2485 3775 2532 3821 A
2550 3766 2727 3839 αὐτῆς
2740 3771 2841 3825 rel.

684 3848 1106 3906 DCCLXXXIX
1137 3852 1408 3907 Tractant
1440 3851 1645 3907 Miiller
1672 3852 1698 3903 I
1725 3870 1781 3921 p.
1811 3849 2011 3916 XLIX;
2048 3850 2277 3919 Beloch,
2304 3852 2504 3905 Annal.
2535 3851 2674 3920 phil.
2700 3858 2839 3905 1881

541 3948 594 3999 p.
617 3935 745 3995 6973
779 3930 982 4001 Kothe,
1013 3931 1082 3986 de
1109 3931 1249 3985 Tim.
1273 3932 1448 4001 (Vrat.
1473 3935 1658 4001 1874);
1686 3931 1867 3999 Daub,
1900 3930 2055 3987 Stud.
2084 3948 2139 3999 p.
2163 3936 2230 3984 19
2252 3948 2363 3999 seq.
2404 3930 2488 3993 Cf.
2507 3950 2558 3987 v.
2582 3933 2845 3994 Φιλίσκος

540 4015 674 4066 Μιλ.
789 4018 853 4067 13
884 4013 964 4066 sic
983 4017 1135 4064 ABV
1238 4015 1661 4083 Ταυρομενίτης
1694 4013 1838 4083 vuly.
1954 4016 2021 4063 14
2053 4004 2345 4080 Ἀθηναῖοι
2384 4011 2687 4064 absurdum
2727 4016 2843 4077 θείη

540 4094 734 4147 auctor
761 4092 1106 4162 cognominis
1123 4093 1366 4147 traditur
1394 4094 1536 4147 Ister
1555 4091 1964 4147 Callimacheus
1986 4090 2138 4159 apud
2157 4090 2450 4145 Athen.VI
2472 4109 2527 4159 p.
2545 4086 2657 4144 272
2682 4086 2847 4159 Ἀθή-

539 4192 700 4235 ναιος
721 4205 786 4213 -
808 4168 1065 4243 ὠνόμασε
1095 4174 1283 4229 Daub.
1327 4173 1584 4227 Ceterum
1612 4174 1783 4229 verba
1811 4166 1879 4227 ὃν
1902 4204 1967 4212 -
1988 4167 2293 4241 ὠνόμασαν
2321 4170 2467 4225 male
2496 4188 2529 4225 a
2554 4173 2843 4239 sequenti-

538 4252 643 4306 bus
682 4253 954 4307 distracta
983 4255 1040 4307 et
1065 4253 1125 4306 in
1154 4253 1311 4308 codd.
1341 4256 1472 4322 post
1504 4256 1955 4325 Ταυρομενείτης
1982 4253 2168 4322 posita,
2207 4254 2280 4306 ad
2315 4252 2618 4322 genuinum
2650 4254 2843 4307 locum

539 4330 735 4384 reduxi
849 4339 912 4385 15
951 4334 1088 4387 haec
1127 4333 1454 4403 compilavit
1495 4334 1987 4407 Pseudo-Hesych.
2030 4350 2075 4388 c.
2108 4340 2177 4388 64
2293 4339 2354 4387 17
2392 4328 2482 4400 λη’
2514 4332 2847 4388 Gutschmid
