3025 4892
1119 186 1550 277 nEsthnUs.
2392 200 2479 267 99

199 369 294 447 είς
358 367 787 454 Ξενοφῶντα,
849 368 947 445 είς
1009 361 1428 452 Ἰσοκράτην,
1497 368 1595 445 είς
1652 365 2139 453 Δημοσθένην,
2216 365 2479 451 ’ρήτορι-

201 474 320 554 κάς
361 470 708 553 ὑποθέσεις
749 473 862 540 καὶ
911 472 1236 560 ζητήματα
1282 474 1433 561 περὶ
1472 471 1847 554 συντάξεως
1890 471 2101 559 λόγου
2145 472 2257 539 καὶ
2312 470 2483 539 ἄλλα

201 587 483 649 πλείονα.

373 688 758 757 CCCLXIX.
841 688 1084 755 Θέων
1139 682 1176 754 ὁ
1236 682 1603 773 Οὐαλέριος
1656 684 2096 773 χρηματίσας,
2143 684 2483 811 σοφιστης.

200 791 552 881 ὑπόμνημα
599 798 698 874 εἰς
736 790 1150 879 Ἀνδοκίδην.
2510 812 2537 854 ⁶

373 902 724 970 CCCLXX.
794 902 1012 969 Θέων
1057 904 1452 987 Γυμνασίου
1499 903 1622 967 τοῦ
1669 902 1996 986 σοφιστοῦ
2040 912 2216 984 παῖς,
2264 897 2485 967 Σιδώ-

202 1034 346 1087 νιος
376 1006 718 1095 σοφιστής,
757 1008 950 1095 (καὶ)
979 1004 1108 1075 ἀπὸ
1141 1004 1416 1075 ὑπάτων
1443 1007 1555 1075 καὶ
1584 1004 1901 1093 ὕπαρχος,
1930 1004 2295 1085 παιδεύσας
2320 1004 2485 1073 κατὰ

203 1112 327 1199 τὴν
369 1118 688 1203 πατρίδα,
735 1113 1100 1202 γενόμενος
1136 1112 1210 1181 δὲ
1257 1114 1362 1181 ἐπὶ
1408 1116 1531 1183 τοῦ
1576 1117 1901 1198 βασιλέως
1940 1117 2485 1181 Κωνσταντίνου.

485 1222 770 1291 CLXXI.
843 1220 1060 1288 Θέων
1108 1219 1431 1307 σοφιστὴς
1474 1218 1698 1306 λόγων
1744 1221 2141 1307 ῥητορικῶν,
2189 1216 2487 1305 γεγονὼς

205 1323 331 1394 ἀπὸ
533 1332 717 1416 ἱερᾶς
763 1328 1162 1415 Μαρκέλλης
1205 1326 1282 1396 τό
1329 1352 1404 1413 γε
1447 1324 1805 1412 ἀνέκαθεν,
1852 1323 1928 1394 τὸ
1969 1325 2043 1393 δὲ
2081 1326 2147 1407 ἐξ
2181 1322 2487 1411 ὑπογύου
2518 1348 2569 1387 ιο

205 1436 536 1521 πατρόθεν
587 1430 720 1502 άπὸ
763 1430 1130 1519 Έκδικίου,
1192 1431 1607 1500 διδασκάλου
1650 1433 1761 1501 καὶ
1807 1430 2054 1502 τούτου
2098 1432 2329 1517 τέχνης
2374 1433 2489 1519 ρη-

204 1544 484 1626 τορικῆς.
561 1532 683 1627 [ἦν
721 1540 795 1608 δὲ
833 1530 1031 1620 οὗτος
1067 1536 1104 1608 ὁ
1151 1539 1340 1607 Θέων
1388 1537 1472 1607 οὐ
1519 1538 1697 1626 μάλα
1740 1536 2063 1626 ἀγχίνους
2107 1535 2267 1605 οὐδὲ
2314 1534 2491 1623 ὀξύς,

205 1645 585 1733 φιλομαθὴς
631 1647 715 1715 δὲ
768 1647 879 1715 καὶ
931 1645 1302 1734 φιλόπονος
1327 1650 1441 1725 ἐἰς
1483 1642 1887 1742 ὑπερβολήν.
1978 1643 2184 1712 ταῦτά
2230 1671 2335 1712 τοι
2381 1643 2492 1711 καὶ

209 1753 500 1837 ἐγεγόνει
533 1754 1120 1842 πολυμαθέστατος
1150 1754 1222 1820 έν
1253 1748 1458 1849 ὀλίγῳ
1486 1751 1733 1843 χρόνῳ,
1772 1750 2028 1839 πολλὴν
2058 1749 2179 1838 μὲν
2209 1747 2493 1838 ἀρχαίαν

207 1860 534 1947 ἱστορίαν,
579 1859 838 1947 πολλὴν
884 1859 958 1927 δὲ
1003 1861 1169 1927 νέαν
1213 1856 1823 1945 περιβαλλόμενος]
2521 1880 2572 1921 15

380 1966 803 2035 CCCLXXII.
890 1965 1428 2053 Θηραμένης
1477 1961 1835 2051 Ἀθηναῖος
1881 1964 2133 2051 ῥήτωρ,
2194 1962 2497 2051 μαθητὴς

209 2076 555 2161 Προδίκου
616 2075 739 2141 τοῦ
796 2078 1041 2157 Κείου,
1107 2067 1182 2151 ὃς
1238 2074 1612 2141 ἐπεκαλεῖτο
1670 2071 2050 2159 Κόθορνος.
2130 2069 2495 2161 (ἀνῃρέθη

210 2179 286 2245 δὲ
335 2178 915 2266 κατηγορήσαντος
959 2175 1169 2248 αὐτοῦ
1214 2184 1499 2266 Κριτίου
1546 2178 1651 2247 ἐπὶ
1695 2181 1833 2246 τῶν
1878 2182 1979 2265 λ).
2070 2181 2343 2267 μελέτας
2385 2181 2501 2267 ρη-

211 2284 474 2374 τορικάς
517 2286 628 2354 καὶ
673 2284 842 2353 ἄλλα
887 2284 1057 2353 τινά.

382 2394 837 2461 COOLXXIII.
939 2392 1401 2479 Θηραμένης
1473 2398 1678 2471 Κεῖος
1759 2391 2098 2479 σοφιστής.
2206 2393 2498 2478 μελετῶν
2525 2415 2581 2454 zo

213 2504 432 2585 βιβλία
471 2498 563 2585 γ’,
610 2499 758 2584 περὶ
807 2497 1186 2586 ὁμοιώσεως
1230 2496 1469 2584 λόγου,
1517 2500 1666 2584 περὶ
1714 2496 2029 2585 εἰκόνων,
2084 2496 2233 2585 ἤτοι
2288 2521 2514 2584 παρα·-

211 2610 460 2693 βολῶν,
508 2606 660 2693 περὶ
698 2604 1070 2693 σχημάτων.

348 2827 656 2883 CCCLXIX
698 2826 849 2883 Eud.
887 2827 924 2884 l.
965 2845 1040 2893 o.,
1087 2842 1229 2896 quae
1266 2825 1468 2895 incipit
1513 2828 1613 2881 καὶ
1662 2826 1851 2899 ἕτερος
1887 2845 2015 2896 σοφ.
2055 2844 2293 2898 pergens
2332 2826 2497 2896 φέρε-

212 2928 301 2963 ται
337 2904 517 2963 αυτοῦ
653 2914 686 2961 3
722 2912 954 2962 πλεῖστα
984 2907 1154 2961 Daub
1299 2912 1334 2959 4
1369 2904 1647 2974 Χαλέριος
1680 2913 1727 2961 V

348 2986 634 3043 CCCLXX
677 2987 830 3043 Eud.
877 2988 914 3042 1.
955 3006 1029 3059 o.,
1076 3004 1220 3057 quae
1263 2986 1468 3057 incipit
1513 2985 1629 3041 ἔστι
1676 2987 1773 3041 καὶ
1818 2982 1985 3050 ἄλλος
2032 2989 2187 3055 Σιδ.,
2235 2981 2503 3054 σοφιστὴς

210 3070 302 3123 καὶ
341 3066 540 3138 αὖτός,
591 3072 766 3139 Γυμν.
803 3088 850 3121 τ.
890 3086 937 3123 6.
976 3075 1136 3135 παῖς,
1182 3070 1338 3123 παιδ.
1383 3063 1529 3121 κατά
1578 3063 1682 3137 τὴν
1728 3068 1973 3136 πατρίδα
2010 3070 2223 3121 Κωνστ.
2271 3065 2503 3133 reliquis

211 3150 426 3205 omissis
537 3156 568 3204 5
607 3150 711 3204 Th.
742 3148 902 3203 Aelio
934 3149 1092 3204 dedit
1124 3150 1279 3204 Giese
1389 3153 1418 3202 ‘1
1448 3150 1579 3218 post
1606 3145 1874 3217 σοφιστής
1902 3146 2110 3203 inserui
2140 3145 2329 3214 verba,
2358 3162 2503 3213 quae

213 3248 252 3285 s.
288 3231 380 3285 fin.
418 3228 553 3284 libri
590 3227 879 3299 exhibent,
922 3247 1136 3286 morem
1171 3229 1587 3299 Hesychianum
1625 3230 1874 3296 secutus,
1922 3226 2020 3282 καὶ
2056 3226 2259 3283 merito
2296 3242 2501 3296 expun-

213 3329 346 3379 gens
384 3311 475 3380 (of.
514 3328 565 3365 v.
609 3312 848 3381 Τριβων.
889 3309 1127 3380 Σέργιος
1164 3311 1260 3379 al.)
1405 3314 1438 3361 8
1476 3303 1590 3362 ὑπὸ
1629 3309 1730 3363 τοῦ
1770 3312 1972 3361 ABVB

353 3388 662 3447 CCCLXXI
699 3390 850 3445 Eud.
880 3392 918 3445 1.
947 3408 993 3448 e.
1105 3396 1136 3445 9
1174 3388 1272 3445 καὶ
1308 3384 1473 3451 ἄλλος
1507 3394 1622 3458 λογ.
1662 3387 1780 3459 ῤἠτ.
1820 3407 1948 3457 σοφ.
1987 3387 2141 3443 Eud.
2263 3394 2327 3441 10
2366 3382 2503 3442 ὑπο-

215 3472 370 3537 γείου
397 3468 543 3539 vulq.
573 3470 723 3525 Eud.
755 3466 1042 3539 Αἰγύπτου
1070 3476 1114 3523 V
1227 3474 1290 3522 11
1323 3464 1607 3523 Ῥαδικίου
1636 3470 1786 3524 Eud.
1862 3468 1959 3523 καὶ
1987 3465 2189 3524 τούτου
2220 3498 2286 3507 -
2316 3488 2503 3537 ρητορ.

219 3566 321 3603 om.
363 3550 515 3606 Eud.
561 3567 800 3631 pergens
837 3548 1051 3621 ἔγραψε
1089 3550 1292 3620 τέχνην
1331 3547 1476 3620 ῤἠτ.,
1524 3543 1647 3619 ἆρχ.
1686 3546 1851 3617 ἴστορ.
1891 3547 1989 3603 καὶ
2025 3545 2165 3603 αλλα
2206 3546 2362 3618 τινά,
2408 3549 2507 3602 καὶ

218 3626 377 3694 οὗτος
422 3633 568 3701 ταῖς.
607 3653 656 3686 κ.
704 3628 905 3687 τούτου
944 3636 1162 3693 ABVB..
1237 3631 1392 3697 Quae
1437 3630 1638 3685 seclusi
1684 3630 1811 3685 add.
1861 3628 2059 3683 Suidas
2105 3646 2173 3685 ex
2208 3629 2505 3683 Damaseio

221 3712 382 3768 Phot.
421 3729 474 3781 p.
516 3717 619 3767 339

356 3790 694 3846 CCCLXXII
735 3792 886 3846 Eud.
924 3810 978 3861 p.
1009 3798 1112 3847 373
1261 3796 1326 3845 18
1363 3788 1598 3860 μελέτας
1634 3807 1669 3843 a
1704 3788 2013 3845 iunioribus
2048 3787 2312 3857 sophistis
2349 3788 2506 3842 fictas

220 3874 408 3927 censet
444 3871 730 3925 Ruhnken.
779 3872 908 3927 hist.
949 3889 1026 3928 or.
1065 3870 1157 3927 Gr.
1194 3889 1247 3941 p.
1286 3870 1424 3927 XLI.
1500 3870 1687 3926 Verba
1732 3866 1991 3941 ἀνῃρέθη
2038 3867 2102 3923 δὲ
2151 3886 2263 3936 seq.
2314 3884 2381 3922 ex
2424 3868 2506 3921 in-

219 3954 482 4021 sequente
527 3951 720 4021 glossa
762 3952 996 4019 inserui,
1044 3966 1186 4019 quae
1233 3950 1439 4020 legitur
1485 3950 1659 4005 etiam
1694 3950 1857 4004 Phot.
1907 3950 2014 4003 lex.
2060 3966 2113 4002 v.
2154 3944 2505 4017 Θηραμένης.

223 4024 381 4095 οὗτος
418 4028 679 4103 ἀνῃρέθη
708 4033 850 4102 plur.
873 4030 1032 4088 codd.
1128 4038 1192 4086 19
1223 4028 1349 4086 τινά
1381 4049 1488 4087 om.
1511 4032 1662 4087 Eud.
1693 4029 1885 4084 Vitam
1914 4044 2089 4097 usque
2117 4028 2191 4083 ad
2220 4025 2508 4097 κάθορνος

219 4114 450 4183 praebet
487 4113 658 4167 etiam
693 4114 868 4168 schol.
907 4112 1134 4167 Lucian.
1174 4116 1358 4169 Amor.
1401 4118 1468 4167 50
1501 4105 1525 4109 ’

360 4192 726 4247 CCCLXXIII
765 4194 915 4249 Eud.
954 4212 1008 4264 p.
1034 4200 1138 4249 374
1169 4195 1391 4249 constat
1418 4206 1531 4246 non
1560 4190 1629 4245 de
1658 4190 1873 4245 duobus
1901 4189 2220 4244 rhetoribus
2258 4187 2369 4258 agi,
2409 4189 2506 4242 sed

221 4277 286 4331 de
322 4292 434 4331 uno
579 4280 650 4328 20
685 4277 856 4337 Κεῖος
892 4276 963 4330 ab
1003 4274 1392 4345 Aristophanis
1435 4272 1589 4327 dieto
1634 4270 1947 4341 profectum
1987 4270 2145 4338 (Rau.
2186 4270 2508 4338 978—980)

223 4356 433 4427 ἔγραψε
474 4354 600 4410 add.
639 4354 792 4411 Eud.

373 4446 384 4455 .
417 4452 424 4455 .
2012 4439 2083 4495 7*
