3025 4892
1137 215 1567 272 HESYCHIUS.
2414 215 2502 280 25

167 373 606 463 Εὐδαίμονα
677 373 801 444 τὸν
868 376 1118 464 πατέρα
1192 372 1403 444 αὐτοῦ
1473 375 1873 464 γράφουσιν.
1982 373 2357 463 ἠκροάσατο
2428 377 2503 444 δὲ

153 479 509 570 Ἠρόδου
571 479 734 551 κατὰ
789 481 906 563 τὰς
959 481 1250 572 Ἀθήνας
1300 485 1412 552 καὶ
1468 486 1543 553 ἐν
1598 483 1932 575 Περγάμῳ
1986 481 2503 570 Ἀριστοκλέους,

167 589 504 676 γεγονῶς
542 593 653 658 ε’πί
682 617 752 658 τε
785 588 1190 660 Ἀντωνίνου
1235 595 1356 660 τοῦ
1394 597 1739 680 Καίσαρος
1774 592 1887 660 καὶ
1938 594 2272 670 διατείνας
2308 591 2499 678 μέχρι

161 697 552 784 Κομόδου.
623 701 760 766 τῶν
807 697 880 766 δὲ
926 697 1148 785 λόγων
1195 696 1404 768 αὐτοῦ
1451 695 1607 785 παρ’
1660 696 1891 768 οὐδενὶ
1934 700 2141 786 πέρας
2176 695 2363 787 εὕροι
2401 724 2501 778 τις

166 802 306 891 ἄν,
361 802 586 885 ἄλλως
630 805 706 874 δὲ
752 803 982 884 ἄλλοις
1025 808 1551 893 ἐπιτευχθέντας.
1880 837 1893 852 ·
2528 823 2555 862 ⁵

379 913 520 980 XO.
587 909 1083 1001 Ἀρίστιππος
1123 910 1474 1000 Ἀριτάδου
1517 912 1650 986 ἀπό
1701 913 2056 1000 Κυρήνης,
2104 909 2501 998 φιλόσοφος,

170 1018 615 1106 Σωκράτους
685 1016 1018 1108 ἄκουστής
1091 1018 1239 1107 [ἀφ’
1309 1012 1517 1110 οὗπερ
1590 1018 1633 1108 ἡ
1707 1018 2105 1109 Κυρηναικὴ
2176 1026 2502 1106 κληθεῖσα

176 1130 462 1214 αἵρεσις
514 1125 780 1214 ἤρξατο.
866 1132 1127 1217 πρῶτος
1173 1127 1248 1196 δὲ
1293 1133 1430 1198 τῶν
1477 1133 1929 1218 Σωκρατικῶν
1972 1123 2263 1215 μισθοὺς
2307 1124 2502 1212 ἐπρά-

174 1237 377 1315 ξατο.
469 1237 860 1321 Ξενοφῶντι
920 1235 996 1304 δὲ
1053 1234 1186 1323 εἶχε
1247 1239 1613 1323 δυσμενῶς.
1696 1237 1807 1305 καὶ
1856 1227 1943 1323 ἦν
2004 1232 2237 1313 ἱκανὸς
2296 1230 2499 1319 ἁρμό-

179 1351 466 1410 σασθαι
510 1342 620 1410 καὶ
667 1341 890 1434 χρόνῳ
936 1343 1048 1410 καὶ
1091 1341 1296 1434 τόπῳ,
1341 1343 1452 1410 καὶ
1488 1346 1624 1414 τῶν
1662 1342 1787 1430 μὲν
1820 1342 2178 1431 παρόντων
2215 1338 2501 1408 ἀπέλαυε
2534 1356 2585 1395 1⁰

181 1451 308 1516 καὶ
374 1446 634 1536 ἡδονὴν
692 1452 1075 1536 μετεδίωκε,
1131 1449 1318 1540 πόνῳ
1363 1449 1439 1518 δὲ
1485 1447 1863 1518 ἀπόλαυσιν
1910 1447 2237 1535 οὐδεμίαν
2282 1446 2501 1536 ἐθήρα

179 1561 336 1624 τῶν
412 1554 497 1624 οὐ
562 1556 944 1644 παρόντων·
1011 1555 1182 1626 ὅθεν
1248 1560 1581 1644 Διογένης
1637 1555 1988 1644 βασιλικὸν
2049 1555 2225 1625 κύνα
2290 1553 2501 1624 αὐτὸν

183 1661 414 1731 κάλει.
489 1659 976 1750 ἀποφθέγματα
1017 1663 1094 1732 δὲ
1131 1661 1342 1732 αὐτοῦ
1377 1671 1651 1732 πλεῖστα
1687 1663 1798 1732 καὶ
1836 1661 2091 1750 ἄριστα.
2182 1661 2499 1749 διήκουσε

185 1771 272 1838 δὲ
337 1768 556 1838 αὐτοῦ
610 1768 652 1859 ἡ
707 1771 1018 1859 θυγάτηρ
1067 1769 1335 1859 Ἀρήτη,
1399 1767 1522 1856 ἀφ’
1574 1762 1653 1858 ἧς
1705 1767 1740 1839 ὁ
1796 1784 1953 1850 παῖς
2000 1767 2209 1858 αὐτῆς
2256 1766 2291 1838 ὁ
2350 1769 2503 1848 νέος

173 1876 643 1964 Ἀρίστιππος,
691 1875 766 1958 ὃς
802 1877 1052 1966 ἐκλήθη
1091 1881 1635 1967 μητροδίδακτος.
1700 1868 1783 1946 οὗ
1820 1875 2173 1964 Θεόδωρος
2210 1874 2245 1944 ὁ
2296 1874 2504 1955 ἄθεος
2534 1893 2585 1932 1⁵

181 1987 618 2071 ἐπικληθείς,
675 1982 818 2054 εἶτα
863 1985 1055 2072 θεός,
1109 1988 1232 2053 τοῦ
1279 1984 1355 2052 δὲ
1403 1983 1861 2082 Ἀντίπατρος,
1908 1988 2029 2052 τοῦ
2076 1983 2151 2052 δὲ
2193 1981 2503 2070 Ἐπιτιμί-

183 2099 320 2178 δης
379 2089 418 2160 ὁ
479 2099 896 2180 Κυρηναῖος,
963 2096 1085 2161 τοῦ
1139 2091 1216 2160 δὲ
1269 2092 1735 2180 Παραιβάτης,
1789 2096 1911 2160 τοῦ
1965 2091 2041 2160 δὲ
2086 2087 2405 2176 Ἡγησίας
2458 2085 2495 2157 ὁ

181 2199 712 2286 πεισιθάνατος,
757 2209 882 2268 τοῦ
927 2199 1002 2268 δὲ
1042 2195 1406 2287 Ἀννίκερις
1452 2195 1488 2266 ὁ
1538 2197 1873 2266 Πλάτωνα
1910 2195 2467 2284 λυτρωσάμενος].

379 2309 549 2375 XCI.
619 2304 1222 2394 Ἀριστογείτων
1278 2304 1680 2393 Κυδιμάχου
1733 2301 1776 2392 ἢ
1826 2303 2252 2392 Λυσιμάχου,
2303 2301 2499 2390 Ἀθη-

186 2427 396 2493 ναῖος
435 2411 678 2500 ῥήτωρ,
715 2411 964 2501 μητρὸς
991 2413 1066 2482 δὲ
1094 2410 1635 2500 ἀπελευθερικῆς,
1674 2409 1857 2491 ὅστις
1883 2413 2257 2480 ἐπεκαλεῖτο
2289 2409 2499 2479 Κύων
2528 2426 2583 2466 20

189 2518 316 2588 διὰ
394 2518 524 2606 τὴν
597 2518 948 2589 ἀναίδειαν
1015 2517 1244 2589 αὐτοῦ.
1356 2517 1701 2605 ἐφονεύθη
1766 2517 1841 2586 δὲ
1903 2515 2037 2586 ὑπὸ
2098 2515 2501 2605 Ἀθηναίων,

190 2626 456 2713 λόγους
500 2627 782 2714 ποιήσας
829 2627 1203 2716 ἀπολογίαν
1239 2625 1407 2715 πρὸς
1443 2627 1908 2714 Δημοσθένην
1943 2624 2065 2694 τὸν
2104 2623 2500 2714 στρατηγόν,

187 2733 369 2822 πρὸς
421 2737 842 2822 Λυκοῦργον,
887 2733 1053 2803 κατὰ
1099 2735 1460 2822 Τιμοθέου,
1504 2731 1671 2802 κατὰ
1717 2732 2079 2821 Τιμάρχου,
2124 2730 2289 2802 κατὰ
2315 2730 2500 2802 ’Τπε-

192 2845 440 2928 ρίδου,
485 2840 650 2908 κατὰ
696 2842 1124 2926 Θρασύλλου,
1171 2837 1570 2927 ὀρφανικόν.

384 2949 586 3017 ΧΟΙΙ.
638 2947 1184 3038 Ἀριστογένης
1220 2947 1468 3029 Θάσιος
1505 2947 1750 3035 ιάτρός.
1822 2953 2066 3035 ἔγραψε
2104 2953 2331 3034 βιβλία
2369 2947 2500 3016 κδ’.
2527 2966 2579 3006 25

192 3057 448 3144 ἐκρίθη
495 3055 570 3124 δὲ
615 3056 762 3141 περὶ
812 3060 1070 3143 διαίτης
1113 3058 1203 3143 α’,
1258 3056 1408 3142 περὶ
1457 3054 1806 3141 δυνάμεως
1850 3055 1944 3141 α’,
2004 3055 2153 3142 περὶ
2202 3055 2498 3123 δακέτων

193 3163 294 3250 α’,
347 3163 500 3251 περὶ
547 3163 915 3250 σπέρματος
952 3162 1043 3250 α’,
1088 3160 1386 3249 ὑγιεινὸν
1423 3161 1517 3247 α’,
1565 3161 1967 3248 έπιστολικά,
2015 3159 2335 3248 ἐπιτομὴν
2371 3187 2499 3247 φυ-

195 3275 420 3339 σικῶν
465 3269 920 3358 βοηθημάτων
964 3268 1133 3359 πρὸς
1171 3267 1579 3356 Ἀντίγονον.

347 3499 382 3544 3
422 3487 666 3561 γεγωνὸς
701 3497 747 3546 A
889 3491 988 3546 καὶ
1023 3487 1269 3561 Μάρκον
1315 3489 1619 3545 infeliciter
1653 3488 1783 3546 add.
1823 3490 1994 3545 Daub
2140 3497 2174 3544 4
2210 3486 2393 3546 αὐτοῦ
2430 3510 2498 3547 ex

195 3576 410 3626 ABVE
449 3571 576 3628 add.
607 3572 874 3640 Gaisford
979 3571 1090 3626 τῶν
1126 3569 1192 3626 δὲ
1227 3567 1410 3640 λόγων
1445 3565 1585 3639 παρ’
1627 3564 1825 3624 οὐδενὶ
1860 3570 2053 3640 πέρας.
2120 3565 2277 3640 εὕροι
2312 3570 2378 3625 δέ
2415 3592 2499 3634 τις

200 3645 276 3704 ἂν
319 3645 526 3713 ἄλλους
561 3645 752 3718 ἄλλοις
787 3645 1230 3720 ἐπιτευχθέντας
1266 3652 1408 3707 coni.
1437 3652 1714 3706 Kusterus

347 3730 444 3786 XC
482 3737 515 3784 6
552 3731 798 3798 Κυρίνης
834 3732 892 3784 et
917 3747 1047 3784 mox
1073 3727 1389 3801 Κυριναϊκὴ
1419 3737 1465 3786 A
1584 3737 1616 3786 7
1654 3725 1763 3800 ἀφ’
1798 3721 1976 3798 οὗπερ
2004 3759 2074 3770 -—
2103 3729 2234 3784 exit.
2266 3730 2497 3786 Suidam
2558 3781 2563 3786 .

197 3828 266 3866 ex
304 3811 472 3882 Diog.
502 3810 581 3878 ΙΙ,
611 3815 680 3865 65
709 3827 824 3878 seq.
861 3812 920 3864 et
957 3815 1026 3865 86
1064 3810 1424 3882 descripsisse
1462 3810 1629 3868 docui
1665 3811 1805 3867 Mus.
1842 3809 2019 3866 Rhen.
2057 3811 2094 3865 1.
2135 3828 2179 3863 ο.
2218 3829 2271 3880 p.
2302 3817 2409 3866 205

204 3900 268 3948 16
311 3887 646 3961 ἔπιτιμήδης
681 3895 727 3942 A
875 3895 940 3943 18
978 3885 1298 3961 άννίκαιρις
1333 3898 1379 3945 A
1810 3959 1815 3963 ⁸

349 3970 472 4025 XCI
506 3970 659 4025 Eud.
697 3989 752 4040 p.
787 3976 886 4025 111
1018 3977 1084 4025 19
1120 3965 1157 4041 ἢ
1193 3977 1330 4030 Avo.
1367 3991 1474 4030 om.
1505 3973 1658 4027 Eud.
1786 3977 1856 4025 20
1893 3967 2101 4041 μητρὸς
2136 4001 2205 4011 -
2238 3965 2347 4026 Ἀθ.
2386 3988 2495 4025 om.

205 4053 358 4107 Eud.
470 4057 538 4106 22
576 4044 806 4120 άπολογ.
844 4069 935 4120 πρ.
966 4057 1108 4122 Δημ.
1139 4052 1250 4106 τῶν
1277 4053 1601 4123 στρατηγῶν
1636 4051 1957 4106 thschmid
2065 4057 2135 4104 24
2172 4049 2495 4120 συνέγραψε

203 4133 304 4188 καὶ
343 4127 485 4187 ἄλλα
523 4135 754 4186 πλεῖστα
789 4135 924 4201 post
958 4128 1278 4202 ὀρφανικὸν
1315 4134 1442 4190 add.
1472 4133 1625 4188 Eud.

348 4211 499 4266 XCII
536 4212 689 4267 Eud.
727 4230 782 4282 p.
815 4218 918 4267 110
1055 4220 1124 4268 25
1163 4215 1270 4282 βιβ.
1309 4211 1613 4284 τριάκοντα
1650 4209 1822 4280 Eud„
1858 4227 2003 4279 quae
2040 4227 2169 4266 mox
2206 4211 2332 4280 περὶ
2370 4213 2495 4270 δυν.

201 4291 343 4361 δύο,
375 4291 507 4362 περὶ
544 4293 668 4346 δακ.
709 4288 786 4361 δ’,
823 4291 951 4362 περὶ
989 4311 1183 4362 σπερμ.
1221 4290 1328 4349 δύο
1472 4299 1539 4348 27
1576 4287 1844 4360 ὑγιεινῶν
1881 4289 2203 4348 Gutschmid
2311 4287 2497 4347 ἐπιτο-

95 4429 100 4434 ,
204 4369 318 4443 μὴν
356 4372 490 4442 φυσ.
529 4367 940 4443 βοηθημάτων,
980 4368 1300 4428 gunnam&
1337 4370 1479 4441 πρὸς
1510 4367 1819 4440 Ἀντίγονον
1856 4369 1998 4426 coni.
2028 4371 2199 4429 Daub
