3025 4892
551 213 637 278 54
1095 196 1102 202 ’
1470 207 1899 263 HESYCHIUS.

548 373 679 453 κός.
789 378 1031 460 ἔγραψε
1095 369 1338 458 πάτρια
1399 375 1722 455 Κυζίκου,
1796 369 1947 456 περὶ
2014 370 2151 435 τῶν
2214 367 2287 434 ἐν
2352 375 2493 444 τοῖς
2559 367 2828 450 βιβλίοις

551 485 871 567 σημείων,
919 480 1069 566 περὶ
1113 481 1486 564 ποιητικῆς,
1534 479 1685 563 περὶ
1733 481 2099 564 στοιχείων.

729 587 948 655 CCVI.
1032 584 1446 672 Διόδωρος
1500 585 1611 651 καὶ
1667 581 1867 662 αὐτὸς
1912 581 2222 670 κωμικός.
2312 583 2449 647 τῶν
2504 577 2832 666 δραμάτον

550 690 760 762 αὐτοῦ
807 694 987 760 ἐστιν
1041 689 1404 778 Αὐλητρίς,
1453 688 1542 770 ῶς
1582 687 1940 776 Ἀθήναιος
2001 691 2074 756 ἐν
2129 690 2219 780 τῷ
2278 685 2328 754 ι’
2380 690 2516 754 τῶν
2559 695 2833 753 Δειπνο-

497 821 522 861 5
550 803 892 886 σοφιστῶν
937 800 1128 884 λέγει.
1202 799 1275 866 ἐν
1323 797 1398 866 δὲ
1441 802 1534 890 τῷ
1582 797 1677 883 ιβ’
1725 801 1957 884 φησίν,
2008 794 2111 864 ὅτι
2158 796 2269 863 καὶ
2302 792 2694 879 Ἐπίκληρος
2735 791 2834 858 καὶ

551 907 1079 992 Πανηγυρισταί.

729 1013 984 1102 CCVII.
1060 1009 1479 1098 Διόδωρος
1518 1009 1847 1097 μονάζων,
1885 1011 1958 1078 ἐν
1999 1023 2141 1090 τοῖς
2178 1011 2449 1098 χρόνοις
2472 1005 2838 1077 Ἰουλιανοῦ

549 1121 661 1188 καὶ
726 1117 1102 1196 Οὐάλεντος
1175 1115 1621 1203 ἐπισκοπήσας
1691 1121 1971 1204 Ταρσῶν
2040 1122 2157 1205 τῆς
2223 1121 2547 1195 Κιλικίας.
2660 1105 2837 1190 οὗτος

554 1232 872 1313 ἔγραψεν,
916 1223 1006 1304 ῶς
1041 1242 1204 1310 φησι
1235 1222 1586 1309 Θεόδωρος
1624 1220 2057 1310 ἀναγνῶστης
2100 1225 2171 1290 ἐν
2218 1226 2297 1311 τῇ
2346 1223 2835 1308 ἐκκλησιαστικῇ

476 1352 527 1392 10
555 1335 844 1422 ἱστορίᾳ,
904 1330 1215 1417 διάφορα.
1307 1330 1434 1398 είσὶ
1485 1329 1560 1397 δὲ
1604 1328 1789 1397 τάδε·
1838 1329 2183 1418 ἑρμηνεῖαι
2239 1334 2332 1408 εἰς
2385 1327 2511 1415 τὴν
2559 1325 2834 1395 παλαιὰν

551 1442 806 1524 πᾶσαν,
852 1439 1148 1524 γένεσιν,
1196 1440 1431 1519 ἔξοδον
1478 1437 1588 1503 καὶ
1631 1439 1894 1523 ἐφεξῆς,
1943 1442 2038 1516 είς
2085 1435 2392 1524 ψαλμοὺς
2438 1438 2550 1503 καὶ
2598 1440 2691 1515 είς
2733 1431 2834 1512 τὰς

553 1544 619 1613 δ’
668 1549 1035 1630 βασιλείας,
1084 1547 1177 1624 είς
1222 1542 1300 1610 τὰ
1351 1545 1713 1630 ζητούμενα
1761 1547 1897 1611 τῶν
1943 1544 2558 1632 παραλειπομένων,
2605 1545 2697 1622 είς
2738 1538 2838 1618 τὰς

551 1655 928 1737 παροιμίας,
967 1654 1064 1730 τίς
1093 1648 1388 1737 διαφορὰ
1420 1655 1714 1735 θεωρίας
1746 1650 1856 1717 καὶ
1886 1648 2311 1738 ἀλληγορίας,
2350 1655 2445 1731 εἰς
2474 1649 2597 1718 τὸν
2628 1651 2831 1732 ἐκκλη-

554 1756 854 1844 σιαστήν,
901 1760 995 1835 εἰς
1021 1755 1095 1823 τὸ
1127 1747 1301 1846 ᾆσμα
1342 1760 1478 1823 τῶν
1518 1754 1855 1847 ᾀσμάτων,
1902 1761 1997 1837 είς
2031 1755 2191 1836 τοὺς
2226 1757 2598 1846 προφήτας,
2638 1780 2835 1844 χρονι-

477 1885 526 1925 15
553 1862 677 1931 κὸν
734 1859 1234 1950 διορθούμενον
1283 1859 1358 1928 τὸ
1409 1861 1685 1950 σφάλμα
1733 1859 2073 1948 Εὐσεβίου
2119 1868 2239 1930 τοῦ
2288 1870 2661 1950 Παμφίλου
2702 1859 2834 1944 περὶ

551 1973 686 2037 τῶν
734 1966 1030 2055 χρόνων,
1078 1973 1173 2047 εἰς
1218 1967 1297 2035 τὰ
1345 1967 1412 2035 δ’
1462 1966 1845 2056 εὐαγγέλια,
1893 1975 1988 2049 είς
2032 1969 2148 2050 τὰς
2194 1970 2467 2059 πράξεις
2514 1974 2649 2039 τῶν
2694 1966 2834 2036 ἀπο-

555 2073 834 2160 στόλων,
863 2078 957 2154 εἰς
985 2073 1107 2161 τὴν
1135 2074 1492 2162 ἐπιστολὴν
1516 2073 1842 2158 Ἰωάννου
1870 2080 1992 2144 τοῦ
2031 2073 2532 2162 εὐαγγελιστοῦ,
2561 2076 2705 2165 περὶ
2730 2077 2833 2142 τοῦ

555 2175 648 2262 εἷς
711 2179 873 2260 θεὸς
927 2183 1001 2250 ἐν
1056 2181 1309 2270 τριάδι,
1371 2178 1538 2250 κατὰ
1592 2186 2202 2269 Μελχισεδεκιτῶν,
2266 2181 2436 2250 κατὰ
2485 2179 2832 2264 Ἰουδαίων,

555 2288 703 2376 περὶ
762 2291 1020 2373 νεκρῶν
1065 2286 1521 2374 ἀναστάσεως,
1578 2290 1727 2377 περὶ
1773 2293 2017 2376 ψυχῆς,
2081 2287 2247 2356 κατὰ
2295 2289 2651 2377 διαφόρων
2704 2286 2832 2372 περὶ

473 2417 527 2457 2⁰
555 2391 758 2482 αὐτῆς
805 2394 1154 2482 αἱρέσεων,
1200 2393 1366 2484 πρὸς
1411 2394 1789 2483 Γρατιανὸν
1817 2394 2173 2482 κεφάλαια,
2218 2395 2385 2463 κατὰ
2416 2393 2833 2484 ἀστρονόμων

551 2503 661 2570 καὶ
724 2499 1153 2588 ἀστρολόγων
1216 2501 1327 2568 καὶ
1383 2502 1799 2588 εἱμαρμένης.
1891 2502 2041 2590 περὶ
2108 2507 2397 2597 σφαίρας
2452 2504 2566 2570 καὶ
2619 2506 2744 2569 τῶν
2786 2496 2831 2579 ζ’

555 2612 784 2691 ζωνῶν
819 2610 930 2675 καὶ
958 2612 1073 2695 τῆς
1103 2610 1408 2688 ἐναντίας
1443 2611 1579 2675 τῶν
1609 2605 1909 2694 ἀστέρων
1934 2614 2219 2696 πορείας.
2276 2611 2428 2696 περὶ
2458 2605 2831 2697 τῆςἹππάρ-

552 2742 676 2803 χου
723 2720 1040 2801 σφαίρας,
1098 2715 1248 2802 περὶ
1294 2721 1648 2801 προνοίας,
1699 2713 1863 2782 κατὰ
1913 2715 2282 2796 Πλάτωνος
2328 2718 2482 2804 περὶ
2530 2719 2695 2784 θεοῦ
2739 2711 2832 2780 καὶ

552 2825 768 2906 θεῶν,
814 2820 963 2906 περὶ
1009 2820 1276 2907 φύσεως
1318 2822 1429 2888 καὶ
1474 2819 1641 2908 ῦλης
1668 2873 1685 2907 ,
1730 2825 1801 2890 ἐν
1852 2813 1901 2910 ᾧ
1948 2827 2017 2888 τί
2058 2821 2134 2890 τὸ
2185 2822 2454 2891 δίκαιόν
2486 2826 2652 2908 ἐστι,
2704 2819 2831 2904 περὶ

474 2949 526 2990 25
553 2930 722 2995 θεοῦ
759 2927 868 2993 καὶ
904 2927 1068 3013 ῦλης
1099 2924 1492 3013 Ἑλληνικῆς
1528 2929 2007 3014 πεπλασμένης,
2057 2925 2158 2996 ὅτι
2198 2932 2273 2996 αἰ
2305 2927 2587 3015 ἀόρατοι
2622 2928 2833 3016 φύσεις

555 3033 678 3102 οὐκ
716 3035 786 3100 ἐκ
821 3037 955 3101 τῶν
994 3038 1340 3120 στοιχείων
1369 3031 1517 3101 ἀλλ’
1552 3033 1939 3122 έκῗμηδενὸς
1966 3033 2125 3121 μετὰ
2156 3039 2291 3103 τῶν
2321 3042 2667 3124 στοιχείων
2703 3035 2831 3118 ε’δη-

551 3138 1090 3228 μιουργήθησαν,
1138 3139 1303 3226 πρὸς
1354 3137 1750 3228 Εὐφρόνιον
1798 3139 2204 3227 φιλόσοφον,
2252 3141 2416 3210 κατὰ
2464 3148 2697 3212 πεῦσιν
2740 3137 2832 3206 καὶ

551 3245 930 3331 ἀπόκρισιν,
976 3245 1141 3312 κατὰ
1190 3243 1681 3334 Ἀριστοτέλους
1734 3247 1884 3332 περὶ
1940 3244 2245 3332 σώματος
2302 3245 2661 3336 οὐρανίου,
2715 3247 2833 3320 πῶς

551 3351 806 3440 θερμὸς
851 3350 886 3420 ὁ
927 3350 1134 3439 ἥλιος,
1181 3351 1344 3420 κατὰ
1390 3357 1525 3420 τῶν
1572 3351 1908 3439 λεγόντων
1958 3357 2127 3445 ζῷον
2174 3354 2293 3422 τὸν
2344 3353 2663 3441 οὐρανόν,
2704 3349 2829 3434 περὶ

474 3487 526 3526 30
554 3465 676 3530 τοῦ
715 3465 854 3540 πῶς
890 3457 993 3527 ἀεὶ
1032 3458 1154 3545 μὲν
1194 3457 1229 3528 ὁ
1271 3459 1700 3549 δημιουργός,
1750 3457 1872 3527 οὐκ
1908 3457 2011 3528 ἀεὶ
2051 3460 2124 3528 δὲ
2162 3461 2241 3528 τὰ
2283 3461 2828 3552 δημιουργήματα,

555 3572 694 3646 πῶς
757 3565 833 3636 τὸ
899 3567 1130 3634 θέλειν
1193 3566 1303 3633 καὶ
1367 3565 1441 3633 τὸ
1510 3565 1601 3653 μὴ
1660 3567 1887 3633 θέλειν
1944 3567 2048 3634 ἐπὶ
2111 3573 2285 3636 θεοῦ
2349 3567 2581 3637 ἀϊδίου
2642 3567 2827 3644 ὄντος,

556 3673 721 3744 κατὰ
769 3678 1178 3761 Πορφυρίου
1223 3673 1372 3758 περὶ
1420 3671 1604 3763 ζῴων
1651 3672 1761 3739 καὶ
1807 3677 2091 3740 θυσιῶν.

703 3879 735 3926 2
784 3873 852 3926 de
900 3871 1008 3924 hoc
1057 3868 1348 3938 opusculo,
1395 3868 1545 3935 quod
1592 3868 1807 3936 septem
1858 3866 2111 3922 constitit
2154 3867 2340 3935 libris,
2389 3870 2459 3925 cf.
2500 3871 2684 3940 Steph.
2718 3867 2825 3934 Byz-

558 3974 610 4012 ν.
650 3952 921 4021 Βέσβικος
960 3953 1018 4006 et
1053 3947 1244 4014 Daub,
1284 3946 1439 4002 stud.
1479 3966 1533 4016 p.
1572 3953 1639 4002 98
2109 4014 2113 4018 ι

702 4031 866 4088 CCVI
905 4029 986 4084 Cf.
1021 4026 1278 4082 Meineke
1318 4029 1342 4080 I
1378 4045 1432 4096 p.
1471 4031 1593 4081 418.
1657 4025 1807 4079 Num
1844 4026 2111 4094 Hesychii
2152 4028 2273 4083 vita
2310 4029 2410 4095 sit,
2459 4029 2699 4084 dubium.
2756 4020 2822 4077 Cf.

554 4113 746 4181 Daub,
807 4111 874 4166 de
913 4109 1063 4164 Suid.
1102 4126 1156 4176 p.
1196 4112 1301 4161 484
1471 4113 1502 4161 5
1554 4124 1654 4176 pro
1705 4101 1805 4176 ιβ’,
1860 4109 2008 4173 quod
2054 4107 2185 4162 libri
2231 4111 2551 4180 praestant,
2608 4104 2661 4176 ς’
2707 4120 2821 4160 corr.

551 4193 868 4257 mimam,
915 4189 1274 4258 Bernhardy,
1335 4187 1606 4259 Westerm.
1664 4187 1789 4240 coll.
1848 4185 1924 4238 VI
1979 4205 2032 4254 p.
2081 4193 2211 4254 235,
2268 4194 2401 4257 239,
2459 4196 2589 4258 240,
2643 4186 2730 4242 sed
2772 4176 2819 4254 β’

553 4275 796 4327 fortasse
837 4269 1228 4336 corrigendum
1265 4266 1579 4334 suspicatus
1618 4267 1705 4321 est
1740 4266 1910 4320 Daub
1934 4267 1977 4319 1.
2009 4283 2053 4321 ο.

703 4347 895 4400 CCVII
933 4347 1014 4398 De
1054 4347 1160 4398 hac
1197 4343 1465 4411 Hesychii
1503 4345 1621 4398 vita,
1656 4344 1775 4398 dixi
1809 4344 1948 4400 Mne.
1988 4347 2164 4400 Rhen.
2203 4345 2413 4400 XXXV
2451 4367 2505 4418 p.
2548 4354 2645 4403 198
2672 4363 2767 4412 seq.
