3025 4892
1107 248 1539 308 HESYCHIUS.
2339 244 2417 307 17
2424 244 2464 309 9

168 416 516 503 τολμήσει,
585 417 946 498 σκεψάσθω
1013 424 1080 483 εἴ
1133 440 1248 503 μοι
1317 412 1674 499 δυνήσεται
1728 419 2041 498 πολεμεῖν
2053 410 2122 492 ’].
2223 413 2469 498 ἔγραψε

168 526 324 608 περὶ
376 522 815 612 Ἀλεξάνδρου
869 527 992 592 τοῦ
1039 521 1468 608 Μακεδόνος,
1528 516 1745 610 ὥρους
1791 525 2103 606 Σαμίων,
2160 520 2468 607 Βρούτου

177 630 546 718 ἐγκώμιον,
593 636 936 719 Καίσαρος
981 628 1344 715 ἐγκώμιον,
1390 628 1541 713 περὶ
1587 632 1843 696 τελείου
1890 625 2188 714 ῥήτορος.

358 738 767 806 DGLXVIII.
822 740 1225 820 Πρατίνας
1259 739 1717 824 Πυρρωνίδου
1754 730 1795 821 ἢ
1829 732 2222 821 Ἐγκωμίου,
2264 731 2469 799 Φλιά-

170 862 352 929 σιος,
407 842 683 930 ποιητὴς
734 847 1123 934 τραγῳδίας.
1213 840 1696 928 άντηγωνίζετο
1757 840 1832 909 δὲ
1879 839 2193 931 Αἰσχύλῳ
2246 864 2314 906 τε
2360 839 2469 905 καὶ
2500 855 2525 895 ⁵

171 955 472 1041 Χοιρίλῳ
536 951 641 1019 ἐπὶ
704 954 821 1037 τῆς
875 950 938 1019 ο’
998 948 1409 1037 ὀλυμπιάδος
1471 949 1581 1016 καὶ
1638 952 1898 1037 πρῶτος
1962 953 2208 1033 ἔγραψε
2275 944 2471 1015 σατύ-

171 1082 355 1141 ρους.
461 1058 1010 1145 ἐπιδεικνυμένου
1066 1056 1141 1125 δὲ
1194 1058 1441 1126 τούτου
1496 1058 1744 1142 συνέβη
1799 1054 1881 1123 τὰ
1940 1060 2149 1143 ἰκρία,
2204 1051 2311 1141 ἐφ’
2374 1044 2471 1122 ὧν

171 1164 538 1249 ἑστήκεσαν
587 1166 658 1231 οἰ
698 1170 967 1249 θεαταί,
1013 1176 1263 1247 πεσεῖν,
1314 1163 1424 1230 καὶ
1471 1166 1543 1231 ἐκ
1587 1162 1835 1231 τούτου
1880 1164 2175 1250 θέατρον
2225 1158 2473 1255 ᾠκοδο-

173 1268 367 1355 μήθη
409 1267 811 1356 Ἀθηναίοις.
891 1270 1002 1337 καὶ
1052 1270 1353 1357 δράματα
1399 1268 1524 1357 μὲν
1573 1272 1948 1351 ἐπεδείξατο
1996 1270 2088 1356 ν’,
2138 1260 2233 1338 ὦν
2281 1290 2474 1337 σατυ-

178 1373 338 1461 ρικὰ
389 1375 520 1461 λβ’,
568 1379 832 1462 ἐνίκησε
879 1376 953 1443 δὲ
999 1375 1188 1458 ἅπαξ.
2506 1391 2557 1429 1⁰

359 1482 707 1551 DCLXIX.
806 1488 1156 1569 Πρίσκος
1220 1486 1521 1569 Πανίτης
1592 1486 1940 1571 σοφιστής,
2017 1482 2309 1571 γεγονώς
2372 1485 2477 1553 ἐπὶ

175 1592 314 1657 τῶν
358 1589 625 1678 χρόνων
659 1593 1034 1659 Θεοδοσίου
1070 1592 1193 1658 τοῦ
1232 1594 1492 1677 μικροῦ.
1567 1595 1855 1676 ἔγραψεν
1895 1594 2198 1675 ῖστορίαν
2226 1598 2476 1673 Βυζαν-

51 1748 62 1758 .
175 1697 419 1785 τιακὴν
463 1700 574 1766 καὶ
611 1698 692 1765 τὰ
739 1696 900 1766 κατ’“
929 1694 1226 1766 ’Λττίλαν
1274 1700 1348 1765 ἐν
1395 1702 1684 1784 βιβλίοις
1728 1696 1822 1785 η’,
1869 1699 2137 1784 μελέτας
2181 1724 2249 1765 τε
2288 1700 2479 1786 ῥητο-

182 1802 380 1889 ρικὰς
422 1806 534 1872 καὶ
579 1803 944 1884 ἐπιστολάς.

365 1913 674 1980 DOLXX.
758 1913 1299 1999 Προαιρέσιος
1353 1918 1787 1998 Παγκρατίου
1840 1912 2296 2000 Καππαδόκης
2348 1909 2477 1981 άπὸ
2510 1922 2560 1964 ¹⁵

184 2021 630 2104 Καισαρείας,
687 2018 1038 2105 σοφιστής,
1085 2018 1512 2105 μαθητεύσας
1558 2021 1633 2087 ἐν
1673 2018 2038 2110 Ἀντιοχείᾳ
2083 2018 2261 2107 παρὰ
2311 2018 2484 2088 Οὐλ-

179 2128 423 2215 πιανῷ.
514 2126 746 2211 γε’γονε
813 2126 888 2192 δὲ
949 2124 1243 2212 [μικρὸν]
1307 2124 1434 2213 πρὸ
1497 2131 1833 2211 Λιβανίου
1892 2125 2054 2195 κατὰ
2116 2125 2232 2208 τὰς
2288 2124 2481 2213 Ἀθή·

181 2260 306 2313 νας
366 2233 818 2320 σοφιστεύων,
877 2234 989 2300 καὶ
1045 2237 1254 2320 τιμῶν
1322 2238 1506 2319 ἔτυχε
1558 2236 1694 2299 τῶν
1742 2238 2070 2318 μεγίστων
2126 2232 2304 2320 παρὰ
2363 2237 2485 2301 τοῦ

185 2338 684 2427 αὐτοκράτορος
729 2346 1272 2409 Κωνσταντίνου.
1345 2340 1616 2427 μελέτας
1661 2338 2029 2425 ῥητορικάς.
2102 2330 2327 2423 [οὗτος
2372 2337 2483 2425 ἤκ-

183 2468 399 2534 μασεν
432 2449 534 2515 ἐπὶ
557 2447 953 2534 Ἰουλιανοῦ,
994 2446 1364 2535 σύγχρονος
1384 2452 1687 2537 Λιβανίῳ
1716 2452 1806 2539 τῷ
1839 2450 2146 2536 σοφιστῇ,
2176 2448 2285 2515 καὶ
2309 2444 2485 2526 ὅπως
2512 2458 2565 2496 2⁰

183 2560 436 2641 λυποίη
471 2558 713 2623 τοῦτον
753 2551 788 2622 ὁ
824 2553 1210 2640 Ἰουλιανός,
1247 2552 1366 2621 τὸν
1398 2552 1729 2639 Λιβάνιον
1772 2554 2071 2639 μεγάλως
2109 2554 2483 2640 ἐθαύμαζε]

367 2654 716 2729 DOLXXI.
772 2660 1181 2748 Πρόδικος
1218 2666 1419 2739 Κεῖος
1455 2658 1583 2727 άπὸ
1613 2662 1767 2728 Κέω
1804 2665 1922 2747 τῆς
1958 2659 2197 2747 νήσου,
2233 2660 2487 2739 πόλεως

191 2770 264 2837 δὲ
327 2768 684 2855 Ἰουλίδος,
748 2769 1122 2855 φιλόσοφος
1184 2765 1466 2854 φυσικὸς
1528 2768 1639 2834 καὶ
1704 2768 2054 2855 σοφιστής,
2120 2766 2489 2856 σύγχρονος

193 2900 237 2907 -

340 2966 368 3011 1
411 2954 669 3027 τολμήσει
707 2958 858 3012 Eud.
898 2952 1158 3026 τολμήσοι
1193 2958 1336 3024 vuly.
1501 2961 1532 3007 2
1573 2950 1753 3026 ὥρους
1790 2974 1927 3012 corr.
1966 2957 2299 3027 Bernhardy
2337 2949 2489 3025 ὅροις

200 3038 336 3094 libri
483 3045 514 3092 3
553 3035 704 3091 πάνυ
741 3036 1086 3106 θαυμαστῶς
1125 3034 1250 3089 add.
1280 3035 1431 3089 Eud.

335 3118 664 3173 DCLXVIII
709 3116 975 3172 Tractant
1001 3113 1280 3182 Welcker‚
1303 3114 1395 3171 Gr.
1418 3114 1582 3185 Trag.
1604 3135 1657 3185 p.
1684 3123 1766 3183 17,
1794 3116 2009 3183 Nauck,
2039 3117 2104 3173 fr.
2126 3119 2269 3187 trag.
2292 3136 2348 3186 p.
2370 3122 2489 3172 562.

196 3200 278 3253 cf.
301 3199 532 3255 Clinton
550 3216 604 3267 p.
628 3204 696 3251 23
715 3197 810 3251 Kr.
910 3202 941 3249 5
972 3215 1029 3249 τε
1064 3227 1126 3235 -
1158 3199 1314 3263 Χοιρ.
1347 3213 1451 3250 om.
1483 3200 1529 3247 A
1648 3203 1679 3250 6
1717 3197 1802 3250 De
1834 3200 2091 3266 sequenti
2118 3196 2313 3269 fabula
2341 3196 2408 3251 cf.
2439 3214 2489 3250 v.

195 3276 468 3350 Αἰσχύλος
497 3282 555 3331 et
575 3278 774 3331 Suidas
802 3296 844 3332 ε.
867 3275 1018 3343 ἰκρία
1154 3280 1185 3327 9
1221 3270 1479 3343 Ἀθήναις
1506 3276 1597 3331 vel
1624 3272 1884 3348 Ἀθήνησι
1905 3297 1971 3333 ex
2002 3276 2330 3348 compendio
2360 3278 2419 3331 in
2449 3280 2494 3327 A

195 3358 494 3430 proposuit
513 3358 780 3425 Gaisford
927 3362 990 3408 10
1020 3350 1071 3407 λ’
1094 3359 1156 3421 V,
1186 3370 1296 3423 qua
1333 3357 1401 3409 de
1440 3373 1498 3410 re
1543 3356 1611 3412 cf.
1643 3357 1923 3432 Welcker,
1964 3359 2271 3428 Satyrspiel
2305 3377 2357 3427 p.
2388 3362 2493 3410 280

348 3438 621 3494 DCLXIX
656 3439 806 3492 Eud.
846 3456 899 3507 p.
936 3442 1055 3491 593.
1126 3434 1206 3488 Cf.
1246 3435 1449 3489 Mfiller
1476 3435 1553 3490 IV
1591 3456 1641 3505 p.
1675 3443 1740 3491 69
1772 3456 1885 3507 seq.
2002 3445 2064 3491 12
2105 3434 2493 3505 Βυζαντιακήν

203 3524 411 3572 ABVE
451 3514 800 3585 Βυζαντικήν
837 3519 982 3586 ναῖς.
1011 3517 1163 3570 Eud.
1305 3522 1369 3569 13
1409 3515 1505 3569 καὶ
1543 3515 1611 3569 τὰ
1651 3521 1752 3570 AV
1791 3522 2103 3572 correxerat
2138 3518 2388 3573 Valesius
2424 3514 2493 3570 τὰ
2552 3527 2556 3532 ’

204 3617 312 3654 om.
345 3600 490 3668 ναῖς.
521 3598 672 3652 Eud.
742 3593 980 3651 Ἀττίλαν
1009 3595 1253 3651 correxit
1279 3596 1587 3663 Reinesius,
1620 3593 1871 3666 Ἀττήλαν
1901 3599 1992 3652 vel
2016 3592 2235 3665 Ἀττήλα
2263 3598 2496 3667 Bentley

200 3675 456 3748 Ἀττήλαν
486 3678 660 3733 etiam
687 3679 960 3732 Kasterus
993 3672 1246 3730 Ἄτταλον
1283 3678 1426 3745 ταῖς.
1458 3678 1609 3730 Eud.
1681 3678 1805 3730 Non
1846 3677 1955 3731 duo
2006 3693 2175 3747 opera
2211 3677 2496 3742 historica,

207 3760 306 3812 sed
343 3776 514 3813 unum
549 3757 810 3827 idemque
840 3756 1076 3811 indicari
1103 3759 1253 3811 recte
1282 3756 1483 3811 statuit
1508 3758 1777 3827 Niebuhr,
1805 3758 1979 3829 praef.
2018 3777 2071 3827 p.
2101 3757 2335 3811 XXVIII
2373 3759 2496 3825 (nec

210 3838 490 3893 diversum
530 3838 601 3891 ab
639 3838 890 3893 eiusdem
933 3837 1075 3891 libro
1114 3834 1329 3903 ἱστορία
1371 3834 1646 3906 Γοτθική)

351 3917 597 3971 DCLXX
633 3918 786 3972 Eud.
824 3917 876 3993 l..
901 3933 946 3970 c.
1013 3916 1094 3969 Cf.
1133 3916 1346 3985 Eunap.
1387 3919 1408 3970 I
1447 3936 1500 3986 p.
1535 3925 1600 3971 73
1723 3924 1786 3973 137
1826 3915 2024 3989 μικρὸν
2062 3937 2170 3973 om.
2201 3922 2351 3970 ABV
2389 3917 2496 3973 del.

212 3997 481 4064 Gaisford
591 4003 658 4051 18
694 3991 848 4063 παρὰ
885 4012 992 4049 om.
1025 4000 1176 4048 AVE
1212 3996 1417 4051 iniuria
1447 3999 1553 4053 del.
1586 3999 1764 4065 Gaisf.
1878 4005 1943 4053 19
1975 3991 2140 4062 οὗτος
2169 4031 2235 4040 -
2266 3999 2397 4053 exit.
2427 3998 2498 4052 ab

214 4077 490 4145 Hesychio
525 4076 714 4131 aliena
751 4093 872 4131 esse
913 4080 1096 4146 patet,
1137 4095 1243 4131 om.
1273 4086 1320 4132 V
1358 4083 1416 4134 et
1443 4080 1594 4135 Eud.
1636 4071 1799 4141 οὗτος
1826 4098 1934 4137 om.
1964 4085 2034 4145 A3
2071 4096 2208 4136 voce
2248 4076 2500 4149 ἤκμασεν

216 4158 362 4211 enim
400 4160 640 4213 alterum
679 4159 882 4212 aetatis
919 4159 1221 4213 terminum
1257 4161 1378 4215 dari
1415 4178 1480 4214 ac
1517 4160 1702 4214 verbis
1731 4156 1930 4226 γέγονε
1969 4157 2075 4228 πρὸ
2118 4204 2129 4216 .
2162 4202 2175 4214 .
2207 4204 2218 4216 .
2250 4163 2500 4229 apparet,

217 4240 361 4305 quod
397 4240 470 4293 ab
501 4238 767 4307 Hesychii
805 4240 1204 4294 consuetudine
1245 4240 1456 4295 recedit
1592 4245 1658 4291 20
1689 4254 1800 4305 seq.
1840 4238 1979 4293 haec
2009 4255 2174 4294 sensu
2203 4258 2391 4296 carere
2420 4240 2501 4295 vi·

217 4320 414 4373 dentur
558 4326 622 4371 21
655 4322 816 4390 λείπῃ
844 4321 934 4374 vel
964 4322 1145 4373 λείποι
1175 4322 1488 4387 Reinesius,
1519 4318 1668 4387 quod
1696 4319 1896 4374 merito
1924 4321 2142 4389 respuit
2167 4323 2502 4393 Bernhardy

355 4397 633 4454 DCLXXI
668 4398 818 4452 Eud.
857 4416 912 4467 p.
955 4404 1073 4453 610.
1150 4398 1230 4456 Cf.
1269 4400 1594 4459 Philostrat.
1632 4403 1730 4458 vit.
1771 4403 1820 4471 1,
1860 4409 1925 4457 12
1976 4405 2034 4457 et
2072 4405 2245 4460 schol.
2283 4405 2502 4459 Platon.

1968 4493 2075 4551 12*
