3025 4892
554 226 686 292 230
1588 222 2015 278 HESYcflms,

552 388 663 454 καὶ
731 383 1143 473 ίεροσκόπος·
1208 383 1382 472 γυνὴ
1448 384 1523 451 δὲ
1588 375 1675 469 ἦν
1740 381 1919 473 αὐτῷ
1976 380 2429 471 Ἀρχεστράτη.
2537 383 2689 450 κατὰ
2748 382 2813 450 δὲ

552 490 708 572 τοὺς
763 492 1050 579 χρόνους
1105 493 1380 578 γέγονεν
1439 488 1476 557 ὁ
1539 488 1909 578 Φιλόχορος
1948 487 2505 578 Ἐρατοσθένους,
2565 488 2651 569 ὡς
2702 492 2812 557 ἐπι·

555 606 788 684 βαλεΐν
859 598 1192 687 πρεσβύτῃ
1266 598 1427 665 νέον
1513 595 1679 664 ὄντα
1736 594 2203 684 Ἐρατοσθένη.
2314 595 2679 683 ἐτελεύτησε
2734 596 2817 684 ’,δὲ

557 706 980 791 ἐνεδρευθεὶς
1023 702 1155 772 ὑπὸ
1194 703 1607 789 Ἀντιγόνου,
1657 701 1757 770 ὅτι
1808 702 2133 789 διεβλήθη
2179 705 2713 789 προσκεκλικέναι
2752 707 2816 791 τῇ

506 832 531 871 ⁵
558 816 985 898 Πτολεμαίου
1032 815 1355 900 βασιλείᾳ.
1449 815 1738 897 ἔγραψεν
1780 806 2087 889 Ἀτθίδος
2130 815 2359 897 βιβλία
2408 809 2491 891 ιζ’
2539 812 2819 898 (περιέχει

561 918 636 986 δὲ
698 916 816 997 τὰς
867 914 1247 1003 Ἀθηναίων
1313 916 1579 1005 πράξεις
1640 916 1751 984 καὶ
1814 922 2110 1003 βασιλεῖς
2169 917 2280 983 καὶ
2347 915 2671 1005 ἄρχοντας
2724 919 2822 996 ἕως

553 1022 897 1111 Ἀντιόχου
951 1028 1074 1092 τοῦ
1127 1028 1509 1092 τελευταίου
1564 1026 1687 1092 τοῦ
1740 1025 2406 1111 προσαγορευθέντος
2459 1028 2657 1109 θεοῦ,
2708 1029 2822 1091 ἔστι

561 1131 637 1199 δὲ
693 1128 859 1219 πρὸς
907 1129 1266 1219 Δήμωνα),
1323 1130 1470 1218 περὶ
1531 1133 1867 1217 μαντικῆς
1898 1130 1988 1216 δ’,
2046 1130 2195 1219 περὶ
2242 1132 2507 1215 θυσιῶν
2557 1130 2648 1216 α’,
2697 1130 2822 1216 περὶ

560 1241 677 1325 τῆς
740 1236 1219 1323 τετραπόλεως,
1296 1243 1684 1323 Σαλαμῖνος
1751 1240 1988 1322 κτίσις,
2056 1238 2514 1325 ἐπιγράμματα
2579 1236 2823 1319 Ἀττικά,

482 1367 534 1405 1⁰
562 1346 713 1432 περὶ
758 1347 892 1411 τῶν
935 1341 1303 1430 Ἀθήνησιν
1351 1340 1640 1429 ἀγώνων
1683 1348 1909 1430 βιβλία
1958 1343 2063 1430 ιζ’,
2113 1344 2264 1432 περὶ
2310 1348 2445 1413 τῶν
2486 1342 2825 1431 Ἀθήνησιν

564 1448 914 1537 ἀρξάντων
969 1447 1098 1518 άπὸ
1146 1454 1589 1539 Σωκρατίδου
1634 1450 1744 1517 καὶ
1800 1452 1990 1538 μέχρι
2040 1448 2577 1538 Ἀπολλοδώρου,
2630 1448 2825 1536 Ὀλυμ·

563 1556 806 1636 πιάδας
852 1560 925 1625 ἐν
971 1562 1258 1643 βιβλίοις
1300 1556 1396 1647 β’,
1443 1554 1608 1645 πρὸς
1652 1555 1777 1643 τῆν
1826 1556 2160 1643 Δήμωνος
2192 1554 2497 1644 Ἀτθίδα,
2540 1556 2826 1644 ἐπιτομὴν

564 1667 682 1750 τῆς
746 1666 922 1742 ίδίας
979 1659 1314 1747 Ἀτθίδος,
1384 1660 1704 1749 ἐπιτομὴν
1768 1666 1885 1749 τῆς
1950 1668 2328 1733 Διονυσίου
2390 1670 2825 1752 πραγματείας,

565 1770 715 1857 περὶ
781 1773 1013 1858 ἱερῶν,
1079 1771 1227 1857 περὶ
1291 1773 1428 1838 τῶν
1484 1770 1919 1856 Σοφοκλέους
1980 1769 2225 1857 μύθων
2280 1776 2509 1858 βιβλία
2565 1771 2644 1857 ε’,
2704 1770 2826 1857 περὶ

487 1897 536 1937 1⁵
564 1873 973 1962 Εὐριπίδου,
1039 1877 1188 1965 περὶ
1239 1874 1629 1963 Ἀλκμᾶνος,
1684 1876 1834 1964 περὶ
1888 1882 2275 1963 μυστηρίων
2328 1882 2479 1946 τῶν·
2516 1876 2830 1965 Ἀθήνησι,

566 1982 968 2069 συναγωγὴν
1025 1980 1338 2070 ἡρωίδων
1384 1982 1533 2069 ἤτοι
1580 1988 2076 2071 Πυθαγορείων
2124 1988 2493 2071 γυναικῶν,
2554 1979 2829 2071 Δηλιακὰ

564 2093 794 2175 βιβλία
841 2088 935 2175 β’,
979 2089 1129 2180 περὶ
1177 2088 1601 2178 εὑρημάτων,
1646 2090 1797 2175 περὶ
1843 2094 2238 2180 καθαρμῶν,
2282 2092 2433 2179 περὶ
2480 2090 2833 2179 συμβόλων.

744 2214 1196 2282 DCCCXLIX.
1285 2214 1713 2293 Φιλύλλιος
1763 2211 2146 2300 Ἀθηναῖος,
2211 2215 2499 2303 κωμικὸς
2560 2220 2674 2303 τῆς
2730 2237 2826 2282 πα-

568 2323 760 2399 λαιᾶς
805 2324 1170 2412 κωμωδίας.
1249 2324 1384 2387 τῶν
1432 2319 1792 2407 δραμάτων
1840 2317 2051 2389 αὐτοῦ
2099 2323 2279 2389 ἐστιν
2328 2322 2595 2409 Αἰγεύς,
2642 2320 2833 2408 Αὔγη,

492 2427 819 2497 20’Ἀντεια
879 2429 1170 2517 (ἑταίρας
1217 2425 1496 2515 ὄνομα),
1558 2426 1952 2514 Δωδεκάτη,
1998 2424 2355 2516 Ἡρακλῆς,
2411 2429 2752 2517 Πλύντρια
2800 2424 2835 2513 ἢ

571 2535 958 2620 Ναυσικάα,
1010 2535 1377 2621 Πόλ<ε>ις,
1429 2532 1860 2621 Φρεωρύχος,
1902 2532 2291 2623 Ἀταλάντη,
2328 2533 2582 2624 Ἑλένη.

746 2651 1042 2719 DCCCL.
1121 2655 1389 2717 Φίλων
1436 2649 1729 2735 Βύβλιος
1781 2650 2247 2736 γραμματικός.
2340 2642 2536 2731 οὗτος
2586 2652 2837 2738 γέγονεν

571 2919 641 2955 an
679 2897 876 2969 μάντις
921 2899 1017 2953 καὶ
1055 2893 1366 2967 ἱστορικόςῗ
1443 2896 1524 2952 Cf.
1572 2915 1623 2952 v.
1668 2890 1869 2950 Ἄπολλ.
1913 2892 2057 2967 Ἇφρ.
2106 2894 2399 2969 ἀρχιερεύς
2446 2899 2546 2955 καὶ
2585 2895 2837 2968 ἱστορικός

571 2988 603 3035 3
629 2978 1012 3050 Ἐρατοσθένη
1042 2996 1180 3033 eorr.
1212 2980 1454 3043 Siebelis,
1479 2974 1882 3046 Ἐρατοσθένει
1910 2982 2053 3049 vuly.
2164 2987 2200 3034 4
2221 2976 2499 3051 Ἀντιόχου
2529 2984 2629 3050 (sc.
2647 2980 2838 3051 Magni)

569 3078 864 3130 perperam
901 3060 1040 3116 coni.
1071 3059 1360 3114 Reme-eius
1399 3060 1456 3113 et
1490 3057 1715 3112 Vossius
1858 3066 1890 3113 6
1927 3056 2058 3122 τοὺς
2094 3061 2226 3116 ante
2266 3063 2388 3134 βασ.
2427 3062 2555 3116 add.
2594 3062 2757 3115 Daub
2854 3110 2859 3114 .

572 3147 603 3195 9
643 3159 716 3195 an
752 3143 968 3195 κτίσινῖ
1074 3140 1204 3208 post
1242 3134 1419 3207 ἐπιγρ.
1459 3136 1720 3191 disfiinxit
1749 3142 1795 3189 A
1830 3138 2022 3208 itaque
2058 3134 2267 3195 Ἀττικά
2303 3140 2541 3196 fortasse
2580 3160 2615 3196 a
2650 3142 2840 3195 leessore

571 3220 702 3273 add.
731 3221 897 3287 putat
920 3220 1091 3274 Daub
1203 3224 1264 3272 11
1307 3219 1386 3272 Of.
1418 3216 1641 3271 Clinton
1671 3236 1725 3287 p.
1760 3224 1861 3272 118
1890 3222 1947 3273 eia
1977 3226 2076 3275 176
2106 3219 2201 3276 ΚΥ.
2232 3220 2327 3289 (01.
2367 3227 2488 3289 101,
2516 3228 2548 3275 3
2572 3253 2637 3261 --
2664 3226 2775 3288 115,
2793 3222 2841 3286 2)

573 3297 668 3352 καὶ
707 3314 855 3367 susp.
929 3296 1008 3351 Cf.
1047 3315 1098 3353 V.
1139 3293 1396 3365 Μάλχος;
1443 3295 1575 3364 περὶ
1615 3328 1679 3335 -
1719 3293 2012 3365 ἀρξάντων
2053 3331 2121 3341 -
2154 3297 2562 3370 Ἀπολλοδώρου
2611 3296 2735 3355 κατ’
2772 3296 2837 3353 όλ.

572 3377 742 3431 Daub
871 3384 934 3431 12
973 3376 1114 3432 alius
1150 3377 1374 3433 videtur
1409 3376 1663 3430 Atthidis
1700 3377 1901 3433 titulus
1938 3397 2087 3446 esse,
2134 3381 2240 3435 nisi
2276 3398 2449 3450 supra
2487 3378 2603 3436 ἔστι
2640 3379 2702 3436 δὲ
2740 3382 2837 3447 seq.

574 3459 756 3511 errato
797 3459 922 3513 orta.
1051 3464 1114 3511 13
1153 3458 1221 3512 de
1263 3459 1442 3512 altera
1479 3457 1723 3527 epitome
1763 3460 1831 3513 cf.
1871 3479 1921 3515 v.
1961 3462 2196 3515 Πωλίων
2308 3463 2439 3531 poet
2475 3462 2842 3532 πραγματείας

575 3538 924 3609 interpungib
953 3533 1276 3593 Gutschmid
1315 3540 1399 3607 (ut
1436 3539 1544 3592 hoe
1574 3554 1714 3608 opus
1752 3556 1865 3593 non
1892 3540 2172 3597 diversum
2210 3542 2285 3597 sit
2321 3559 2354 3596 a
2390 3542 2535 3598 libro
2575 3542 2703 3611 περὶ
2739 3537 2841 3605 ἔορ-

574 3619 733 3688 τῶν),
773 3619 922 3673 idem
959 3617 1088 3686 περὶ
1124 3612 1349 3688 ἡμερῶν
1387 3635 1487 3687 pro
1526 3636 1583 3672 π.
1624 3615 1791 3687 ἱερῶν
1830 3621 2219 3691 corrigendum
2257 3622 2475 3678 monuit
2502 3624 2559 3676 eb
2596 3622 2721 3692 περὶ
2750 3614 2842 3673 Εὖ·

576 3702 831 3768 ριπίδονς
858 3700 1009 3755 idem
1037 3715 1158 3754 esse
1188 3700 1337 3768 quod
1365 3698 1495 3767 περὶ
1523 3700 1866 3772 τραγῳδιῶν,
1895 3703 1961 3754 ub
1986 3701 2302 3757 coniecerat
2326 3701 2530 3756 Mfiller
2547 3700 2627 3754 IV
2654 3719 2708 3770 p.
2729 3704 2841 3761 6483

576 3780 674 3835 sed
705 3781 771 3837 ef.
804 3780 966 3835 Daub
993 3799 1048 3849 p.
1079 3786 1163 3834 26.
1277 3785 1340 3833 17
1373 3778 1502 3848 περὶ
1540 3776 1831 3850 συμβόλων
1862 3796 1973 3834 non
2002 3779 2285 3835 diversum
2321 3796 2441 3835 esse
2470 3798 2505 3834 a
2540 3780 2697 3836 libris
2731 3778 2843 3847 περὶ

576 3860 846 3929 μαντικῆς
882 3861 1048 3930 putat
1083 3860 1307 3928 Mic'ller,
1344 3859 1579 3914 fortasse
1616 3875 1718 3912 nee
1754 3876 1790 3913 a,
1825 3858 1953 3926 περὶ
1990 3860 2306 3929 καθαρμῶν
2342 3860 2513 3914 Daub

720 3947 1084 4004 DCCCXLIX
1138 3944 1287 4021 Eud.
1344 3966 1398 4017 p.
1451 3953 1571 4003 725.
1666 3947 1747 4001 Cf.
1796 3966 1845 4002 v.
1897 3949 2151 4018 Διοκλῆς.
2254 3949 2486 4004 Tractat
2542 3950 2791 4005 Meineke
2821 3946 2843 3998 I

575 4047 630 4098 p.
661 4034 764 4083 258
794 4046 908 4097 seq.
1057 4034 1121 4082 18
1163 4024 1448 4089 Φιλύλλιος
1482 4033 1529 4080 Δ
1568 4024 1855 4091 Φιλλύλιος
1890 4032 2033 4099 vuly.
2063 4030 2215 4085 Eud.
2361 4036 2430 4084 20
2468 4027 2724 4099 Πλάτρια
2757 4037 2796 4083 Δ

578 4116 644 4164 21
687 4106 894 4174 Πόλεις
929 4127 1067 4165 corr.
1098 4111 1372 4165 Kusterus
1407 4111 1467 4163 et
1493 4109 1683 4163 Kichn.
1724 4110 1793 4164 ad
1826 4110 2037 4166 Pollue.
2067 4111 2134 4180 X,
2166 4116 2250 4180 58,
2287 4112 2561 4181 probante
2589 4112 2846 4168 Memekio

578 4188 753 4254 Πόλις
787 4194 932 4261 ταῖς.
2690 4250 2695 4255 ,

720 4277 952 4334 DCCCL
1001 4280 1152 4334 Eud.
1191 4297 1245 4349 p.
1287 4283 1405 4335 718.
1483 4280 1563 4335 cf.
1603 4299 1655 4336 v.
1694 4280 1922 4343 Παῦλος
1964 4278 2183 4350 Τύριος.
2251 4281 2521 4335 Tracbant
2555 4280 2759 4337 Mfiller
2783 4279 2846 4333 III

578 4374 635 4425 p.
665 4362 796 4426 560,
833 4358 1047 4426 Rohde,
1083 4359 1223 4414 Mus,
1255 4358 1430 4416 Rhen.
1462 4359 1694 4417 XXXIII
1719 4377 1773 4430 p.
1808 4365 1909 4415 175
1938 4376 2052 4432 seq.
2196 4366 2266 4415 22
2304 4362 2515 4433 βίβλιος
2550 4365 2649 4417 Av
