3025 4892
1157 215 1590 280 HESYCHIUS.
2422 216 2511 289 33

189 382 346 452 ἐστι
373 388 729 470 Βιθυνίας,
759 379 800 471 ἡ
830 387 962 453 νῦν
984 381 1303 472 Ἀπάμεια
1337 383 1772 474 καλουμένη),
1800 384 1875 454 τὸ
1914 382 1989 452 δὲ
2016 383 2289 454 ἄνωθεν
2318 386 2513 472 γένος

189 482 292 576 ἦν
345 493 664 577 Νικαεύς,
727 493 1203 579 γραμματικός,
1249 489 1555 578 μαθητὴς
1594 489 2066 560 Ἀπολλωνίου.
2156 487 2411 578 γέγονε
2436 492 2511 560 δὲ

189 597 312 664 ἐπὶ
374 602 495 667 τοῦ
535 595 850 667 Ἀττάλου
901 597 1012 666 καὶ
1059 595 1412 686 Εὐμενοῦς
1463 601 1601 666 τῶν
1658 599 1731 666 ἐν
1776 599 2112 688 Περγάμῳ
2163 599 2512 684 βασιλέων.

191 708 462 790 ἔγραψε
505 706 904 791 φιλοσόφων
950 709 1232 792 βιβλίων
1279 703 1707 792 διορθωτικά.

391 812 738 879 ἐπαίδευσε
786 810 862 880 δὲ
904 811 1016 879 καὶ
1063 816 1158 890 εἰς
1192 807 1454 898 Ῥώμην
1491 812 1598 879 ἐπὶ
1634 817 2001 899 Πομπηίου
2034 816 2157 880 τοῦ
2195 811 2511 899 μεγάλου,
2539 833 2567 874 ⁶

201 917 330 984 καὶ
391 918 464 986 ἐν
503 914 964 1008 Ἀλεξανδρείᾳ
1017 917 1122 987 ἐπὶ
1179 920 1300 985 τοῦ
1357 916 1426 984 δ’
1473 923 1901 1006 Πτολεμαίου
1954 918 2107 998 νέος
2157 919 2513 1007 διέτριψεν.

199 1029 464 1114 ἔγραψε
508 1024 740 1094 πολλά.

394 1131 692 1200 CXXVb.
742 1128 1131 1200 Ἀσπασία.
1180 1129 1348 1220 αὕτη
1377 1129 1703 1220 Ἀξιόχου,
1740 1136 2067 1218 Μιλησία,
2098 1130 2271 1219 γυνὴ
2310 1139 2513 1220 Περι-

193 1239 467 1323 κλέους,
511 1237 690 1326 παρὰ
729 1237 1074 1328 Σωκράτει
1111 1245 1717 1325 πεφιλοσοφηκυῖα,
1762 1235 1855 1318 ὥς
1901 1238 2256 1326 Διόδωρος
2302 1240 2377 1306 ἐν
2421 1240 2513 1328 τῷ

195 1345 366 1431 περὶ
408 1345 722 1432 Μιλήτου
775 1343 1246 1434 συγγράμματί
1295 1363 1522 1430 φησιν.
1616 1345 1983 1432 ἐπεγήματο
2041 1343 2116 1413 δὲ
2170 1345 2331 1432 μετὰ
2384 1343 2509 1414 τὸν
2542 1367 2594 1406 10

197 1454 623 1538 Περικλέους
683 1451 990 1520 θάνατον
1058 1457 1380 1520 Λυσικλεῖ
1436 1455 1528 1542 τῷ
1592 1451 2195 1544 προβατοκαπήλφ,
2267 1453 2381 1521 καὶ
2446 1454 2513 1534 ἐξ

201 1557 426 1628 αὐτοῦ
465 1564 655 1647 ἔσχεν
693 1557 848 1626 υίὸν
887 1556 1165 1644 ὀνόματι
1193 1556 1565 1644 Ποριστήν,
1600 1557 1711 1626 καὶ
1750 1557 1869 1626 τὸν
1900 1559 2237 1628 Λυσικλέα
2264 1557 2515 1646 ῥήτορα

208 1665 612 1735 δεινότατον
654 1663 1202 1750 κατεσκευάσατο,
1243 1664 1550 1752 καθάπερ
1589 1665 1699 1733 καὶ
1736 1666 2069 1753 Περικλέα
2106 1669 2513 1753 δημηγορεῖν

161 1801 170 1808 ·
203 1772 735 1859 παρεσκεύασεν,
773 1770 864 1852 ὦς
901 1777 1230 1860 Αἰσχίνης
1267 1769 1304 1839 ὁ
1346 1770 1773 1856 Σωκρατικὸς
1809 1772 1883 1840 έν
1924 1771 2214 1863 διαλόγῳ
2252 1777 2515 1862 Καλλίᾳ

197 1881 321 1948 καὶ
368 1878 664 1948 Πλάτων
709 1876 957 1966 ὁμοίως
1002 1878 1355 1965 Πεδήταις.
1429 1885 1767 1967 Κρατῖνος
1806 1878 1881 1947 δὲ
1916 1878 2257 1966 τύραννον
2295 1875 2511 1965 αὐτὴν
2541 1899 2593 1940 1⁵

199 1993 403 2053 καλεῖ
442 1989 797 2073 Χείρωσιν,
850 1983 1193 2072 Ὀμφάλην
1253 1983 1549 2064 Εὔπολις
1600 1990 1847 2064 Φίλοις.
1923 1986 1998 2053 έν
2044 1984 2119 2052 δὲ
2158 1991 2516 2070 Προσπαλ-

201 2099 380 2171 τίοις
411 2090 692 2179 Ἑλένην
749 2090 962 2178 αὐτὴν
1025 2099 1241 2160 καλεῖ·
1298 2088 1334 2159 ὁ
1385 2091 1461 2160 δὲ
1505 2097 1846 2176 Κρατῖνος
1903 2091 2014 2159 καὶ
2052 2089 2301 2179 ’”Ἠραν,
2357 2099 2518 2171 ἴσως

205 2197 318 2267 ὅτι
364 2199 474 2266 καὶ
509 2203 846 2287 Περικλῆς
874 2196 1225 2286 Ὀλύμπιος
1269 2197 1827 2289 προσηγορεύετο.
1905 2203 2053 2286 ἔσχε
2097 2199 2174 2268 δὲ
2210 2201 2277 2280 ἐξ
2314 2197 2561 2287 αὐτῆς,

205 2305 246 2373 ὁ
305 2311 640 2393 Περικλῆς
698 2305 920 2374 νόθον
973 2305 1164 2389 υἱόν,
1221 2302 1328 2392 ἐφ’
1395 2297 1446 2398 ᾦ
1507 2307 1619 2372 καὶ
1675 2303 1975 2373 ἐτελεύτα
2033 2309 2171 2374 τῶν
2217 2311 2517 2392 γνησίων

205 2413 862 2503 προαποθανόντων,
909 2410 999 2492 ὡς
1043 2412 1340 2494 Εὔπολις
1382 2411 1663 2500 Δήμοις.
2544 2435 2597 2474 ²⁰

389 2523 680 2590 CXXVI.
727 2517 1142 2602 Ἀσπάσιος
1178 2521 1470 2606 Βύβλιος
1505 2520 1861 2608 σοφιστής,
1905 2522 2302 2606 συγχρονῶν
2344 2517 2515 2607 Ἀρι-

205 2631 439 2718 στείδῃ
475 2628 589 2696 καὶ
621 2626 966 2719 Ἀδριανῷ.
1013 2633 1260 2717 ἔγραψε
1285 2629 1438 2714 περὶ
1465 2627 1765 2714 Βύβλου,
1802 2627 1953 2712 περὶ
1990 2625 2289 2695 στάσεων
2328 2628 2513 2713 ἐσχη-

205 2739 669 2822 ματισμένων,
716 2734 1007 2822 μελέτας,
1052 2736 1308 2823 τέχνας,
1351 2733 1833 2824 ὑπομνήματα,
1879 2719 2139 2820 λαλιάς,
2186 2731 2515 2820 ἐγκώμιον

205 2847 308 2922 εἰς
350 2839 707 2929 Ἀδριανὸν
751 2840 874 2910 τὸν
912 2844 1188 2928 βασιλέα
1233 2843 1345 2910 καὶ
1391 2846 1486 2921 είς
1531 2841 1777 2935 ἄλλους
1811 2840 2019 2921 τινάς.

392 2949 716 3016 CXXVII.
781 2945 1196 3028 Ἀσπάσιος
1242 2952 1726 3036 Δημητριανοῦ
1770 2951 1892 3017 τοῦ
1938 2951 2237 3034 κριτικοῦ
2277 2945 2507 3033 (vebs)
2540 2969 2591 3008 25

212 3055 331 3123 καὶ
378 3055 700 3143 μαθητής,
740 3048 1166 3141 Ῥαβενναῖος
1208 3053 1559 3141 σοφιστής,
1606 3054 1900 3143 γεγονὼς
1938 3054 2043 3123 ἐπὶ
2073 3051 2519 3141 Ἀλεξάνδρου

208 3166 342 3231 τοῦ
373 3168 711 3250 Μαμαίας.
781 3159 949 3251 πρὸς
994 3160 1150 3242 τοὺς
1196 3161 1721 3250 φιλολοιδόρους
1764 3163 1873 3231 καὶ
1922 3161 2089 3246 πρὸς
2128 3159 2517 3248 Ἀρίστωνα,

205 3269 458 3355 λόγους
496 3268 885 3356 διαφόρους.
939 3265 1318 3356 ἠκροάσατο
1358 3268 1434 3336 δὲ
1471 3275 1873 3338 Παυσανίου
1907 3269 2019 3338 καὶ
2039 3265 2516 3356 Ἱπποδρόμου,

208 3377 326 3444 καὶ
375 3379 843 3463 ε’σοφίστευσεν
891 3377 964 3444 ἐν
1001 3373 1240 3464 Ῥώμῃ,
1288 3375 1659 3464 διαπρέψας
1696 3377 1888 3466 μέχρι
1932 3380 2203 3444 πολλοῦ.

215 3574 394 3642 μαίου
433 3575 492 3642 (†
531 3575 656 3643 20⁴)
692 3571 823 3635 νέος
861 3574 1178 3641 διατρίψας.
1247 3569 1460 3642 ἔγραψε
1501 3570 1831 3642 φιλοσόφων
1879 3573 2107 3645 βιβλίων
2154 3564 2517 3638 διορθωτικά.

219 3661 252 3708 1
283 3656 580 3716 Βυθυνίας
600 3658 646 3706 Δ
744 3651 908 3722 γένος
937 3668 1044 3706 om.
1066 3657 1110 3704 V
1209 3657 1242 3706 3
1274 3649 1373 3706 ἐπί
1394 3671 1452 3706 τε
1476 3653 1800 3708 Gutschmid
1906 3659 1937 3707 6
1967 3648 2019 3719 η’
2040 3652 2130 3706 vel
2148 3647 2209 3704 θ’
2230 3650 2521 3704 Reinesius
2598 3659 2601 3664 “

362 3731 600 3788 (lx-xvh
643 3735 824 3788 flotam
870 3733 1048 3788 vitam
1093 3734 1300 3788 inserui
1344 3751 1412 3788 ex
1457 3733 1629 3788 schol.
1678 3733 1894 3788 Platon.
1942 3731 2020 3786 IV
2073 3750 2129 3802 p.
2169 3737 2272 3785 329
2311 3730 2519 3798 Herm„

214 3831 561 3887 quamquam
595 3813 768 3868 talem
808 3815 881 3868 ab
917 3813 1196 3882 Hesychio
1234 3828 1345 3867 non
1382 3814 1694 3882 profectam
1732 3829 1852 3868 esse
1889 3813 2059 3882 patet.
2110 3811 2189 3866 Cf.
2221 3809 2517 3876 Mebtauer‚

215 3898 289 3952 de
337 3897 477 3951 font.
522 3913 576 3964 p.
616 3900 700 3950 60.
775 3892 1052 3948 Videntur
1097 3892 1268 3948 verba.
1320 3887 1465 3962 αὕτη
1517 3925 1580 3933 -
1630 3889 1942 3963 Ποριστήν,
1990 3889 2115 3961 ἔσχε
2164 3888 2227 3944 δὲ
2271 3921 2341 3931 --
2387 3889 2519 3944 exit..

215 3975 488 4045 Hesychii
525 3991 657 4030 esse.
733 3973 1039 4042 Descripsit
1076 3973 1274 4029 Suidas
1311 3974 1608 4028 articulum
1646 3974 1976 4042 Harpocrat.
2015 3991 2065 4026 v.
2100 3967 2360 4025 Ἀσπασία

365 4054 588 4110 CXXVI
623 4055 774 4111 Eud.
813 4074 868 4123 p.
912 4059 1027 4109 114.
1103 4053 1183 4108 Cf.
1220 4053 1424 4109 Mffller
1461 4052 1538 4107 ΙΙΙ
1574 4071 1629 4121 p.
1666 4058 1799 4122 576,
1848 4052 1947 4121 qui
1984 4050 2247 4120 Byblium
2284 4067 2395 4105 non
2431 4050 2518 4105 di-

218 4155 448 4192 versum
485 4153 519 4189 a.
556 4134 724 4204 Tyrio
761 4137 930 4204 putat
1069 4141 1134 4188 21
1178 4131 1483 4204 σύγχρονος
1516 4129 1614 4202 Ἄρ.
1654 4133 1806 4188 Eud.

217 4243 230 4250 ·
365 4214 620 4272 CXXVII
657 4215 808 4270 Eud.
847 4233 899 4284 p.
944 4220 1044 4269 113
1190 4222 1258 4269 25
1295 4217 1425 4285 post
1461 4214 1715 4282 κριτικοῦ
1754 4212 1881 4266 add.
1918 4212 2069 4266 Eud.
2109 4210 2516 4280 μαθηματικοῦ

215 4297 319 4352 καὶ
357 4288 422 4351 εὖ
459 4290 866 4366 γιγνώσκοντος
901 4291 1034 4357 τοὺς
1071 4291 1400 4365 ῥητορικοὺς
1435 4295 1549 4347 τῶν
1586 4289 1792 4362 λόγων,
1830 4289 1956 4354 vlle
1992 4293 2090 4346 καὶ
2128 4296 2267 4362 μαθ.
2300 4283 2399 4360 (εὖ
2437 4311 2518 4361 γι·

215 4374 539 4439 νῶσκοντας
575 4371 706 4439 τοὺς
741 4370 1027 4443 κριτικοὺς
1067 4376 1182 4430 τῶν
1217 4372 1398 4445 λόγων
1444 4376 1621 4430 habet
1654 4373 1976 4429 Philostrat.
2015 4371 2129 4429 Vit.
2168 4374 2246 4443 11,
2282 4375 2375 4441 32)
2423 4372 2521 4426 καὶ

329 4478 633 4528 Ennomus,
662 4476 732 4518 ed.
759 4476 920 4518 Phoh.
2060 4477 2093 4526 3
