3025 4892
1104 208 1534 267 HESYCHI‘US.
2226 160 2235 169 ο
2374 212 2455 276 81

191 365 350 435 εἶναι
383 370 494 454 τῆς
524 371 957 457 διαλεκτικῆς,
997 365 1086 450 ὥς
1111 366 1555 457 Ἐμπεδοκλέα
1580 372 1697 455 τῆς
1724 370 2093 457 ῥητορικῆς.
2146 376 2460 438 καθελεῖν

193 471 258 539 δὲ
289 473 573 562 θελήσας
611 476 926 563 Νέαρχον
959 476 1061 565 (os
1097 476 1172 545 δὲ
1208 476 1664 567 Διομέδοντα)
1700 473 1823 545 τὸν
1863 474 2085 556 Ἐλέας
2122 478 2459 563 τύραννον

193 578 362 666 ἑάλω,
396 581 506 649 καὶ
543 580 968 672 ἐρωτώμενος
1008 579 1123 651 ὑπ’
1167 580 1377 653 αὐτοῦ
1414 581 1539 669 τὴν
1572 586 1873 671 γλῶτταν
1909 580 2121 653 αὑτοῦ
2156 584 2459 653 ἐνδακὼν

191 688 285 754 καὶ
327 685 672 777 ἀποτεμὼν
718 690 1131 777 προσέπτυσε
1176 694 1267 784 τῷ
1313 689 1649 783 τυράννῳ,
1696 690 1808 759 καὶ
1848 692 1923 760 ἐν
1963 688 2144 782 ὅλμῳ
2184 691 2461 777 βληθεὶς

191 800 522 883 συνετρίβη
567 795 1028 884 πτισσόμενος.
1104 798 1406 886 διαφέρει
1459 797 1535 866 δὲ
1569 794 1876 883 Ἐλεάτης
1918 798 2030 865 καὶ
2072 794 2411 885 Ἐλαΐτης.]
2487 816 2512 855 ⁵

344 902 620 971 OCOVI.
692 902 976 991 Ζήνων
1022 908 1386 974 Μουσαίου
1424 903 1789 990 Σιδώνιος,
1834 903 2212 991 φιλόσοφος
2245 912 2459 973 Στωι-

187 1008 304 1094 κός,
346 1007 655 1098 μαθητὴς
699 1008 1064 1099 Διοδώρου
1108 1013 1230 1079 τοῦ
1275 1010 1647 1099 κληθέντος
1690 1009 2005 1099 Κρόνου,
2059 1010 2461 1093 διδάσκαλος

187 1114 251 1182 δὲ
303 1116 411 1183 καὶ
477 1114 680 1199 αὐτὸς
743 1116 1062 1206 Ζήνωνος
1117 1122 1242 1187 τοῦ
1315 1118 1615 1201 Κιτιέως.
1722 1122 2015 1208 ἔγραψεν
2088 1116 2459 1208 ἀπολογίαν

184 1220 338 1310 ὑπὲρ
381 1224 790 1310 Σωκράτους
832 1224 946 1293 καὶ
992 1223 1402 1294 Σιδωνιακά.

342 1330 650 1400 OCCVII.
723 1330 1001 1419 Ζήνων
1057 1333 1386 1401 Μνασέου
1437 1328 1480 1420 ἢ
1540 1334 1845 1421 Δημέου,
1911 1332 2183 1415 Κιτιεύς
2236 1332 2457 1423 (πόλις
2486 1350 2538 1391 1⁰

182 1438 254 1503 δέ
287 1440 420 1505 ἐστι
458 1437 752 1527 Κύπρου
794 1439 869 1507 τὸ
907 1441 1203 1531 Κίτιον),
1249 1438 1647 1529 φιλόσοφος,
1694 1435 1768 1521 ὃς
1808 1433 1965 1528 ἦρξε
2000 1444 2119 1528 τῆς
2152 1445 2459 1528 Στωικῆς

179 1546 493 1631 αἱρέσεως.
584 1544 916 1633 ἐπεκλήθη
972 1545 1049 1614 δὲ
1107 1546 1219 1615 καὶ
1277 1549 1538 1634 πρῶτος
1595 1545 1900 1626 Στωικὸς
1947 1545 2059 1616 διὰ
2114 1545 2188 1617 τὸ
2245 1549 2321 1616 ἐν
2376 1550 2455 1635 τῇ

179 1655 328 1742 στοᾷ
370 1655 450 1740 τῇ
498 1652 572 1719 ἐν
611 1649 932 1739 Ἀθήναις
976 1651 1244 1735 διδάξαι
1289 1649 1531 1739 αὐτόν,
1592 1650 1736 1742 ἥτις
1780 1653 2011 1741 πρώην
2059 1653 2180 1742 μὲν
2228 1662 2459 1722 Πεισι-

177 1758 531 1844 ανάκτειος,
579 1757 878 1848 ὕστερον.
902 1759 979 1828 δὲ
1026 1766 1541 1849 ζωγραφηθετσα
1585 1766 1855 1847 ποικίλη
1895 1760 2165 1849 ἐκλήθη.
2238 1769 2458 1846 μαθη-

175 1863 286 1951 τὴς
327 1865 402 1934 δὲ
445 1857 537 1953 ἦν
582 1866 929 1955 Κράτητος
973 1870 1097 1935 τοῦ
1135 1871 1440 1952 κυνικοῦ,
1487 1865 1629 1937 εἶτα
1666 1868 2071 1955 Πολέμωνος
2106 1871 2230 1937 τοῦ
2261 1866 2451 1955 Ἀθη-
2487 1887 2537 1926 1⁵

173 1978 380 2041 ναίου.
475 1973 854 2061 ἐτελεύτησε
902 1974 976 2043 δὲ
1023 1977 1190 2044 ἐτῶν
1239 2002 1308 2061 q,
1354 1973 1627 2062 ἀφελὼν
1674 1974 1981 2045 ἑκάστοτε
2024 1978 2140 2062 τῆς
2176 1979 2453 2063 τροφῆς,

174 2082 291 2160 ἕως
361 2080 598 2173 ἀτονία
674 2080 1035 2169 διεφθάρη.
1148 2080 1476 2169 [ἐχρήσθη
1552 2080 1628 2150 δὲ
1702 2078 1881 2173 αὐτῷ
1959 2082 2455 2174 πυνθανομένῳ

173 2188 315 2275 περὶ
349 2194 509 2276 βίου
545 2194 1110 2277 συγχρωτίξεσθαι
1147 2202 1288 2268 τοῖς
1323 2200 1611 2277 νεκροῖς,
1663 2185 1826 2276 ὅπερ
1860 2181 1948 2277 ἦν
1981 2202 2122 2269 τοῖς
2156 2186 2459 2283 ἄρχαίοις

173 2296 282 2363 διὰ
326 2300 461 2365 τῶν
501 2301 829 2384 βιβλίων]
903 2298 1140 2378 Φοῖνιξ
1187 2292 1250 2363 δ’
1293 2293 1653 2381 ἐπεκλήθη,
1700 2293 1803 2364 ὅτι
1847 2299 2157 2375 Φοίνικες
2202 2300 2453 2363 ἔποικοι

170 2407 288 2470 τοῦ
324 2409 676 2491 πολιχνίου
713 2403 1040 2489 ἐγένοντο.
1117 2400 1406 2490 ἤκμαζεν
1445 2402 1552 2471 ἐπὶ
1584 2398 1974 2490 ’Λντιγόνου
2009 2406 2131 2471 τοῦ
2168 2406 2457 2489 Γονατᾶ,
2484 2418 2539 2459 2⁰

173 2510 275 2577 ἐπὶ
320 2514 434 2597 τῆς
479 2511 620 2599 ρκε’
667 2507 1098 2598 ὀλυμπιάδος.
1193 2509 1330 2593 [καὶ
1385 2512 1709 2597 παροιμία
1756 2508 2109 2597 εΖήνωνος
2158 2511 2458 2599 ἐγκρατέ-

169 2618 427 2703 στερος’
440 2639 455 2655 ·
521 2609 718 2698 οὗτος
761 2616 890 2707 γὰρ
936 2615 1150 2706 ἄκραν
1198 2613 1330 2704 εἶχε
1377 2620 1643 2683 δίαιταν
1688 2615 1799 2683 καὶ
1844 2614 2067 2702 λιτήν,
2130 2613 2300 2684 ὥστε
2345 2618 2454 2684 καὶ

167 2728 257 2804 εἰς
308 2727 674 2813 παροιμίαν
719 2727 1034 2814 χωρῆσαι.
1109 2725 1563 2810 εφιλοσοφίαν
1605 2720 1851 2810 καινὴν
1895 2719 2024 2811 γὰρ
2074 2714 2269 2805 οὗτος
2314 2724 2455 2811 ἐφι-

167 2830 497 2919 λοσόφει’·
545 2834 637 2925 τῷ
693 2830 822 2920 γὰρ
870 2829 1016 2900 ὄντι
1061 2828 1314 2910 πάντας
1372 2828 1811 2917 ὑπερεβάλετο
1866 2834 1957 2921 τῷ
2018 2857 2087 2899 τε
2135 2835 2298 2900 εἴδει
2344 2832 2457 2898 καὶ

167 2938 513 3027 σεμνότητι
558 2939 671 3008 καὶ
715 2937 802 3027 νὴ
848 2944 986 3007 Δία
1031 2935 1480 3025 μακαριότητι.
1572 2938 1968 3027 κατέστρεψε
2016 2936 2089 3005 δὲ
2134 2934 2255 3005 τὸν
2296 2941 2451 3023 βιόν
2479 2954 2534 2996 ²⁶

65 3080 72 3087 ·
167 3042 416 3127 ἄνοσος
459 3047 571 3114 καὶ
617 3042 811 3133 ὑγιὴς
856 3046 1278 3129 διατελέσας]

307 3243 332 3290 1
376 3232 538 3290 καθὰ
576 3233 675 3290 καὶ
707 3230 1072 3302 Ἀριστοτέλης
1109 3228 1173 3287 ἐν
1209 3231 1286 3304 τῷ
1322 3230 1581 3304 Σοφιστῇ
1626 3232 1759 3301 post
1795 3227 2094 3303 ῥητορικῆς
2130 3230 2257 3287 add.
2297 3230 2451 3285 Eud.

167 3317 358 3371 eadem
394 3318 659 3389 leguntur
695 3315 858 3385 Diog.
897 3316 998 3383 IX,
1038 3319 1098 3382 ὃς
1135 3314 1204 3369 cf.
1241 3313 1432 3379 Daub,
1471 3313 1541 3367 de
1579 3311 1725 3367 Viol.
1763 3331 1818 3382 p.
1859 3319 1892 3369 8
2050 3319 2082 3367 3
2122 3306 2298 3366 αὐτοῦ
2336 3315 2383 3362 Δ

169 3402 198 3449 5
235 3398 532 3467 συνετρίβη
570 3400 836 3448 Anvm(
873 3400 990 3452 Ala.
1030 3395 1182 3450 Eud.
1221 3394 1575 3462 συνετρίφθη
1614 3395 1781 3449 antea
1816 3392 2111 3464 legebatur
2171 3403 2178 3408 '

307 3474 518 3531 CCGVI
564 3475 718 3531 Eud.
754 3493 808 3544 p.
848 3479 970 3529 324.
1045 3472 1125 3528 Cf.
1164 3472 1368 3527 Mfiller
1402 3472 1481 3527 III
1519 3490 1573 3543 p.
1616 3478 1716 3528 174
1888 3480 1919 3529 6
1952 3468 2262 3543 Ἐρωτικὸς
2307 3472 2451 3527 coni.

171 3555 468 3625 Menayius
612 3561 644 3611 8
683 3552 747 3610 δὲ
779 3586 844 3595 —-
876 3549 1049 3617 αὐτός
1076 3572 1184 3609 om.
1213 3554 1365 3609 Eud.
1404 3552 1502 3607 καὶ
1532 3545 1708 3607 αὐτοῦ
1742 3552 2050 3609 Volkmann
2157 3550 2371 3615 Κιτέως
2406 3558 2453 3605 Δ

263 3664 270 3681 ·
305 3633 543 3689 CCGVII
581 3636 732 3690 Eud.
767 3654 823 3705 p.
853 3640 982 3704 324,
1020 3650 1164 3705 quae
1193 3651 1300 3689 om.
1331 3636 1520 3687 Μνασ.
1550 3625 1585 3700 ἢ
1616 3636 1761 3700 Δημ.
1792 3630 2114 3703 omniaque,
2152 3648 2296 3701 quae
2325 3634 2455 3702 post

165 3712 416 3779 Στωικὸς
459 3717 745 3787 leguntur,
793 3713 1024 3785 Δημέου
1069 3719 1218 3769 BVE
1264 3713 1527 3782 Δημαίου
1563 3716 1608 3764 Δ
1654 3712 1875 3783 Δημίου
1922 3713 2071 3784 ναῖς.
2243 3718 2306 3766 12
2354 3711 2453 3767 καὶ

165 3796 377 3863 πρῶτος
413 3792 669 3859 Στωικὸς
705 3812 844 3850 corr.
879 3794 1209 3865 Volkmann,
1259 3792 1484 3859 Quaest.
1523 3810 1649 3847 nov.
1689 3812 1743 3865 p.
1779 3792 1858 3847 VI
1899 3794 2014 3849 not.
2054 3800 2085 3847 2
2134 3792 2233 3847 καὶ
2279 3786 2452 3853 αὐτὸς

168 3891 242 3929 στ.
279 3876 410 3932 libri
533 3882 598 3931 13
637 3870 816 3931 αὐτὸν
853 3890 920 3930 ex
959 3873 1120 3931 codd.
1160 3891 1298 3929 corr.
1335 3876 1639 3941 Kussterm,
1677 3874 1847 3927 antea.
1881 3873 2177 3944 legebassur
2212 3865 2451 3939 αὖτοόςς

169 3954 355 4026 πρώην
393 3961 438 4009 Δ
473 3956 696 4023 πρῶτον
733 3956 830 4011 rel.
982 3958 1046 4008 15
1084 3950 1421 4023 Πολέμωνος
1455 3955 1791 4025 Bernhardy
1826 3954 2153 4023 Πολέμονος
2190 3951 2323 4007 libri

172 4040 232 4087 16
271 4035 359 4107 qq'
398 4054 474 4091 ex
503 4036 667 4107 Diog.
705 4035 836 4104 VII,
875 4041 942 4091 28
982 4051 1119 4089 corr.
1160 4033 1432 4089 Kusterus
1578 4039 1641 4089 17
1690 4028 1941 4103 ἐχρήσθη
1982 4064 2047 4071 -
2091 4033 2317 4104 βιβλίων
2353 4031 2449 4086 ad-

170 4111 341 4171 ditum
389 4134 456 4170 ex
501 4116 693 4188 glossa.
739 4117 1216 4187 συγχρωτίζεσθαι
1261 4117 1320 4169 et
1364 4115 1463 4170 καὶ
1507 4114 1786 4183 παροιμία
1833 4144 1900 4153 -
1947 4112 2077 4167 exit.
2131 4110 2341 4181 partim
2386 4128 2453 4165 ex

171 4190 326 4263 Diog.
362 4196 491 4263 VII,
529 4202 598 4251 28
637 4195 804 4251 docui
839 4195 980 4249 Mus.
1020 4195 1195 4250 Rhen.
1234 4194 1442 4249 XXXV
1476 4212 1530 4263 p.
1571 4198 1673 4247 211
1822 4198 1888 4247 21
1935 4186 2050 4260 ρκε’
2090 4191 2250 4247 dedit
2291 4190 2453 4247 Gais-

169 4271 290 4336 ford
327 4291 450 4331 cum
483 4273 723 4331 Crinton.
754 4278 827 4345 (p.
862 4281 961 4330 171
983 4274 1101 4341 Kr.)
1138 4270 1189 4328 κ’
1227 4274 1324 4329 καὶ
1362 4270 1409 4343 ρ’
1438 4275 1582 4343 vulq.
1624 4268 1669 4341 ρ’
1702 4271 1800 4327 καὶ
1838 4270 1882 4327 ε’
1911 4278 1957 4324 V
1994 4267 2038 4326 λ’
2069 4272 2167 4326 καὶ
2206 4268 2265 4341 ρ’·
2291 4288 2452 4342 prae-

126 4402 136 4409 .
171 4348 276 4406 fert
309 4353 614 4409 Reinesius.
688 4353 774 4409 De
809 4354 1106 4424 proverbio
1146 4371 1195 4408 v.
1234 4354 1395 4411 Prov.
1433 4362 1490 4423 2,
1530 4358 1645 4409 98a
1679 4372 1733 4423 p.
1772 4358 1879 4407 414
1916 4352 2077 4423 Corp.
2115 4353 2242 4407 Par.

271 4451 548 4495 Ennomus
561 4481 574 4506 ,
599 4452 668 4493 ed.
696 4454 854 4495 Flach.
1997 4448 2027 4496 6
