3025 4892
1123 224 1554 283 HESYchs,
2402 230 2489 295 89

215 390 482 471 ἔγραψεν
521 380 1052 473 Ὀνοματολόγον
1088 381 1128 472 ἢ
1175 391 1426 455 πίνακα
1471 390 1610 455 τῶν
1646 388 1725 455 ἐν
1757 390 2026 479 παιδείᾳ
2066 386 2489 478 ὀνομαστῶν,

214 483 290 559 οὗ
349 490 614 579 ἑπιτομή
672 492 810 560 ἐστι
863 496 1062 561 τοῦτο
1119 493 1194 560 τὸ
1251 498 1553 581 βιβλίον,
1616 496 1729 563 καὶ
1782 494 2103 583 χρονικὴν
2164 499 2490 583 ἱστορίαν,

214 596 434 685 ἥντινα
486 601 736 667 διεῖλεν
791 603 888 678 είς
943 602 1010 680 ἓξ
1065 599 1479 687 διαστήματα
1536 598 1746 691 (οὕτω
1804 600 1933 690 γὰρ
1976 610 2168 671 καλεῖ
2209 604 2489 672 ἕκαστον

211 706 518 794 βιβλίον),
588 706 664 773 ἐν
729 699 833 785 οἷς
896 706 1295 794 ἐμφέρονται
1357 710 1432 775 αἰ
1481 706 1647 776 κατὰ
1700 708 1980 797 καιροὺς
2031 712 2297 799 πράξεις
2352 714 2490 778 τῶν

204 810 529 899 Ῥωμαίων
584 814 919 899 βασιλέων
977 812 1090 880 καὶ
1137 817 1212 880 αἱ
1256 817 1643 883 δυναστεῖαι
1692 820 1829 885 τῶν
1872 816 2036 885 κατὰ
2086 822 2289 897 ἔθνος
2332 844 2489 905 κρα-
2519 842 2546 883 5

209 918 536 1005 τησάντων
598 918 958 1007 τυράννων
1010 920 1124 987 καὶ
1179 918 1260 988 τὰ
1314 918 1480 990 κατὰ
1538 920 1613 989 τὸ
1674 920 2045 1004 Βυζάντιον
2103 924 2491 1011 πραχθέντα

211 1028 318 1105 ἕως
357 1029 475 1111 τῆς
512 1031 856 1113 βασιλείας
887 1023 1328 1095 Ἀναστασίου
1369 1031 1492 1096 τοῦ
1540 1029 2119 1117 ἐπονομαζομένου
2169 1028 2491 1117 Δικόρου.

212 1136 319 1216 [εἰς
353 1132 426 1200 δὲ
460 1130 584 1200 τὸν
621 1138 870 1200 πίνακα
907 1134 1043 1199 τῶν
1081 1134 1156 1200 ἐν
1191 1136 1462 1223 παιδείᾳ
1489 1133 1899 1221 λαμψάντων
1930 1136 2489 1225 ἐκκλησιαστικῶν

211 1239 620 1308 διδασκάλων
688 1236 970 1319 οὐδενὸς
1032 1239 1472 1327 μνημονεύει,
1548 1237 1639 1319 ῶς
1702 1242 1773 1309 ἐκ
1840 1242 2088 1311 τούτου
2154 1242 2491 1313 ὑπόνοιαν

209 1349 504 1435 παρέχειν
571 1344 661 1435 μὴ
729 1345 903 1416 εἶναι
957 1344 1166 1426 αὐτὸν
1225 1347 1649 1433 χριστιανόν,
1712 1344 1905 1417 ἀλλὰ·
1934 1353 2055 1438 τῆς
2098 1347 2489 1439 Ἑλληνικῆς
2520 1378 2573 1417 ιο

210 1453 632 1541 ματαιότητος
675 1450 1076 1537 ἀνάπλεων]

370 1561 803 1630 OOCXXXII.
869 1558 1020 1647 ‘qu
1040 1587 1083 1627 α
1104 1588 1126 1627 ι
1148 1579 1192 1627 σ
1210 1587 1245 1627 τ
1269 1566 1300 1628 ί
1313 1588 1366 1629 ω
1389 1588 1432 1629 ν
1487 1558 1958 1651 Ἀλεξανδρεὺς
2028 1564 2493 1653 γραμματικός,

209 1674 485 1758 ἔγραψεν
533 1670 935 1756 ἐγχειρίδιον
984 1667 1136 1757 περὶ
1189 1670 1454 1757 με’τρων
1507 1671 1621 1738 καὶ
1664 1669 1939 1761 μετρικοὶ
1978 1672 2296 1763 διάφορα,
2342 1672 2493 1759 περὶ

205 1779 330 1843 τῶν
363 1778 436 1845 ἐν
463 1774 788 1863 ποιήμασι
819 1780 1146 1864 ταραχῶν,
1183 1780 1497 1864 κωμικῶν
1525 1776 1971 1867 ἀπορημοὶτων
2001 1780 2244 1866 λύσεις,
2271 1806 2495 1867 τραγι-

201 1887 334 1951 κῶν
390 1885 650 1952 λύσεων
703 1882 817 1950 καὶ
872 1880 1044 1949 ἄλλα
1097 1889 1372 1950 πλεῖστα
1435 1884 1573 1967 [καὶ
1618 1888 1754 1953 τῶν
1800 1887 2065 1973 μέτρων
2106 1885 2265 1967 τοὺς
2308 1892 2491 1956 ποδι-
2526 1915 2575 1956 15

204 1990 450 2077 σμούς]

372 2097 834 2165 OCCXXXIIL
907 2098 1166 2183 Θαλῆς
1197 2093 1529 2183 Ἐξαμύου
1562 2098 1675 2165 καὶ
1712 2104 2235 2188 Κλεοβουλίνης,
2275 2100 2495 2189 Μιλή-

200 2376 381 2445 λὲγειν
419 2371 664 2446 ἄκαιρον
699 2370 1002 2446 ἡγησάμην
1042 2371 1105 2430 ἐν
1133 2375 1212 2446 τῷ
1241 2370 1482 2444 παρόντι
1594 2381 1621 2429 1
1652 2374 1752 2429 καὶ
1784 2371 2183 2432 Ἰουστινιανοῢ
2210 2378 2341 2447 post
2371 2380 2495 2450 βασ.

199 2456 402 2511 addere
429 2455 635 2511 maluit
653 2457 928 2512 Kusterus
1014 2449 1453 2525 όνοματολόγιον
1473 2460 1521 2508 Δ
1594 2455 1875 2526 Διογένην
1904 2451 2002 2511 τὸν
2022 2455 2301 2527 Ααέρτιον
2328 2477 2495 2527 μιμη-

197 2534 439 2607 σάμενος
465 2538 596 2607 poet
633 2531 960 2606 ὀνομαστῶν
989 2537 1180 2605 inepte
1209 2536 1342 2590 addi
1377 2536 1541 2591 iussit
1571 2538 1857 2591 Meum-sius
1885 2538 1977 2607 (cf.
2006 2536 2220 2605 Naeke,
2254 2536 2495 2591 Choeril.

196 2636 250 2687 p.
278 2624 348 2672 34
379 2620 520 2688 seq.)
556 2618 628 2671 ad
665 2617 950 2687 libellum,
987 2616 1085 2686 qui
1111 2615 1381 2683 Hesychii
1419 2615 1645 2670 nomine
1682 2615 1851 2671 hodie
1888 2617 2189 2688 gloriatui,
2232 2616 2493 2671 referem.

196 2698 538 2753 Erraverunt
583 2698 757 2753 etiam
801 2696 1098 2767 Kusterus,
1145 2696 1499 2765 Bernhardy,
1539 2695 1889 2763 Gaisfordus,
1919 2698 2214 2752 Westerm.
2287 2697 2496 2751 Verum

195 2779 337 2834 vidit
371 2778 662 2845 Latmius,
700 2776 1082 2833 Pindarschol.
1115 2795 1169 2847 p.
1203 2782 1304 2831 159
1335 2792 1448 2843 seq.
1642 2781 1673 2828 2
1714 2771 1981 2844 χρονικήν
2021 2795 2147 2830 τινα
2183 2777 2329 2846 vuly.
2367 2794 2495 2829 τινα

195 2880 300 2917 om.
341 2864 546 2912 ABVE
671 2863 703 2912 8
740 2856 824 2912 De
859 2857 1091 2929 ineptiis
1128 2858 1293 2912 huius
1323 2853 1700 2910 additamenti
1736 2854 1854 2909 dixi
1892 2855 2031 2910 Mus.
2072 2856 2250 2911 Rhen.
2288 2855 2495 2911 XXXV

193 2961 246 3012 p.
288 2947 419 3008 199,
467 2937 566 2993 ubi
605 2936 986 2993 christianum
1021 2936 1192 2991 fuisse
1228 2934 1569 3003 Hesychium
1609 2933 1791 2989 docui.
1857 2935 2015 2989 Idem
2052 2936 2329 3007 sagaciter
2368 2954 2493 3006 per-

195 3020 454 3090 spexerat
490 3018 712 3087 Rohde,
761 3016 852 3072 Gr.
891 3016 1108 3073 Roman
1153 3034 1208 3085 p.
1246 3019 1351 3070 475
1396 3016 1512 3068 not.
1555 3019 1601 3068 1.
1660 3013 1983 3070 Hariolatus
2032 3018 2117 3070 est
2156 3018 2381 3085 Μααεε,
2425 3016 2494 3071 de

196 3100 305 3156 Sib.
344 3089 463 3155 ina.
501 3117 556 3169 p.
595 3104 662 3153 55
701 3100 816 3153 noia.
857 3104 956 3153 117
1069 3103 1133 3151 11
1173 3095 1587 3166 ματαιοπονίας
1620 3096 1765 3164 vulq.
1805 3088 2177 3164 ματαιότητος
2212 3099 2259 3147 Δ

337 3176 682 3235 CCCXXXII
731 3178 813 3233 Cf.
855 3178 1059 3233 Zonar.
1097 3194 1152 3245 p.
1193 3181 1333 3230 1015
1480 3180 1545 3228 13
1596 3170 1905 3244 ἐγχειρίδια
1940 3176 2085 3245 νιιῑρ.
2134 3178 2359 3245 praeter
2394 3179 2494 3227 AV

195 3260 290 3318 διὰ
339 3259 560 3333 μέτρων
605 3259 738 3314 libri
782 3258 911 3328 περὶ
960 3257 1176 3329 μέτρων
1213 3256 1488 3310 Kusterus
1533 3270 1642 3311 reo.
1681 3255 1953 3309 Westerm,
2002 3253 2135 3321 περὶ
2182 3254 2289 3311 del.
2332 3253 2494 3309 Gais-

193 3344 320 3408 ford
431 3347 498 3395 14
533 3340 794 3410 ταραχῶν
833 3338 1036 3394 merito
1073 3338 1312 3406 suspect.
1342 3334 1711 3405 Bernhardyo
1819 3335 2039 3404 ταρχῶν
2066 3339 2113 3386 V
2220 3339 2288 3388 15
2323 3335 2497 3388 verba

195 3423 415 3477 inclusa
454 3419 800 3476 scholasticis
835 3418 1078 3490 ingeniis
1116 3416 1307 3471 deberi
1342 3418 1496 3471 recte
1534 3416 1679 3470 vidit
1712 3416 2048 3487 Bernhardy

337 3500 708 3557 CCCXXXIII
745 3500 897 3555 Eud.
927 3518 982 3569 p.
1013 3504 1133 3564 368,
1170 3512 1313 3567 quae
1349 3496 1621 3565 Hesychii
1649 3496 1891 3550 articulo
1916 3496 2155 3551 inseruit,
2180 3494 2492 3549 narratiun-

196 3585 380 3638 culam
409 3581 583 3636 schol.
614 3580 708 3637 Ar.
739 3580 884 3635 Nub.
919 3585 1036 3634 181.
1103 3577 1183 3634 cf.
1213 3577 1376 3647 Diog.
1406 3578 1448 3644 Ι,
1477 3582 1547 3630 23
1571 3592 1683 3645 seq.
1724 3576 1896 3631 schol.
1931 3575 2151 3631 Platon.
2181 3576 2259 3630 VI
2286 3595 2339 3645 p.
2370 3582 2493 3641 360,

197 3662 346 3733 quod
391 3678 716 3731 comparare
771 3660 954 3715 iuvat:
1013 3654 1205 3728 Θάλης
1256 3652 1568 3726 Ἐξαμύου,
1615 3651 1918 3725 Μιλήσιος,
1978 3657 2169 3721 Φοῖνιξ
2227 3654 2290 3711 δὲ
2349 3650 2490 3709 καθ’

188 3738 512 3814 Ἡρόδοτον.
550 3734 717 3803 οὗτος
753 3742 970 3811 πρῶτος
999 3734 1310 3809 ῶνομάσθη
1342 3734 1545 3807 σοφός·
1584 3730 1714 3805 εὗρε
1747 3734 1855 3808 γὰρ
1892 3732 1994 3791 τὸν
2023 3730 2183 3805 ἥλιον
2212 3731 2495 3791 ἐκλείπειν

199 3818 253 3889 ἕξ
290 3818 624 3891 ὖποδρομῆς
662 3816 920 3890 σελήνης,
967 3817 1068 3873 καὶ
1114 3813 1318 3888 μικρὰν
1357 3814 1567 3889 ἄρκτον
1616 3814 1791 3881 αύτὸς
1830 3816 1973 3887 ἔγνω
2013 3816 2108 3872 καὶ
2144 3814 2247 3879 τὰς
2284 3810 2496 3883 τροπὰς

196 3904 415 3971 πρῶτος
444 3895 722 3969 Ἑλλήνων
761 3899 859 3954 καὶ
895 3898 1026 3969 περὶ
1054 3896 1339 3969 μεγέθους
1377 3894 1540 3967 ἡλίου
1578 3898 1677 3953 καὶ
1708 3896 1957 3969 φύσεως,
1994 3895 2135 3952 ἄλλα
2162 3896 2261 3951 καὶ
2296 3892 2493 3967 ἄψυχα

197 3978 388 4052 ψυχὴν
427 3978 578 4049 ἔχειν
615 3976 878 4035 ὁπωσοῦν
927 3974 991 4033 ἐκ
1037 3979 1133 4049 τῆς
1170 3974 1513 4049 μαγνήτιδος
1550 3978 1650 4033 καὶ
1689 3980 1791 4034 τοῦ
1837 3974 2126 4049 ἠλέκτρου.
2202 3973 2380 4048 ἀρχὴν
2428 3975 2492 4031 δὲ

197 4063 303 4115 τῶν
355 4062 644 4128 στοιχείων
694 4055 758 4114 τὸ
808 4052 990 4127 ὕδωρ,
1046 4053 1146 4112 τὸν
1200 4056 1266 4114 δὲ
1320 4054 1531 4130 κόσμον
1586 4057 1842 4129 ἔμψυχον
1895 4056 2005 4129 ἔφη
2058 4057 2157 4112 καὶ
2206 4054 2493 4127 δαιμόνων

197 4138 393 4211 πλήρη.
468 4136 791 4208 ἐπαιδεύθη
831 4134 894 4194 ἐν
922 4133 1182 4213 Αἰγύπτῳ
1221 4135 1334 4194 ὑπὸ
1371 4140 1486 4193 τῶν
1526 4136 1741 4209 ἱερέων.
1792 4136 1998 4193 τούτου
2035 4134 2097 4192 τὸ
2139 4139 2322 4209 γνῶθι
2358 4156 2494 4193 σαυ-

197 4220 307 4276 τόν.
379 4216 703 4288 ἐτελεύτησε
749 4217 813 4273 δὲ
853 4217 1127 4291 μονήρης,
1171 4216 1430 4289 γηραιός,
1467 4215 1745 4289 γυμνικὸν
1780 4214 1978 4289 οἶγῶνα
2014 4214 2331 4289 θεώμενος,
2378 4214 2491 4273 ὑπὸ

198 4298 484 4371 καύματος
523 4294 788 4361 ἔκλυθείς
935 4306 998 4354 17
1034 4296 1304 4368 Ἑξαμίου
1341 4300 1485 4368 vulq.
1524 4294 1807 4369 Ἐξαμύου
1836 4302 2043 4351 Avnn
2154 4299 2345 4367 Θαλῆς
2381 4298 2494 4352 τῶν

203 4375 343 4435 ἔπτὰ
384 4374 715 4448 φιλοσόφων
753 4376 836 4442 εἷς
871 4377 1104 4449 γέγονεν
1140 4396 1250 4436 om.
1281 4377 1391 4446 Ἐξ.
1431 4378 1533 4433 καὶ
1569 4383 1665 4435 Κλ.
1703 4378 1853 4435 Eud.
