3025 4892
1060 211 1629 270 PROLEGOMENA.
2314 213 2497 270 XXXI

195 383 578 458 Κικωναῖος
613 377 766 466 (AV
796 379 1000 466 vulg.)
1027 403 1091 464 p.
1119 383 1485 456 Κικοναῖος
1524 378 1701 465 (Ald.
1727 379 1796 444 M
1832 375 2046 464 Eud.),
2091 373 2495 462 Πλούταρ-

192 511 326 572 χος
367 485 722 572 Μαριανός
763 484 1025 573 (ABV)
1063 509 1123 570 p.
1154 490 1499 571 Μαρῖνος,
1536 484 2071 568 ,Πρωταγόρας
2105 485 2497 568 Νεανδρίου

193 595 454 682 (ABE)
501 617 561 678 p.
599 593 1057 676 Μαιανδρίου,
1095 590 1636 677 Προαιρέσιος
1678 591 1801 656 τοῦ
1839 586 2103 675 αὐτοκρ.
2145 585 2396 677 (AVE)
2434 616 2495 676 p.

190 696 372 784 παρὰ
400 724 452 766 τ.
473 695 760 784 adtonso„
801 702 1272 786 Τυραννίων
1301 691 1580 783 ἢΜεσσ.
1599 702 1735 781 φιλ.
1759 695 1912 784 (AV
1924 696 2010 783 E)
2040 723 2099 784 p.
2125 703 2334 764 Μεσσ.
2357 704 2493 782 φιλ.

373 806 558 883 Quod
623 809 678 871 si
745 829 822 871 ex
887 805 1200 871 eiusmodi
1257 805 1592 889 exemplis,
1666 825 1833 888 quae
1896 804 2207 870 facillime
2270 807 2493 897 auger—i

192 918 494 998 possunt,
561 914 954 978 recentiores
1009 911 1246 978 Suidae
1311 912 1563 977 codices
1629 933 1670 975 a
1723 913 2306 994 praestantioribus
2361 935 2493 978 non

195 1021 582 1087 descendere
647 1020 953 1104 efficitur,
1021 1041 1184 1104 quae
1244 1040 1346 1084 res
1403 1019 1505 1085 vel
1560 1018 1711 1083 inde
1766 1019 2255 1104 comprobatur,
2321 1020 2493 1104 quod

190 1151 348 1212 pars
409 1128 691 1192 vitarum
757 1127 943 1192 abest
1003 1126 1085 1190 ab
1132 1127 1218 1209 A,
1275 1125 1442 1190 aliae
1507 1125 1742 1189 desunt
1796 1127 1863 1189 in
1914 1123 1989 1209 V,
2054 1146 2218 1211 quae
2272 1129 2495 1191 tamen

195 1237 424 1298 extant
468 1235 536 1299 in
582 1233 1010 1300 deterioribus
1061 1231 1273 1316 libris,
1319 1231 1482 1296 duae
1530 1232 1719 1298 nobis
1770 1237 1922 1297 sunt
1968 1233 2259 1298 codicum
2305 1233 2488 1298 fami-

194 1342 326 1406 liae
371 1341 767 1424 statuendae,
815 1361 1088 1425 quarum
1135 1361 1266 1404 una
1310 1339 1725 1404 continentur
1770 1338 1899 1403 AV
1942 1339 2047 1425 (ex
2092 1362 2221 1425 quo
2260 1340 2497 1405 descri-

194 1453 348 1531 ptus
387 1448 642 1512 videtur
668 1445 750 1533 C)
787 1447 1140 1513 Vaticanus
1173 1444 1502 1530 Pearsoni,
1542 1446 1747 1510 altera
1775 1445 1901 1510 BE
1932 1447 2032 1530 al.,
2070 1447 2237 1510 unde
2274 1467 2495 1512 mana-

196 1560 434 1619 verunt
461 1554 598 1620 edd.
628 1544 786 1619 vett.
815 1559 966 1619 ante
993 1551 1376 1638 Kusterum‚
1413 1573 1805 1638 quamquam
1839 1551 1963 1617 BE
2000 1552 2295 1637 pluribus
2334 1553 2493 1618 locis

197 1662 622 1746 integriorem
659 1661 1005 1751 lectionem
1052 1663 1406 1745 praestant,
1453 1681 1649 1742 quam
1696 1658 1835 1724 edd.
1880 1662 2035 1724 vett.

378 1766 496 1832 III.
559 1768 774 1852 Atque
817 1767 898 1832 de
944 1765 1268 1832 Eudociae
1315 1770 1517 1850 textu,
1564 1787 1757 1850 quem
1800 1787 1971 1830 nunc
2009 1765 2495 1851 investigamus,

197 1897 407 1958 nuper
452 1875 656 1940 fusius
705 1875 1062 1960 disputavit
1115 1873 1349 1957 Pulch‚
1397 1873 1473 1937 de
1521 1871 1695 1938 Viol.
1742 1896 1803 1957 p.
1855 1874 1937 1937 73
1970 1893 2099 1956 seq.
2117 1869 2193 1956 ¹),
2250 1874 2359 1956 qui
2416 1872 2495 1936 de

198 1981 358 2046 Aldi
407 1981 688 2046 editione
734 2004 879 2047 eum
926 1980 1200 2065 pendere
1255 2003 1334 2045 ex
1379 1981 1655 2066 triginta
1700 1980 1805 2044 vel
1860 1979 2291 2064 quadraginta
2328 1979 2493 2044 locis

193 2088 516 2153 conclusit
570 2088 804 2173 (multo
862 2091 1080 2152 autem
1137 2088 1394 2172 saepius
1440 2086 1809 2152 Violarium
1854 2108 2000 2152 cum
2048 2086 2292 2152 Aldina
2337 2108 2486 2152 con-

193 2197 410 2260 cinere
454 2217 532 2259 ex
579 2200 898 2279 apparatu
945 2216 1089 2260 meo
1137 2181 1398 2280 discas),
1444 2215 1907 2278 nonnunquam
1956 2194 2154 2259 etiam
2192 2195 2271 2259 de
2309 2193 2491 2258 Basi-

191 2303 426 2386 leensi,
483 2324 678 2387 quam
733 2303 1036 2367 meliores
1091 2301 1402 2366 lectiones
1456 2301 1721 2365 librario
1777 2301 2222 2385 suppeditasse
2284 2300 2495 2384 suspi-

192 2413 384 2473 catus
413 2413 529 2474 est.
569 2409 749 2485 Quod
779 2431 970 2494 quam
993 2430 1230 2474 vanum
1259 2410 1690 2472 commentum
1724 2408 1827 2491 sit,
1856 2429 2027 2472 nunc
2047 2407 2491 2472 demonstrare

191 2517 498 2580 conabor.
509 2514 564 2602 ²)
646 2516 1022 2597 PraemittO,
1067 2515 1238 2600 quod
1283 2514 1636 2580 Eudociam
1681 2515 1785 2578 vel
1834 2513 2112 2579 Violarii
2160 2517 2490 2579 auctorem

343 2763 398 2830 1)
445 2762 622 2816 Pulch
668 2755 989 2818 doctissime
1035 2763 1106 2816 de
1153 2760 1342 2816 codice
1385 2760 1625 2816 Violarii
1672 2760 1985 2832 disputasse
2034 2760 2139 2831 sibi
2186 2759 2337 2814 visus
2391 2761 2493 2829 est,

199 2859 331 2897 cum
361 2842 430 2897 de
457 2843 664 2898 rasuris
691 2845 751 2897 et
777 2842 1201 2909 additamentis,
1240 2859 1385 2910 quae
1409 2842 1469 2895 in
1497 2841 1751 2910 margine
1780 2843 2028 2909 exstant,
2056 2839 2275 2910 prolixe
2301 2840 2493 2909 loque·

188 2926 365 2990 retur,
408 2923 558 2992 quod
595 2922 834 2978 maxime
873 2922 1058 2977 arrisit
1091 2921 1542 2979 Wilamowitzio.
1618 2924 1719 2991 At,
1767 2939 2001 2991 quaeso,
2046 2920 2183 2989 quid
2219 2921 2493 2975 momenti

189 3005 326 3056 sunt
370 3019 594 3057 rasurae
641 3003 850 3057 codicis
897 3018 1037 3056 saec.
1079 3001 1233 3069 XVI,
1289 3002 1338 3056 si
1386 3003 1634 3058 calamus
1690 3001 1905 3058 librarii
1952 3019 2085 3057 casu
2128 3001 2493 3068 aberraverit,

189 3083 334 3152 quid
371 3081 640 3152 marginis
679 3082 1092 3148 additamenta,
1138 3099 1374 3150 quorum
1412 3083 1715 3137 maximam
1752 3085 1970 3152 partem
2008 3081 2309 3152 adscripsit
2342 3081 2492 3134 idem

189 3163 483 3232 librarius,
529 3161 614 3217 sin
651 3165 751 3218 aut
784 3162 1000 3217 incuria
1036 3160 1249 3230 aliquid
1295 3161 1548 3218 omiserit
1592 3164 1693 3217 aut
1738 3162 1785 3216 si
1830 3163 2025 3216 charta
2069 3161 2311 3231 paginae
2358 3161 2493 3215 defi-

193 3242 382 3296 ciente
419 3242 586 3298 finem
625 3241 849 3297 articuli
884 3243 942 3296 in
980 3241 1233 3310 margine
1261 3241 1634 3312 adscripserit.
1692 3243 1886 3310 Nugas
1915 3258 2048 3296 sane
2087 3257 2205 3296 esse
2234 3241 2491 3296 arbitror.

193 3323 322 3376 Nec
360 3323 579 3377 saniore
614 3322 825 3377 iudicio
864 3322 1174 3391 disputavit
1209 3323 1476 3392 Gropius,
1517 3322 1713 3376 Annal.
1751 3322 1890 3393 phil.
1932 3327 2067 3376 1881
2107 3339 2161 3392 p.
2192 3325 2294 3376 385
2324 3336 2439 3390 seq.

343 3403 399 3470 2)
447 3401 752 3457 Occasione
800 3401 932 3456 data
978 3403 1381 3470 examinemus,
1433 3419 1602 3471 quam
1648 3405 1909 3457 accurate
1944 3402 2122 3457 Pulch
2168 3419 2223 3472 p.
2265 3406 2333 3455 74
2360 3418 2494 3469 seq„

192 3482 296 3551 qui
335 3481 556 3551 saepius
593 3498 746 3537 meos
784 3498 996 3538 errores
1036 3481 1286 3551 vexavit,
1322 3482 1593 3537 lectiones
1630 3500 1755 3537 suas
1793 3482 2171 3552 exscripserit,
2209 3483 2274 3534 ut
2310 3480 2494 3534 Eudo-

191 3561 322 3614 ciae
368 3562 586 3614 textum
633 3561 702 3616 de
739 3560 945 3616 Aldina
979 3563 1221 3631 pendere
1269 3561 1532 3618 efficeret.
1609 3561 1757 3616 Viol.
1794 3582 1847 3632 p.
1888 3567 1992 3616 248
2036 3561 2105 3632 (V
2107 3562 2213 3630 ill.)
2257 3557 2494 3630 Ἰοφῶν

187 3635 408 3709 ,ζἸλιος,
447 3641 653 3709 Περσίς
689 3641 813 3696 edd.
852 3645 990 3698 vett.
1028 3641 1222 3698 Eud.“.
1288 3640 1366 3699 At
1400 3648 1445 3695 A
1481 3643 1635 3698 idem
1671 3644 1919 3713 praebet.
1957 3660 2011 3710 p.
2042 3647 2149 3697 268
2196 3643 2495 3709 Κτησίας

185 3716 522 3792 ,,Ἀμείνονα
561 3722 653 3775 vel
685 3717 954 3790 Ἀμείνονι
989 3723 1148 3794 libri,
1186 3721 1446 3796 μνήμονα
1485 3723 1664 3778 Bas.“.
1740 3721 1849 3777 Cur
1894 3739 1962 3776 ex
1999 3721 2207 3776 Aldina
2241 3721 2495 3775 Eudocia

187 3801 499 3856 lectionem
543 3801 849 3871 acceperit,
895 3821 1008 3858 non
1052 3804 1427 3874 intellegitur,
1473 3821 1600 3857 eum
1646 3803 1881 3872 vulgata
1927 3802 2016 3857 sit.
2090 3801 2247 3856 Idem
2291 3799 2491 3855 vitium

193 3880 445 3935 occurrit
471 3896 521 3935 v.
548 3876 1100 3952 Ἀναξίμανδρος,
1128 3883 1277 3952 quod
1307 3883 1429 3938 Bas.
1461 3883 1645 3938 editor
1674 3883 1825 3938 solus
1855 3881 2106 3938 correxit.
2155 3882 2263 3937 Vix
2288 3880 2491 3950 proba-

191 3959 370 4014 bilius
408 3961 718 4031 disputavit
755 3962 924 4017 etiam
963 3962 1030 4018 de
1069 3963 1201 4018 vitis
1237 3962 1597 4018 Androclidis
1636 3964 1695 4016 et
1729 3961 2033 4031 Agathiae,
2071 3960 2168 4014 ubi
2202 3959 2342 4014 Eud.
2372 3960 2491 4014 vul-

187 4043 388 4110 gatam
420 4043 592 4097 tenet.
622 4059 678 4111 p.
707 4047 812 4096 270
839 4044 1168 4111 Κλεοφῶν
1205 4039 1492 4114 ,,“Ηριγι’νη
1522 4041 1647 4095 Ald.
1678 4043 1736 4096 et
1754 4041 1894 4096 Eud.
1926 4041 2151 4096 codex.“
2189 4040 2267 4094 At
2284 4039 2493 4095 Aldina

187 4121 375 4176 habet
403 4115 703 4190 Ἠριγίνη.
750 4141 805 4191 p.
838 4128 900 4177 71
938 4117 1286 4193 Ἀριγνώτη
1327 4120 1609 4192 ,,φε’ρεται
1637 4137 1764 4175 cum
1802 4121 1937 4175 solis
1974 4121 2110 4174 vett.
2141 4119 2265 4175 edd.
2294 4120 2487 4175 Eud.“.

165 4200 277 4256 ·At
311 4203 448 4258 vett.
480 4201 605 4257 edd.
633 4202 848 4256 habent
874 4198 1172 4272 γράφεται.
1221 4222 1275 4273 p.
1305 4209 1409 4258 426
1439 4200 1846 4269 Φιλέταιρος
1882 4195 2399 4270 ,,Αὖτοφιλέταιρος
2434 4205 2492 4255 et

187 4278 558 4350 Νικοστράτη
591 4285 778 4337 servat
804 4299 933 4336 cum
962 4282 1111 4352 vulg.
1141 4282 1335 4339 Eud.“.
1390 4284 1467 4337 At
1494 4277 1853 4349 Νικοστρυῖτη
1882 4295 2075 4334 omnes
2111 4278 2243 4334 libri
2268 4283 2494 4350 praeter

187 4367 256 4418 V.
296 4377 350 4428 p.
380 4365 486 4414 428
530 4363 909 4431 Φιλωνίδης
948 4357 1248 4430 „ynam-5239
1284 4366 1401 4429 AV,
1436 4356 1696 4430 γναφεύς
1732 4376 1857 4415 cum
1886 4360 2038 4429 vulg.
2068 4359 2263 4415 Eud,“.
2336 4360 2414 4414 At
2445 4364 2490 4411 A
