3025 4892
311 391 430 470 §s

479 223 572 278 LX
1340 219 1908 278 PROLEGOMENA.

654 388 922 453 Praeter
967 386 1339 470 Dionysii
1386 383 2115 450 Halicarnassensis
2163 381 2571 471 Chronica¹),
2610 405 2781 469 quae

485 493 856 578 Hesychius
901 494 1123 559 laudat
1169 493 1254 578 gl.
1305 486 1769 578 Εὐριπίδηςῗ),
1824 491 1893 554 in
1939 513 1995 554 v.
2045 491 2433 574 Σιμωνίδης
2483 485 2616 574 ’Aga
2666 492 2778 556 ad-

480 601 688 666 hibita
735 623 874 666 esse
923 601 1288 685 suspicatus
1337 603 1437 664 est
1482 597 1736 681 Rohde,
1780 596 1945 661 Mus.
1983 595 2188 661 Rhen.
2223 595 2507 662 XXXIII
2550 620 2611 682 p.
2647 598 2777 663 198

481 707 590 793 (cf.
616 707 1012 786 Volkmann,
1053 706 1315 783 Quaest.
1352 727 1496 770 nov.
1536 727 1597 788 p.
1625 702 1870 791 XVII),
1920 704 2115 769 etiam
2156 703 2550 769 Heliconii
2587 705 2779 769 libris

480 815 802 880 chronicis
823 813 1190 899 Hesychius
1221 834 1375 878 usus
1407 816 1526 896 est,
1548 833 1735 896 quem
1764 812 1865 876 bis
1896 812 2427 876 commemoravit
2453 806 2779 878 V.'Am.'oev

482 925 548 985 et
577 916 937 1005 Ἀρριανός.
996 919 1263 1005 Saepius
1302 922 1521 983 autem
1560 917 1719 982 illud
1750 940 1910 1002 opus
1941 917 2307 983 adhibitum
2336 940 2477 984 esse
2515 942 2781 1004 perspe-

480 1027 578 1092 xit
612 1027 868 1113 Rohde,
914 1027 1077 1092 Mus.
1107 1026 1313 1091 Rhen.
1342 1023 1631 1090 XXXIII
1667 1049 1727 1110 p.
1763 1026 1887 1090 182
1926 1029 2081 1109 not,
2125 1026 2236 1111 qui
2275 1027 2475 1091 etiam
2512 1049 2570 1090 v.
2600 1021 2779 1092 Ἐπί-

480 1157 729 1218 χαρμος
775 1155 890 1217 pro
939 1129 1014 1198 δὲ
1053 1128 1296 1197 Λύκων
1335 1131 1789 1216 corrigendum
1836 1131 2089 1196 monuit
2136 1125 2199 1197 δ’
2240 1127 2627 1210 Ἑλικώνιος
2664 1132 2779 1218 (cf.

481 1239 741 1306 UnterS.
787 1262 847 1323 p.
893 1236 1009 1325 58)
1028 1235 1108 1324 ³),
1164 1238 1527 1304 accuratius
1584 1238 1885 1321 exposuit
1929 1238 2148 1323 Daub,
2194 1239 2273 1304 de
2320 1237 2495 1306 Suid.
2542 1264 2603 1325 p.
2641 1242 2777 1306 468

484 1367 630 1429 seq.,
678 1346 788 1430 qui
836 1344 1202 1429 quindecim
1245 1345 1379 1410 fere
1425 1345 1597 1410 vitas
1646 1345 1881 1410 aetatis
1928 1346 2468 1429 posthadrianeae
2516 1370 2595 1412 ex
2639 1348 2778 1414 illis

483 1451 819 1518 Chronicis
866 1452 1238 1536 desumptas
1287 1473 1426 1516 esse
1474 1451 1709 1517 docuit.
1792 1450 1927 1517 Nec
1972 1473 2107 1517 non
2155 1453 2236 1517 ad
2281 1453 2779 1540 chronologia'm

401 1635 404 1642 Ι
483 1559 551 1623 in
597 1559 896 1624 manibus
942 1559 1176 1625 habuit
1211 1558 1635 1643 Olympiadas
1674 1558 2137 1644 Phlegontis
2184 1559 2597 1646 Tralliani,
2646 1562 2782 1628 Eu·

486 1666 650 1732 sebii
685 1667 962 1750 fontem,
1009 1689 1167 1751 quas
1207 1665 1430 1731 laudat
1475 1689 1531 1731 v.
1568 1666 1819 1750 Θαλῆς,
1866 1687 1995 1750 qua
2030 1667 2108 1731 de
2157 1668 2377 1752 glossa
2413 1667 2490 1732 cf.
2526 1667 2782 1756 Rohde,

481 1773 648 1838 Mus.
694 1773 898 1839 Rhen.
943 1771 1232 1839 XXXIII
1277 1797 1339 1857 p.
1379 1773 1527 1836 211.
1619 1770 1822 1847 Quem
1889 1773 2099 1838 locum
2168 1795 2281 1838 cur
2338 1795 2601 1858 prorsus
2661 1798 2781 1840 ne·-

486 1882 804 1965 glexerint
835 1880 1071 1945 Mfiller
1105 1879 1176 1943 in
1213 1878 1675 1947 historicorum
1712 1878 2098 1965 fragmentis
2148 1883 2213 1943 et
2258 1880 2367 1963 qui
2412 1881 2783 1965 nuperrime

485 1988 858 2073 fragmenta
902 1985 1283 2072 Phlegontis
1332 1983 1628 2069 collegit,
1674 1983 1832 2049 Otto
1869 1983 2109 2068 Keller,
2156 2007 2287 2050 non
2333 1987 2542 2072 magis
2592 1987 2782 2053 intel-

485 2093 660 2179 lege,
691 2155 697 2162 ,
727 2115 922 2177 quam
986 2092 1156 2176 quod
1215 2091 1432 2176 Daub,
1489 2089 1671 2156 Stud.
1734 2112 1796 2174 p.
1849 2090 1968 2156 151
2033 2095 2166 2156 not.
2237 2092 2635 2159 dubitantius
2700 2093 2784 2159 de

486 2223 562 2266 eo
608 2199 1053 2285 disputaverit.
1127 2198 1658 2284 Eugenatoris
1705 2201 1922 2263 autem
1970 2199 2376 2282 opusculum,
2424 2198 2594 2284 quod
2641 2200 2781 2265 lau-

481 2306 678 2372 datur
715 2329 772 2372 v.
816 2295 1203 2390 Φιλάγριος,
1249 2326 1407 2370 num
1446 2308 1512 2368 et
1557 2304 1771 2388 ipsum
1816 2303 1895 2368 ad
1944 2301 2411 2370 Chronicorum
2458 2307 2783 2371 rationem

485 2413 915 2498 compositum
969 2412 1192 2497 fuerit,
1254 2410 1523 2476 dubium
1584 2414 1709 2494 est,
1774 2432 1921 2475 cum
1982 2411 2197 2475 'altera
2260 2412 2337 2476 de
2404 2433 2479 2476 eo
2538 2412 2783 2479 notitia

630 2679 681 2745 1)
729 2677 982 2741 Quanam
1020 2675 1235 2730 ratione
1279 2675 1339 2729 in
1377 2672 1662 2729 Chronicis
1700 2673 2034 2744 scriptorum
2075 2674 2285 2730 mentio
2331 2673 2541 2730 iniecta
2586 2676 2779 2743 fuerit,

486 2756 669 2810 discas
700 2773 765 2810 ex
796 2755 1099 2810 innumeris
1129 2753 1530 2809 chronicorum
1558 2753 1735 2821 libris,
1762 2755 1923 2808 velut
1960 2751 2781 2824 Synceu.665,14’onmav59

485 2830 820 2889 &neemenah
849 2831 1064 2904 ἤκμασε
1096 2835 1255 2900 Κίλιξ
1285 2834 1360 2907 τῷ
1389 2831 1545 2902 γένει
1571 2837 1668 2903 (sc.
1697 2833 1772 2888 Μ.
1802 2834 2031 2891 Aurelio
2059 2838 2349 2905 regnante)
2370 2862 2438 2882 ==
2456 2835 2656 2890 Euseb.
2688 2836 2776 2890 ed.

488 2914 704 2968 Schbne
741 2914 792 2967 II
830 2913 1283 2984 p.172,Ma1a1a
1320 2932 1372 2984 p.
1407 2919 1589 2980 79,19
1630 2909 1693 2968 ἔν
1732 2910 1971 2978 ἐκείνοις
2008 2913 2073 2969 δὲ
2117 2922 2233 2977 τοῖς
2271 2911 2493 2984 χρόνοις
2530 2906 2599 2982 ἦν
2637 2910 2776 2984 παρ’

473 2987 698 3062 Έλλησι
735 2991 933 3064 μάντις
971 2990 1136 3064 ἄλλη,
1174 2996 1420 3065 Σίβυλλα
1457 2990 1492 3062 ἡ
1529 2988 1870 3063 Ἐρυθραία,
1908 2995 1981 3051 ib.
2022 3002 2144 3064 263,
2185 3001 2250 3049 18
2286 2987 2359 3064 ἦν
2396 2993 2458 3049 δὲ
2498 3001 2615 3056 τοῖς
2652 2993 2779 3064 χρό-

491 3093 612 3137 νοις
654 3107 717 3116 -—
757 3071 788 3130 6
827 3073 1153 3146 σοφώτατος
1193 3069 1551 3135 Ἀπολλώνιος
1588 3070 1617 3127 6
1662 3072 1943 3142 Τυανεύς,
1990 3074 2149 3143 Sync.
2189 3079 2320 3143 368,
2357 3080 2390 3127 4
2418 3069 2674 3136 Ησίοδός
2720 3094 2779 3130 τε

489 3150 840 3224 ἑγνωρίζετο,
879 3151 946 3212 ὃν
971 3152 1218 3224 ’Έφορος
1247 3149 1496 3223 ἀνεψιὸν
1524 3153 1622 3207 καὶ
1652 3150 1960 3222 σύγχρονον
1982 3149 2227 3223 Ομήρου
2256 3158 2424 3223 φασί,
2464 3153 2625 3223 Sync.
2656 3161 2780 3224 400,

492 3239 556 3286 13
591 3229 861 3301 Ἀρκτῖνος
899 3232 1172 3304 Μιλήσιος
1212 3229 1481 3295 ἐποποιός
1510 3259 1579 3278 =
1608 3233 1809 3288 Euseb.
1839 3233 1891 3286 II
1921 3251 1977 3302 p.
2008 3238 2100 3300 78,
2142 3235 2300 3301 Sync.
2331 3241 2454 3303 402,
2486 3241 2552 3289 16
2592 3235 2782 3304 Θαλῆς
2890 3275 2897 3280 -

483 3307 766 3382 Ἐξαμύου
798 3347 865 3355 --
896 3313 1207 3383 φιλόσοφος
1238 3339 1305 3360 =
1334 3311 1537 3367 Euseb.
1568 3312 1620 3365 II
1647 3330 1700 3382 p.
1731 3317 1819 3378 80,
1856 3312 2019 3381 Sync.
2049 3317 2171 3381 402,
2204 3317 2230 3365 1
2274 3310 2356 3366 ἔτι
2384 3315 2630 3384 Σίβυλλα
2661 3317 2781 3369 Σα-

485 3394 586 3462 μία
609 3423 672 3432 -
695 3387 731 3462 ἣ
761 3394 858 3448 καὶ
888 3391 1162 3465 Ἡροφίλα
1194 3390 1521 3463 ἐγνωρίζετο
1543 3413 1610 3440 =
1631 3393 1831 3447 Euseb.
1862 3392 1913 3446 Il
1933 3410 1987 3461 p.
2010 3397 2096 3461 84,
2128 3393 2288 3461 Sync.
2311 3399 2434 3460 403,
2457 3399 2522 3446 14
2547 3387 2781 3463 Ἀλκμὰν

487 3469 632 3526 κατά
670 3493 827 3534 τινας
865 3471 1219 3542 ἔγνωρίζετο,
1268 3475 1431 3543 Sync.
1469 3479 1600 3541 484,
1640 3480 1672 3528 6
1710 3469 1935 3541 Κράτης
1972 3467 2003 3524 6
2050 3468 2295 3541 κωμικὸς
2340 3473 2452 3541 καὶι
2480 3471 2779 3528 Τελέσιλλα

486 3551 584 3605 καὶ
618 3554 901 3620 Πραξίλλα
939 3554 1037 3608 καὶ
1077 3556 1456 3628 Κλεοβουλίνη
1495 3556 1621 3620 etc„
1659 3551 1807 3606 unde
1834 3552 1893 3606 in
1921 3551 2053 3605 vitis
2080 3551 2450 3620 Hesychianis
2478 3554 2778 3623 plerasque

485 3631 556 3686 de
592 3635 776 3688 aetate
822 3635 1113 3689 auctorum
1159 3632 1669 3689 animadversiones
1716 3649 1782 3686 ex
1818 3631 1977 3686 libris
2016 3632 2293 3686 chronicis
2338 3633 2562 3688 fluxisse
2598 3635 2780 3704 suspi-

487 3711 602 3767 cari
641 3713 802 3768 nobis
839 3712 992 3767 licet.

628 3795 687 3860 2)
727 3799 885 3847 Διον.
927 3790 989 3848 ἐν
1017 3799 1134 3855 τοῖς
1161 3798 1429 3860 κριτικοῖς
1454 3792 1699 3847 tentavit
1726 3791 2071 3859 Volkmann,
2101 3792 2313 3847 innisus
2341 3792 2583 3848 lectione
2610 3793 2779 3862 Diog.

485 3871 527 3940 I,
563 3879 657 3941 38,
695 3871 811 3927 alia
847 3872 1078 3927 molitur
1113 3870 1302 3939 Daub,
1341 3872 1409 3926 de
1449 3872 1601 3926 Suid.
1639 3890 1694 3942 p.
1723 3878 1854 3942 472,
1890 3873 2007 3930 not.
2038 3877 2136 3940 58,
2175 3871 2377 3928 merito
2411 3871 2779 3943 impugnatus

421 3943 427 3949 Χ
487 3956 721 4023 uterque
758 3973 793 4009 a
829 3953 1088 4019 Rohdeo,
1123 3951 1266 4008 Mus.
1305 3951 1482 4007 Rhen.
1523 3951 1757 4006 XXXVI
1794 3970 1847 4021 p.
1878 3957 1983 4006 530
2012 3953 2129 4008 not.

631 4045 684 4110 3)
731 4042 980 4112 Cogitari
1025 4043 1211 4097 autem
1259 4044 1449 4112 potest
1494 4043 1563 4096 de
1589 4041 1824 4133 Lycone
1862 4039 2261 4110 Pythagorico,
2310 4059 2476 4109 quem
2524 4042 2592 4094 de
2638 4058 2785 4096 non-

487 4122 656 4176 nullis
691 4121 1061 4192 Pythagoreis
1098 4120 1412 4190 disputasse
1450 4120 1767 4191 suspiceris.
1844 4120 2019 4186 Quem
2057 4120 2293 4174 laudant
2326 4120 2487 4190 Diog.
2519 4120 2586 4186 V,
2616 4127 2684 4176 69
2720 4125 2784 4178 et

487 4201 700 4256 Ε11861).
727 4200 927 4270 Praep.
962 4198 1174 4269 Evang.
1213 4197 1335 4267 XV,
1373 4206 1405 4253 2
1445 4199 1543 4270 (IV
1580 4219 1632 4271 p.
1679 4207 1742 4256 11
1786 4200 1954 4255 Gaisf.
1960 4203 1996 4269 ).
2044 4196 2111 4240 -’-
2168 4199 2250 4253 1)6
2294 4199 2515 4270 Lycone
2563 4201 2777 4256 Iasensi

485 4279 701 4349 cogitat
738 4277 926 4348 Daub,
973 4278 1172 4335 Annal.
1211 4277 1346 4347 phil.
1388 4283 1524 4334 1881
1568 4298 1625 4349 p.
1661 4286 1767 4336 265
1814 4280 1940 4335 6011.
1982 4279 2187 4336 Athen.
2226 4280 2277 4333 X
2322 4297 2375 4348 p.
2415 4285 2547 4347 418,
2594 4281 2779 4348 quode

486 4359 554 4413 cf.
593 4358 764 4413 etiam
803 4357 1020 4424 Rohde,
1060 4357 1150 4412 Gr.
1192 4358 1408 4412 Roman
1445 4376 1500 4427 p.
1530 4365 1633 4413 257
1662 4361 1777 4414 not.
1811 4366 1867 4427 1,
1906 4358 2088 4429 Diels,
2127 4357 2366 4429 Doxogr.
2404 4377 2459 4429 p.
2492 4365 2611 4414 151.
