<?xml version="1.0" encoding="UTF-8"?>
<!DOCTYPE html PUBLIC "-//W3C//DTD XHTML 1.0 Transitional//EN"
    "http://www.w3.org/TR/xhtml1/DTD/xhtml1-transitional.dtd">
<html xmlns="http://www.w3.org/1999/xhtml" xml:lang="en" lang="en">
 <head>
  <title>
</title>
<meta http-equiv="Content-Type" content="text/html;charset=utf-8" />
  <meta name='ocr-system' content='tesseract 3.04.00' />
  <meta name='ocr-capabilities' content='ocr_page ocr_carea ocr_par ocr_line ocrx_word'/>
</head>
<body>
  <div class='ocr_page' id='page_1' title='image "./hesychiimilesii04flacgoog_0289.png"; bbox 0 0 3025 4892; ppageno 0'>
   <div class='ocr_carea' id='block_1_1' title="bbox 1095 232 2445 300">
    <p class='ocr_par' dir='ltr' id='par_1_1' title="bbox 1095 232 2445 300">
     <span class='ocr_line' id='line_1_1' title="bbox 1095 232 2445 300; baseline 0.001 -5"><span class='ocrx_word' id='word_1_1' title='bbox 1095 236 1520 295; x_wconf 81' lang='lat' dir='ltr'><strong>HESYCHIUS.</strong></span> <span class='ocrx_word' id='word_1_2' title='bbox 2322 232 2445 300; x_wconf 87' lang='grc'><strong><em>191</em></strong></span> 
     </span>
    </p>
   </div>
   <div class='ocr_carea' id='block_1_2' title="bbox 153 396 2533 1781">
    <p class='ocr_par' dir='ltr' id='par_1_2' title="bbox 153 396 2533 1778">
     <span class='ocr_line' id='line_1_2' title="bbox 160 396 2450 491; baseline -0.003 -20"><span class='ocrx_word' id='word_1_3' title='bbox 160 400 346 488; x_wconf 75' lang='grc' dir='ltr'><strong><em>γόου,</em></strong></span> <span class='ocrx_word' id='word_1_4' title='bbox 405 406 478 471; x_wconf 77' lang='grc' dir='ltr'><strong><em>οἰ</em></strong></span> <span class='ocrx_word' id='word_1_5' title='bbox 525 403 604 472; x_wconf 77' lang='grc' dir='ltr'><strong><em>δὲ</em></strong></span> <span class='ocrx_word' id='word_1_6' title='bbox 646 400 996 491; x_wconf 85' lang='grc' dir='ltr'><strong><em>Ἐκρύτου,</em></strong></span> <span class='ocrx_word' id='word_1_7' title='bbox 1053 404 1124 469; x_wconf 71' lang='grc' dir='ltr'><strong><em>οἵ</em></strong></span> <span class='ocrx_word' id='word_1_8' title='bbox 1166 400 1240 468; x_wconf 77' lang='grc' dir='ltr'><strong><em>δὲ</em></strong></span> <span class='ocrx_word' id='word_1_9' title='bbox 1289 398 1559 487; x_wconf 85' lang='grc' dir='ltr'><strong><em>Σήμου,</em></strong></span> <span class='ocrx_word' id='word_1_10' title='bbox 1619 401 1689 466; x_wconf 75' lang='grc' dir='ltr'><strong><em>οἱ</em></strong></span> <span class='ocrx_word' id='word_1_11' title='bbox 1730 396 2214 484; x_wconf 62' lang='grc' dir='ltr'><strong><em>δὲΚάμωνος,</em></strong></span> <span class='ocrx_word' id='word_1_12' title='bbox 2263 400 2333 463; x_wconf 79' lang='grc' dir='ltr'><strong><em>οἱ</em></strong></span> <span class='ocrx_word' id='word_1_13' title='bbox 2374 396 2450 465; x_wconf 76' lang='grc' dir='ltr'><strong><em>δὲ</em></strong></span> 
     </span>
     <span class='ocr_line' id='line_1_3' title="bbox 153 503 2450 597; baseline -0.003 -20"><span class='ocrx_word' id='word_1_14' title='bbox 153 510 480 597; x_wconf 86' lang='grc' dir='ltr'><strong><em>Ἐτάρχου,</em></strong></span> <span class='ocrx_word' id='word_1_15' title='bbox 517 514 591 579; x_wconf 78' lang='grc' dir='ltr'><strong><em>οἱ</em></strong></span> <span class='ocrx_word' id='word_1_16' title='bbox 615 510 690 578; x_wconf 72' lang='grc' dir='ltr'><strong><em>δὲ</em></strong></span> <span class='ocrx_word' id='word_1_17' title='bbox 727 507 1430 596; x_wconf 78' lang='grc' dir='ltr'>Σκαμανδρωνύμου),</span> <span class='ocrx_word' id='word_1_18' title='bbox 1467 504 1716 594; x_wconf 84' lang='grc' dir='ltr'><strong><em>μητρὸς</em></strong></span> <span class='ocrx_word' id='word_1_19' title='bbox 1747 504 1821 572; x_wconf 76' lang='grc' dir='ltr'><strong><em>δὲ</em></strong></span> <span class='ocrx_word' id='word_1_20' title='bbox 1850 503 2158 589; x_wconf 88' lang='grc' dir='ltr'><strong><em>Κλειδός,</em></strong></span> <span class='ocrx_word' id='word_1_21' title='bbox 2198 508 2450 589; x_wconf 85' lang='grc' dir='ltr'><em>Λεσβία</em></span> 
     </span>
     <span class='ocr_line' id='line_1_4' title="bbox 157 607 2451 705; baseline -0.003 -22"><span class='ocrx_word' id='word_1_22' title='bbox 157 618 215 697; x_wconf 80' lang='grc' dir='ltr'><strong><em>ἐξ</em></strong></span> <span class='ocrx_word' id='word_1_23' title='bbox 253 615 612 705; x_wconf 86' lang='grc' dir='ltr'><strong><em>Ἐρεσσοῦ,</em></strong></span> <span class='ocrx_word' id='word_1_24' title='bbox 659 616 922 705; x_wconf 79' lang='grc' dir='ltr'><strong><em>λυρική,</em></strong></span> <span class='ocrx_word' id='word_1_25' title='bbox 973 628 1292 702; x_wconf 76' lang='grc' dir='ltr'><strong><em>γεγονυῖα</em></strong></span> <span class='ocrx_word' id='word_1_26' title='bbox 1338 612 1502 681; x_wconf 83' lang='grc' dir='ltr'><strong><em>κατὰ</em></strong></span> <span class='ocrx_word' id='word_1_27' title='bbox 1548 612 1671 699; x_wconf 82' lang='grc' dir='ltr'><strong><em>τὴν</em></strong></span> <span class='ocrx_word' id='word_1_28' title='bbox 1717 618 1809 698; x_wconf 92' lang='grc' dir='ltr'><strong><em>μβ</em></strong></span> <span class='ocrx_word' id='word_1_29' title='bbox 1822 613 1839 636; x_wconf 89' lang='grc'><em>’</em></span> <span class='ocrx_word' id='word_1_30' title='bbox 1887 609 2288 698; x_wconf 76' lang='grc' dir='ltr'><em>ὀλυμπιάδα,</em></span> <span class='ocrx_word' id='word_1_31' title='bbox 2341 607 2451 677; x_wconf 79' lang='grc' dir='ltr'><strong><em>ὅτε</em></strong></span> 
     </span>
     <span class='ocr_line' id='line_1_5' title="bbox 157 710 2452 809; baseline -0.002 -21"><span class='ocrx_word' id='word_1_32' title='bbox 157 724 257 789; x_wconf 84' lang='grc' dir='ltr'><strong><em>καὶ</em></strong></span> <span class='ocrx_word' id='word_1_33' title='bbox 313 722 624 803; x_wconf 84' lang='grc' dir='ltr'><strong><em>Ἀλκαῖος</em></strong></span> <span class='ocrx_word' id='word_1_34' title='bbox 699 716 785 809; x_wconf 81' lang='grc' dir='ltr'><strong><em>ἦν</em></strong></span> <span class='ocrx_word' id='word_1_35' title='bbox 849 724 962 791; x_wconf 83' lang='grc' dir='ltr'><strong><em>καὶ</em></strong></span> <span class='ocrx_word' id='word_1_36' title='bbox 1028 728 1440 808; x_wconf 84' lang='grc' dir='ltr'><strong><em>Στησίχορος</em></strong></span> <span class='ocrx_word' id='word_1_37' title='bbox 1501 721 1614 787; x_wconf 84' lang='grc' dir='ltr'><strong><em>καὶ</em></strong></span> <span class='ocrx_word' id='word_1_38' title='bbox 1686 717 2032 797; x_wconf 85' lang='grc' dir='ltr'><strong><em>Πιττακός.</em></strong></span> <span class='ocrx_word' id='word_1_39' title='bbox 2137 710 2310 803; x_wconf 77' lang='grc' dir='ltr'><strong><em>ἦσαν</em></strong></span> <span class='ocrx_word' id='word_1_40' title='bbox 2377 716 2452 783; x_wconf 76' lang='grc' dir='ltr'><strong><em>δὲ</em></strong></span> 
     </span>
     <span class='ocr_line' id='line_1_6' title="bbox 155 822 2504 919; baseline -0.003 -23"><span class='ocrx_word' id='word_1_41' title='bbox 155 828 309 919; x_wconf 79' lang='grc' dir='ltr'><strong><em>αὐτῇ</em></strong></span> <span class='ocrx_word' id='word_1_42' title='bbox 355 832 476 899; x_wconf 80' lang='grc' dir='ltr'><strong><em>καὶ</em></strong></span> <span class='ocrx_word' id='word_1_43' title='bbox 526 829 808 917; x_wconf 80' lang='grc' dir='ltr'><strong><em>ἀδελφοὶ</em></strong></span> <span class='ocrx_word' id='word_1_44' title='bbox 855 829 948 917; x_wconf 78' lang='grc' dir='ltr'><strong><em>γ’,</em></strong></span> <span class='ocrx_word' id='word_1_45' title='bbox 999 829 1312 918; x_wconf 80' lang='grc' dir='ltr'><em>Λάριχος,</em></span> <span class='ocrx_word' id='word_1_46' title='bbox 1361 829 1680 916; x_wconf 76' lang='grc' dir='ltr'><strong><em>Χάραξος,</em></strong></span> <span class='ocrx_word' id='word_1_47' title='bbox 1729 824 2079 915; x_wconf 78' lang='grc' dir='ltr'><strong><em>Εὐρύγιος.</em></strong></span> <span class='ocrx_word' id='word_1_48' title='bbox 2145 822 2449 912; x_wconf 76' lang='grc' dir='ltr'>ἐγαμήθη</span> <span class='ocrx_word' id='word_1_49' title='bbox 2479 843 2504 883; x_wconf 83' lang='grc'>5</span> 
     </span>
     <span class='ocr_line' id='line_1_7' title="bbox 157 930 2452 1028; baseline -0.002 -26"><span class='ocrx_word' id='word_1_50' title='bbox 157 937 222 1003; x_wconf 76' lang='grc' dir='ltr'><strong><em>δὲ</em></strong></span> <span class='ocrx_word' id='word_1_51' title='bbox 263 936 468 1027; x_wconf 77' lang='grc' dir='ltr'><strong><em>ἀνδρὶ</em></strong></span> <span class='ocrx_word' id='word_1_52' title='bbox 517 938 832 1028; x_wconf 77' lang='grc' dir='ltr'><strong><em>Κερκύλᾳ</em></strong></span> <span class='ocrx_word' id='word_1_53' title='bbox 876 935 1372 1027; x_wconf 88' lang='grc' dir='ltr'><strong><em>πλουσιωτάτῳ,</em></strong></span> <span class='ocrx_word' id='word_1_54' title='bbox 1414 932 1782 1025; x_wconf 73' lang='grc' dir='ltr'><strong><em>ὡρμημένῳ</em></strong></span> <span class='ocrx_word' id='word_1_55' title='bbox 1822 930 1952 1000; x_wconf 83' lang='grc' dir='ltr'><strong><em>ἀπὸ</em></strong></span> <span class='ocrx_word' id='word_1_56' title='bbox 1970 930 2293 1018; x_wconf 75' lang='grc' dir='ltr'><strong><em>”Ανδρου,</em></strong></span> <span class='ocrx_word' id='word_1_57' title='bbox 2339 934 2452 998; x_wconf 85' lang='grc' dir='ltr'><strong><em>καὶ</em></strong></span> 
     </span>
     <span class='ocr_line' id='line_1_8' title="bbox 153 1030 2453 1133; baseline -0.003 -23"><span class='ocrx_word' id='word_1_58' title='bbox 153 1048 491 1133; x_wconf 78' lang='grc' dir='ltr'><strong><em>θυγατέρα</em></strong></span> <span class='ocrx_word' id='word_1_59' title='bbox 553 1045 906 1133; x_wconf 82' lang='grc' dir='ltr'><strong><em>ἐποιήσατο</em></strong></span> <span class='ocrx_word' id='word_1_60' title='bbox 960 1048 1025 1127; x_wconf 79' lang='grc' dir='ltr'><strong><em>ἐξ</em></strong></span> <span class='ocrx_word' id='word_1_61' title='bbox 1081 1042 1322 1129; x_wconf 82' lang='grc' dir='ltr'><strong><em>αὐτοῦ,</em></strong></span> <span class='ocrx_word' id='word_1_62' title='bbox 1380 1040 1420 1130; x_wconf 80' lang='grc' dir='ltr'>ἢ</span> <span class='ocrx_word' id='word_1_63' title='bbox 1469 1044 1672 1122; x_wconf 78' lang='grc' dir='ltr'><strong><em>Κλεὶς</em></strong></span> <span class='ocrx_word' id='word_1_64' title='bbox 1719 1039 2107 1128; x_wconf 72' lang='grc' dir='ltr'><strong><em>ὠνομάσθη.</em></strong></span> <span class='ocrx_word' id='word_1_65' title='bbox 2200 1030 2453 1125; x_wconf 68' lang='grc' dir='ltr'><strong><em>ἕταέραι</em></strong></span> 
     </span>
     <span class='ocr_line' id='line_1_9' title="bbox 156 1145 2453 1241; baseline -0.003 -24"><span class='ocrx_word' id='word_1_66' title='bbox 156 1150 221 1217; x_wconf 77' lang='grc' dir='ltr'><strong><em>δὲ</em></strong></span> <span class='ocrx_word' id='word_1_67' title='bbox 265 1151 480 1240; x_wconf 82' lang='grc' dir='ltr'><strong><em>αὐτῆς</em></strong></span> <span class='ocrx_word' id='word_1_68' title='bbox 527 1156 638 1221; x_wconf 77' lang='grc' dir='ltr'><strong><em>καὶ</em></strong></span> <span class='ocrx_word' id='word_1_69' title='bbox 686 1160 876 1241; x_wconf 84' lang='grc' dir='ltr'><strong><em>φίλαι</em></strong></span> <span class='ocrx_word' id='word_1_70' title='bbox 922 1154 1236 1239; x_wconf 78' lang='grc' dir='ltr'><strong><em>γεγόνασι</em></strong></span> <span class='ocrx_word' id='word_1_71' title='bbox 1275 1153 1364 1237; x_wconf 84' lang='grc' dir='ltr'><strong><em>γ’,</em></strong></span> <span class='ocrx_word' id='word_1_72' title='bbox 1405 1148 1651 1235; x_wconf 81' lang='grc' dir='ltr'><strong><em>Ἀτθίς,</em></strong></span> <span class='ocrx_word' id='word_1_73' title='bbox 1706 1154 2095 1233; x_wconf 87' lang='grc' dir='ltr'><strong><em>Τελεσίππα,</em></strong></span> <span class='ocrx_word' id='word_1_74' title='bbox 2144 1145 2453 1234; x_wconf 80' lang='grc' dir='ltr'><strong><em>Μεγάρα,</em></strong></span> 
     </span>
     <span class='ocr_line' id='line_1_10' title="bbox 155 1252 2454 1347; baseline -0.001 -24"><span class='ocrx_word' id='word_1_75' title='bbox 155 1257 312 1343; x_wconf 88' lang='grc' dir='ltr'><strong><em>πρὸς</em></strong></span> <span class='ocrx_word' id='word_1_76' title='bbox 367 1256 450 1339; x_wconf 76' lang='grc' dir='ltr'><strong><em>ἃς</em></strong></span> <span class='ocrx_word' id='word_1_77' title='bbox 514 1260 626 1327; x_wconf 82' lang='grc' dir='ltr'><strong><em>καὶ</em></strong></span> <span class='ocrx_word' id='word_1_78' title='bbox 684 1258 1012 1347; x_wconf 84' lang='grc' dir='ltr'><strong><em>διαβολὴν</em></strong></span> <span class='ocrx_word' id='word_1_79' title='bbox 1072 1265 1260 1345; x_wconf 80' lang='grc' dir='ltr'><strong><em>ἔσχεν</em></strong></span> <span class='ocrx_word' id='word_1_80' title='bbox 1309 1260 1585 1345; x_wconf 82' lang='grc' dir='ltr'><strong><em>αἰσχρᾶς</em></strong></span> <span class='ocrx_word' id='word_1_81' title='bbox 1630 1263 1873 1343; x_wconf 83' lang='grc' dir='ltr'><strong><em>φιλίας.</em></strong></span> <span class='ocrx_word' id='word_1_82' title='bbox 1965 1253 2331 1343; x_wconf 81' lang='grc' dir='ltr'><strong><em>μαθήτριαι</em></strong></span> <span class='ocrx_word' id='word_1_83' title='bbox 2379 1252 2454 1321; x_wconf 76' lang='grc' dir='ltr'><strong><em>δὲ</em></strong></span> 
     </span>
     <span class='ocr_line' id='line_1_11' title="bbox 153 1362 2533 1456; baseline -0.001 -26"><span class='ocrx_word' id='word_1_84' title='bbox 153 1362 347 1452; x_wconf 80' lang='grc' dir='ltr'><strong><em>αὐτῆς</em></strong></span> <span class='ocrx_word' id='word_1_85' title='bbox 372 1364 712 1456; x_wconf 81' lang='grc' dir='ltr'><strong><em>Ἀναγόρα</em></strong></span> <span class='ocrx_word' id='word_1_86' title='bbox 745 1373 1069 1454; x_wconf 91' lang='grc' dir='ltr'><strong><em>Μιλησία,</em></strong></span> <span class='ocrx_word' id='word_1_87' title='bbox 1113 1372 1172 1435; x_wconf 91' lang='grc' dir='ltr'><strong><em>Γ</em></strong></span> <span class='ocrx_word' id='word_1_88' title='bbox 1166 1365 1419 1452; x_wconf 78' lang='grc' dir='ltr'><strong><em>ογγύλα</em></strong></span> <span class='ocrx_word' id='word_1_89' title='bbox 1451 1370 1885 1451; x_wconf 84' lang='grc' dir='ltr'><strong><em>Κολοφωνία,</em></strong></span> <span class='ocrx_word' id='word_1_90' title='bbox 1912 1362 2205 1431; x_wconf 86' lang='grc' dir='ltr'><strong><em>Εὐνείκα</em></strong></span> <span class='ocrx_word' id='word_1_91' title='bbox 2234 1369 2452 1429; x_wconf 88' lang='grc' dir='ltr'><strong><em>Σαλα·</em></strong></span> <span class='ocrx_word' id='word_1_92' title='bbox 2482 1380 2533 1419; x_wconf 83' lang='grc'><strong><em>10</em></strong></span> 
     </span>
     <span class='ocr_line' id='line_1_12' title="bbox 155 1468 2453 1563; baseline -0.001 -24"><span class='ocrx_word' id='word_1_93' title='bbox 155 1479 350 1557; x_wconf 89' lang='grc' dir='ltr'><strong><em>μινία.</em></strong></span> <span class='ocrx_word' id='word_1_94' title='bbox 469 1482 720 1563; x_wconf 79' lang='grc' dir='ltr'><strong><em>ἔγραψε</em></strong></span> <span class='ocrx_word' id='word_1_95' title='bbox 793 1475 868 1543; x_wconf 75' lang='grc' dir='ltr'><strong><em>δὲ</em></strong></span> <span class='ocrx_word' id='word_1_96' title='bbox 942 1478 1160 1562; x_wconf 79' lang='grc' dir='ltr'><strong><em>μελῶν</em></strong></span> <span class='ocrx_word' id='word_1_97' title='bbox 1225 1475 1519 1560; x_wconf 80' lang='grc' dir='ltr'><strong><em>λυρικῶν</em></strong></span> <span class='ocrx_word' id='word_1_98' title='bbox 1583 1478 1809 1559; x_wconf 87' lang='grc' dir='ltr'><strong><em>βιβλία</em></strong></span> <span class='ocrx_word' id='word_1_99' title='bbox 1874 1469 1954 1537; x_wconf 81' lang='grc' dir='ltr'><strong><em>θ’</em></strong></span> <span class='ocrx_word' id='word_1_100' title='bbox 1959 1523 1978 1557; x_wconf 91' lang='grc'><strong><em>,</em></strong></span> <span class='ocrx_word' id='word_1_101' title='bbox 2054 1470 2163 1538; x_wconf 81' lang='grc' dir='ltr'><strong><em>καὶ</em></strong></span> <span class='ocrx_word' id='word_1_102' title='bbox 2228 1468 2453 1557; x_wconf 74' lang='grc' dir='ltr'><strong><em>πρώτη</em></strong></span> 
     </span>
     <span class='ocr_line' id='line_1_13' title="bbox 155 1576 2455 1672; baseline -0.002 -25"><span class='ocrx_word' id='word_1_103' title='bbox 155 1586 492 1672; x_wconf 82' lang='grc' dir='ltr'><strong><em>πλῆκτρον</em></strong></span> <span class='ocrx_word' id='word_1_104' title='bbox 559 1576 774 1671; x_wconf 83' lang='grc' dir='ltr'><strong><em>εὗρεν.</em></strong></span> <span class='ocrx_word' id='word_1_105' title='bbox 877 1588 1124 1670; x_wconf 82' lang='grc' dir='ltr'><strong><em>ἔγραψε</em></strong></span> <span class='ocrx_word' id='word_1_106' title='bbox 1191 1581 1267 1647; x_wconf 77' lang='grc' dir='ltr'><strong><em>δὲ</em></strong></span> <span class='ocrx_word' id='word_1_107' title='bbox 1329 1581 1442 1647; x_wconf 82' lang='grc' dir='ltr'><strong><em>καὶ</em></strong></span> <span class='ocrx_word' id='word_1_108' title='bbox 1507 1578 1963 1667; x_wconf 82' lang='grc' dir='ltr'><strong><em>ἐπιγράμματα</em></strong></span> <span class='ocrx_word' id='word_1_109' title='bbox 2025 1578 2137 1645; x_wconf 85' lang='grc' dir='ltr'><strong><em>καὶ</em></strong></span> <span class='ocrx_word' id='word_1_110' title='bbox 2201 1580 2455 1662; x_wconf 76' lang='grc' dir='ltr'><strong><em>ἐλεγεῖα</em></strong></span> 
     </span>
     <span class='ocr_line' id='line_1_14' title="bbox 163 1688 1222 1781; baseline 0.001 -27"><span class='ocrx_word' id='word_1_111' title='bbox 163 1688 292 1778; x_wconf 81' lang='grc' dir='ltr'><strong><em>[καὶ</em></strong></span> <span class='ocrx_word' id='word_1_112' title='bbox 343 1691 640 1778; x_wconf 81' lang='grc' dir='ltr'><strong><em>ἰάμβους</em></strong></span> <span class='ocrx_word' id='word_1_113' title='bbox 684 1691 796 1758; x_wconf 83' lang='grc' dir='ltr'><strong><em>καὶ</em></strong></span> <span class='ocrx_word' id='word_1_114' title='bbox 843 1694 1222 1781; x_wconf 86' lang='grc' dir='ltr'><strong><em>μονῳδίας].</em></strong></span> 
     </span>
    </p>
   </div>
   <div class='ocr_carea' id='block_1_3' title="bbox 157 1797 2535 2758">
    <p class='ocr_par' dir='ltr' id='par_1_3' title="bbox 157 1797 2535 2215">
     <span class='ocr_line' id='line_1_15' title="bbox 324 1797 2453 1891; baseline -0.002 -20"><span class='ocrx_word' id='word_1_115' title='bbox 324 1807 617 1875; x_wconf 84' lang='lat' dir='ltr'><strong>DCOVI.</strong></span> <span class='ocrx_word' id='word_1_116' title='bbox 680 1806 1007 1891; x_wconf 75' lang='grc' dir='ltr'><strong><em>[Σαπφὼ</em></strong></span> <span class='ocrx_word' id='word_1_117' title='bbox 1044 1808 1297 1889; x_wconf 87' lang='grc' dir='ltr'><strong><em>Λεσβία</em></strong></span> <span class='ocrx_word' id='word_1_118' title='bbox 1337 1805 1408 1871; x_wconf 79' lang='grc' dir='ltr'><strong><em>ἐκ</em></strong></span> <span class='ocrx_word' id='word_1_119' title='bbox 1447 1801 1864 1889; x_wconf 82' lang='grc' dir='ltr'><strong><em>Μιτυλήνης,</em></strong></span> <span class='ocrx_word' id='word_1_120' title='bbox 1908 1800 2212 1888; x_wconf 85' lang='grc' dir='ltr'><strong><em>ψάλτρια.</em></strong></span> <span class='ocrx_word' id='word_1_121' title='bbox 2286 1797 2453 1885; x_wconf 77' lang='grc' dir='ltr'><strong><em>αὕτη</em></strong></span> 
     </span>
     <span class='ocr_line' id='line_1_16' title="bbox 157 1906 2535 1997; baseline -0.001 -20"><span class='ocrx_word' id='word_1_122' title='bbox 157 1906 242 1975; x_wconf 87' lang='grc' dir='ltr'><strong><em>δι’</em></strong></span> <span class='ocrx_word' id='word_1_123' title='bbox 301 1916 523 1997; x_wconf 79' lang='grc' dir='ltr'><strong><em>ἔρωτα</em></strong></span> <span class='ocrx_word' id='word_1_124' title='bbox 577 1912 859 1991; x_wconf 83' lang='grc' dir='ltr'><strong><em>Φάωνος</em></strong></span> <span class='ocrx_word' id='word_1_125' title='bbox 911 1914 1032 1979; x_wconf 87' lang='grc' dir='ltr'><strong><em>τοῦ</em></strong></span> <span class='ocrx_word' id='word_1_126' title='bbox 1087 1916 1562 1996; x_wconf 88' lang='grc' dir='ltr'><strong><em>Μιτυληναίου</em></strong></span> <span class='ocrx_word' id='word_1_127' title='bbox 1620 1911 1690 1976; x_wconf 82' lang='grc' dir='ltr'><strong><em>ἐκ</em></strong></span> <span class='ocrx_word' id='word_1_128' title='bbox 1745 1913 1867 1976; x_wconf 84' lang='grc' dir='ltr'><strong><em>τοῦ</em></strong></span> <span class='ocrx_word' id='word_1_129' title='bbox 1913 1908 2261 1977; x_wconf 87' lang='grc' dir='ltr'><strong><em>Λευκάτου</em></strong></span> <span class='ocrx_word' id='word_1_130' title='bbox 2306 1933 2451 1976; x_wconf 85' lang='grc' dir='ltr'><strong><em>κατ·</em></strong></span> <span class='ocrx_word' id='word_1_131' title='bbox 2486 1926 2535 1965; x_wconf 83' lang='lat'><strong><em>15</em></strong></span> 
     </span>
     <span class='ocr_line' id='line_1_17' title="bbox 158 2012 2455 2105; baseline 0 -24"><span class='ocrx_word' id='word_1_132' title='bbox 158 2017 535 2089; x_wconf 84' lang='grc' dir='ltr'><strong><em>επόντωσεν</em></strong></span> <span class='ocrx_word' id='word_1_133' title='bbox 597 2019 857 2105; x_wconf 82' lang='grc' dir='ltr'><strong><em>ἑαυτήν.</em></strong></span> <span class='ocrx_word' id='word_1_134' title='bbox 949 2018 1126 2098; x_wconf 73' lang='grc' dir='ltr'><strong><em>τινὲς</em></strong></span> <span class='ocrx_word' id='word_1_135' title='bbox 1192 2018 1266 2085; x_wconf 72' lang='grc' dir='ltr'><strong><em>δὲ</em></strong></span> <span class='ocrx_word' id='word_1_136' title='bbox 1325 2019 1435 2085; x_wconf 81' lang='grc' dir='ltr'><strong><em>καὶ</em></strong></span> <span class='ocrx_word' id='word_1_137' title='bbox 1490 2016 1731 2104; x_wconf 85' lang='grc' dir='ltr'><strong><em>ταύτης</em></strong></span> <span class='ocrx_word' id='word_1_138' title='bbox 1791 2014 1961 2084; x_wconf 84' lang='grc' dir='ltr'><strong><em>εἶναι</em></strong></span> <span class='ocrx_word' id='word_1_139' title='bbox 2013 2014 2292 2103; x_wconf 80' lang='grc' dir='ltr'><strong><em>λυρικὴν</em></strong></span> <span class='ocrx_word' id='word_1_140' title='bbox 2340 2012 2455 2083; x_wconf 81' lang='grc' dir='ltr'><strong><em>ἀν-</em></strong></span> 
     </span>
     <span class='ocr_line' id='line_1_18' title="bbox 165 2123 830 2215; baseline 0.003 -23"><span class='ocrx_word' id='word_1_141' title='bbox 165 2123 468 2211; x_wconf 79' lang='grc' dir='ltr'><strong><em>έγραψαν</em></strong></span> <span class='ocrx_word' id='word_1_142' title='bbox 513 2133 830 2215; x_wconf 87' lang='grc' dir='ltr'><strong><em>ποίησιν.]</em></strong></span> 
     </span>
    </p>

    <p class='ocr_par' dir='ltr' id='par_1_4' title="bbox 159 2234 2534 2758">
     <span class='ocr_line' id='line_1_19' title="bbox 325 2234 2457 2330; baseline -0.002 -21"><span class='ocrx_word' id='word_1_143' title='bbox 325 2244 654 2312; x_wconf 83' lang='lat' dir='ltr'><strong>DCOVII.</strong></span> <span class='ocrx_word' id='word_1_144' title='bbox 717 2248 1152 2330; x_wconf 84' lang='grc' dir='ltr'><strong><em>Σαραπίων</em></strong></span> <span class='ocrx_word' id='word_1_145' title='bbox 1200 2240 1234 2310; x_wconf 87' lang='grc' dir='ltr'>ὁ</span> <span class='ocrx_word' id='word_1_146' title='bbox 1284 2250 1519 2320; x_wconf 79' lang='grc' dir='ltr'><strong><em>Αἴλιος</em></strong></span> <span class='ocrx_word' id='word_1_147' title='bbox 1564 2244 1985 2327; x_wconf 82' lang='grc' dir='ltr'><strong><em>χρηματίσας,</em></strong></span> <span class='ocrx_word' id='word_1_148' title='bbox 2032 2236 2251 2326; x_wconf 78' lang='grc' dir='ltr'><strong><em>ῥήτωρ</em></strong></span> <span class='ocrx_word' id='word_1_149' title='bbox 2284 2234 2457 2304; x_wconf 85' lang='grc' dir='ltr'><strong><em>Ἀλε-</em></strong></span> 
     </span>
     <span class='ocr_line' id='line_1_20' title="bbox 159 2343 2456 2438; baseline -0.007 -15"><span class='ocrx_word' id='word_1_150' title='bbox 159 2345 503 2433; x_wconf 76' lang='grc' dir='ltr'><strong><em>ξανδρεύς.</em></strong></span> <span class='ocrx_word' id='word_1_151' title='bbox 577 2354 822 2438; x_wconf 81' lang='grc' dir='ltr'><strong><em>ἔγραψε</em></strong></span> <span class='ocrx_word' id='word_1_152' title='bbox 869 2350 1016 2437; x_wconf 86' lang='grc' dir='ltr'><strong><em>περὶ</em></strong></span> <span class='ocrx_word' id='word_1_153' title='bbox 1063 2354 1200 2417; x_wconf 79' lang='grc' dir='ltr'><strong><em>τῶν</em></strong></span> <span class='ocrx_word' id='word_1_154' title='bbox 1243 2351 1316 2417; x_wconf 82' lang='grc' dir='ltr'><strong><em>ἐν</em></strong></span> <span class='ocrx_word' id='word_1_155' title='bbox 1354 2362 1496 2426; x_wconf 80' lang='grc' dir='ltr'><strong><em>ταῖς</em></strong></span> <span class='ocrx_word' id='word_1_156' title='bbox 1534 2348 1831 2433; x_wconf 85' lang='grc' dir='ltr'><strong><em>μελέταις</em></strong></span> <span class='ocrx_word' id='word_1_157' title='bbox 1867 2343 2456 2433; x_wconf 84' lang='grc' dir='ltr'><strong><em>ἁμαρτανομένων,</em></strong></span> 
     </span>
     <span class='ocr_line' id='line_1_21' title="bbox 159 2448 2534 2545; baseline -0.003 -22"><span class='ocrx_word' id='word_1_158' title='bbox 159 2448 552 2541; x_wconf 68' lang='grc' dir='ltr'><strong><em>ἀκροάσεων</em></strong></span> <span class='ocrx_word' id='word_1_159' title='bbox 596 2462 823 2542; x_wconf 89' lang='grc' dir='ltr'><strong><em>βιβλία</em></strong></span> <span class='ocrx_word' id='word_1_160' title='bbox 872 2455 954 2541; x_wconf 80' lang='grc' dir='ltr'><strong><em>ζ’,</em></strong></span> <span class='ocrx_word' id='word_1_161' title='bbox 1001 2453 1461 2543; x_wconf 79' lang='grc' dir='ltr'><strong><em>πανηγυρικὸν</em></strong></span> <span class='ocrx_word' id='word_1_162' title='bbox 1511 2455 1614 2522; x_wconf 81' lang='grc' dir='ltr'><strong><em>ἐπὶ</em></strong></span> <span class='ocrx_word' id='word_1_163' title='bbox 1656 2451 1980 2544; x_wconf 78' lang='grc' dir='ltr'><strong><em>Ἀδριανῷ</em></strong></span> <span class='ocrx_word' id='word_1_164' title='bbox 2028 2458 2118 2545; x_wconf 75' lang='grc' dir='ltr'><strong><em>τῷ</em></strong></span> <span class='ocrx_word' id='word_1_165' title='bbox 2165 2457 2449 2537; x_wconf 83' lang='grc' dir='ltr'><strong><em>βασιλεῖ,</em></strong></span> <span class='ocrx_word' id='word_1_166' title='bbox 2481 2471 2534 2511; x_wconf 80' lang='lat'><strong><em>20</em></strong></span> 
     </span>
     <span class='ocr_line' id='line_1_22' title="bbox 160 2555 2456 2649; baseline -0 -24"><span class='ocrx_word' id='word_1_167' title='bbox 160 2560 596 2641; x_wconf 83' lang='grc' dir='ltr'><strong><em>βουλευτικὸν</em></strong></span> <span class='ocrx_word' id='word_1_168' title='bbox 637 2559 1208 2649; x_wconf 81' lang='grc' dir='ltr'><strong><em>Ἀλεξανδρεῦσιν,</em></strong></span> <span class='ocrx_word' id='word_1_169' title='bbox 1254 2567 1316 2629; x_wconf 87' lang='grc' dir='ltr'><strong><em>εί</em></strong></span> <span class='ocrx_word' id='word_1_170' title='bbox 1361 2566 1633 2641; x_wconf 80' lang='grc' dir='ltr'><strong><em>δικαίως</em></strong></span> <span class='ocrx_word' id='word_1_171' title='bbox 1679 2560 1970 2630; x_wconf 90' lang='grc' dir='ltr'><strong><em>Πλάτων</em></strong></span> <span class='ocrx_word' id='word_1_172' title='bbox 1991 2558 2288 2647; x_wconf 87' lang='grc' dir='ltr'><strong><em>Ὅμηρον</em></strong></span> <span class='ocrx_word' id='word_1_173' title='bbox 2334 2555 2456 2625; x_wconf 85' lang='grc' dir='ltr'><strong><em>άπ-</em></strong></span> 
     </span>
     <span class='ocr_line' id='line_1_23' title="bbox 161 2665 2456 2758; baseline 0 -24"><span class='ocrx_word' id='word_1_174' title='bbox 161 2665 406 2756; x_wconf 81' lang='grc' dir='ltr'><strong><em>έπεμψε</em></strong></span> <span class='ocrx_word' id='word_1_175' title='bbox 454 2674 570 2758; x_wconf 81' lang='grc' dir='ltr'><strong><em>τῆς</em></strong></span> <span class='ocrx_word' id='word_1_176' title='bbox 607 2673 940 2748; x_wconf 87' lang='grc' dir='ltr'><strong><em>πολιτείας</em></strong></span> <span class='ocrx_word' id='word_1_177' title='bbox 984 2670 1095 2737; x_wconf 83' lang='grc' dir='ltr'><strong><em>καὶ</em></strong></span> <span class='ocrx_word' id='word_1_178' title='bbox 1133 2667 1300 2737; x_wconf 78' lang='grc' dir='ltr'><strong><em>ἅλλα</em></strong></span> <span class='ocrx_word' id='word_1_179' title='bbox 1340 2668 1552 2756; x_wconf 87' lang='grc' dir='ltr'><strong><em>συχνά</em></strong></span> <span class='ocrx_word' id='word_1_180' title='bbox 1594 2670 1731 2753; x_wconf 83' lang='grc' dir='ltr'><strong><em>[καὶ</em></strong></span> <span class='ocrx_word' id='word_1_181' title='bbox 1761 2671 2001 2757; x_wconf 83' lang='grc' dir='ltr'><strong><em>τέχνην</em></strong></span> <span class='ocrx_word' id='word_1_182' title='bbox 2044 2666 2456 2756; x_wconf 58' lang='grc' dir='ltr'><strong><em>ῥητορικήν]</em></strong></span> 
     </span>
    </p>
   </div>
   <div class='ocr_carea' id='block_1_4' title="bbox 165 2796 592 2809">
    <p class='ocr_par' dir='ltr' id='par_1_5' title="bbox 165 2796 592 2809">
     <span class='ocr_line' id='line_1_24' title="bbox 165 2796 592 2809; baseline 0 2083"><span class='ocrx_word' id='word_1_183' title='bbox 165 2796 592 2809; x_wconf 95' lang='lat' dir='ltr'><strong><em> </em></strong></span> 
     </span>
    </p>
   </div>
   <div class='ocr_carea' id='block_1_5' title="bbox 159 2862 2462 3579">
    <p class='ocr_par' dir='ltr' id='par_1_6' title="bbox 159 2862 2462 3579">
     <span class='ocr_line' id='line_1_25' title="bbox 301 2862 2457 2938; baseline -0.001 -17"><span class='ocrx_word' id='word_1_184' title='bbox 301 2874 330 2921; x_wconf 88' lang='grc'>1</span> <span class='ocrx_word' id='word_1_185' title='bbox 374 2868 558 2938; x_wconf 81' lang='grc' dir='ltr'><strong><em>Σιμοῦ</em></strong></span> <span class='ocrx_word' id='word_1_186' title='bbox 588 2866 839 2921; x_wconf 74' lang='lat' dir='ltr'><strong>Koem&#39;us</strong></span> <span class='ocrx_word' id='word_1_187' title='bbox 875 2864 936 2919; x_wconf 87' lang='lat' dir='ltr'><strong><em>in</em></strong></span> <span class='ocrx_word' id='word_1_188' title='bbox 965 2865 1192 2935; x_wconf 85' lang='lat' dir='ltr'><strong>Gregor.</strong></span> <span class='ocrx_word' id='word_1_189' title='bbox 1221 2883 1276 2934; x_wconf 88' lang='lat' dir='ltr'><strong><em>p.</em></strong></span> <span class='ocrx_word' id='word_1_190' title='bbox 1298 2872 1402 2919; x_wconf 89' lang='grc'><strong><em>290</em></strong></span> <span class='ocrx_word' id='word_1_191' title='bbox 1440 2868 1625 2936; x_wconf 83' lang='grc' dir='ltr'><strong><em>Σίμου</em></strong></span> <span class='ocrx_word' id='word_1_192' title='bbox 1655 2865 1911 2933; x_wconf 81' lang='lat' dir='ltr'><strong><em>Schaefer</em></strong></span> <span class='ocrx_word' id='word_1_193' title='bbox 1938 2862 2251 2935; x_wconf 81' lang='grc' dir='ltr'><strong><em>Σκάμωνος</em></strong></span> <span class='ocrx_word' id='word_1_194' title='bbox 2277 2865 2457 2919; x_wconf 75' lang='lat' dir='ltr'><strong>Bern-</strong></span> 
     </span>
     <span class='ocr_line' id='line_1_26' title="bbox 159 2941 2457 3017; baseline 0.001 -20"><span class='ocrx_word' id='word_1_195' title='bbox 159 2941 334 3017; x_wconf 76' lang='lat' dir='ltr'><strong><em>hardy</em></strong></span> <span class='ocrx_word' id='word_1_196' title='bbox 447 2954 480 3001; x_wconf 82' lang='lat'><strong>2</strong></span> <span class='ocrx_word' id='word_1_197' title='bbox 520 2943 576 3003; x_wconf 79' lang='grc' dir='ltr'><strong><em>δ’</em></strong></span> <span class='ocrx_word' id='word_1_198' title='bbox 613 2943 916 3016; x_wconf 80' lang='grc' dir='ltr'><strong><em>Ἐτεάρχου</em></strong></span> <span class='ocrx_word' id='word_1_199' title='bbox 946 2946 1267 3001; x_wconf 77' lang='lat' dir='ltr'><strong><em>Gutschmid</em></strong></span> <span class='ocrx_word' id='word_1_200' title='bbox 1373 2947 1710 3009; x_wconf 67' lang='grc' dir='ltr'><strong><em>ΚλειδοῦςἾ</em></strong></span> <span class='ocrx_word' id='word_1_201' title='bbox 1819 2954 1850 3000; x_wconf 91' lang='grc'><strong>3</strong></span> <span class='ocrx_word' id='word_1_202' title='bbox 1885 2942 2147 3015; x_wconf 84' lang='grc' dir='ltr'><strong><em>Ἐρέσσου</em></strong></span> <span class='ocrx_word' id='word_1_203' title='bbox 2173 2950 2274 2998; x_wconf 77' lang='lat' dir='ltr'><strong><em>Av</em></strong></span> <span class='ocrx_word' id='word_1_204' title='bbox 2308 2942 2457 3014; x_wconf 84' lang='grc' dir='ltr'><strong><em>’-Ερε</em></strong></span> 
     </span>
     <span class='ocr_line' id='line_1_27' title="bbox 163 3021 2457 3098; baseline 0.002 -23"><span class='ocrx_word' id='word_1_205' title='bbox 163 3025 257 3077; x_wconf 84' lang='grc' dir='ltr'><strong><em>σοῦ</em></strong></span> <span class='ocrx_word' id='word_1_206' title='bbox 286 3030 438 3098; x_wconf 77' lang='lat' dir='ltr'><strong>vuly.</strong></span> <span class='ocrx_word' id='word_1_207' title='bbox 513 3028 580 3083; x_wconf 91' lang='lat' dir='ltr'><strong><em>de</em></strong></span> <span class='ocrx_word' id='word_1_208' title='bbox 609 3027 814 3081; x_wconf 74' lang='lat' dir='ltr'><strong><em>Pittaci</em></strong></span> <span class='ocrx_word' id='word_1_209' title='bbox 852 3029 1040 3081; x_wconf 73' lang='lat' dir='ltr'><strong>aetate</strong></span> <span class='ocrx_word' id='word_1_210' title='bbox 1079 3026 1326 3082; x_wconf 71' lang='lat' dir='ltr'><strong>concinit</strong></span> <span class='ocrx_word' id='word_1_211' title='bbox 1361 3027 1523 3097; x_wconf 86' lang='lat' dir='ltr'><strong>Diog.</strong></span> <span class='ocrx_word' id='word_1_212' title='bbox 1562 3028 1614 3095; x_wconf 93' lang='lat' dir='ltr'><strong><em>I,</em></strong></span> <span class='ocrx_word' id='word_1_213' title='bbox 1647 3033 1712 3081; x_wconf 84' lang='lat'><strong><em>79</em></strong></span> <span class='ocrx_word' id='word_1_214' title='bbox 1750 3021 1963 3096; x_wconf 82' lang='grc' dir='ltr'><strong><em>ἤκμαζε</em></strong></span> <span class='ocrx_word' id='word_1_215' title='bbox 2005 3022 2149 3079; x_wconf 79' lang='grc' dir='ltr'><strong><em>κατὰ</em></strong></span> <span class='ocrx_word' id='word_1_216' title='bbox 2192 3044 2457 3094; x_wconf 81' lang='grc' dir='ltr'><strong><em>τεσσαρα·</em></strong></span> 
     </span>
     <span class='ocr_line' id='line_1_28' title="bbox 163 3097 2459 3177; baseline 0.001 -22"><span class='ocrx_word' id='word_1_217' title='bbox 163 3104 371 3175; x_wconf 80' lang='grc' dir='ltr'><strong><em>κοστὴν</em></strong></span> <span class='ocrx_word' id='word_1_218' title='bbox 409 3106 684 3176; x_wconf 79' lang='grc' dir='ltr'><strong><em>δευτέραν</em></strong></span> <span class='ocrx_word' id='word_1_219' title='bbox 724 3101 1047 3176; x_wconf 79' lang='grc' dir='ltr'><strong><em>ὀλυμπιάδα</em></strong></span> <span class='ocrx_word' id='word_1_220' title='bbox 1087 3108 1178 3176; x_wconf 82' lang='lat' dir='ltr'><strong>(ef.</strong></span> <span class='ocrx_word' id='word_1_221' title='bbox 1216 3126 1270 3162; x_wconf 82' lang='lat' dir='ltr'><strong>v.</strong></span> <span class='ocrx_word' id='word_1_222' title='bbox 1310 3103 1610 3177; x_wconf 82' lang='grc' dir='ltr'><strong><em>Πιττακός)</em></strong></span> <span class='ocrx_word' id='word_1_223' title='bbox 1776 3112 1809 3160; x_wconf 88' lang='lat'>4</span> <span class='ocrx_word' id='word_1_224' title='bbox 1845 3097 1991 3176; x_wconf 81' lang='grc' dir='ltr'><strong><em>ἦσαν</em></strong></span> <span class='ocrx_word' id='word_1_225' title='bbox 2032 3137 2095 3145; x_wconf 92' lang='grc'>-</span> <span class='ocrx_word' id='word_1_226' title='bbox 2135 3107 2459 3175; x_wconf 85' lang='grc' dir='ltr'><strong><em>Σαλαμινία</em></strong></span> 
     </span>
     <span class='ocr_line' id='line_1_29' title="bbox 165 3184 2462 3257; baseline 0.002 -22"><span class='ocrx_word' id='word_1_227' title='bbox 165 3196 266 3235; x_wconf 87' lang='lat' dir='ltr'><strong>om.</strong></span> <span class='ocrx_word' id='word_1_228' title='bbox 304 3184 489 3252; x_wconf 60' lang='lat' dir='ltr'><strong><em>Eud„</em></strong></span> <span class='ocrx_word' id='word_1_229' title='bbox 535 3202 678 3253; x_wconf 87' lang='lat' dir='ltr'><strong>quae</strong></span> <span class='ocrx_word' id='word_1_230' title='bbox 727 3201 852 3239; x_wconf 85' lang='lat' dir='ltr'><strong><em>cum</em></strong></span> <span class='ocrx_word' id='word_1_231' title='bbox 899 3186 970 3239; x_wconf 83' lang='lat' dir='ltr'><strong><em>ab</em></strong></span> <span class='ocrx_word' id='word_1_232' title='bbox 1007 3185 1275 3256; x_wconf 79' lang='lat' dir='ltr'><strong>Hesychii</strong></span> <span class='ocrx_word' id='word_1_233' title='bbox 1310 3206 1462 3243; x_wconf 90' lang='lat' dir='ltr'><strong>more</strong></span> <span class='ocrx_word' id='word_1_234' title='bbox 1501 3189 1862 3256; x_wconf 64' lang='lat' dir='ltr'><strong>abhorreanss,</strong></span> <span class='ocrx_word' id='word_1_235' title='bbox 1900 3188 2046 3242; x_wconf 68' lang='lat' dir='ltr'><strong>forte</strong></span> <span class='ocrx_word' id='word_1_236' title='bbox 2094 3185 2462 3257; x_wconf 80' lang='lat' dir='ltr'><strong><em>expungenda.</em></strong></span> 
     </span>
     <span class='ocr_line' id='line_1_30' title="bbox 168 3256 2457 3339; baseline 0.002 -24"><span class='ocrx_word' id='word_1_237' title='bbox 168 3256 342 3333; x_wconf 75' lang='grc' dir='ltr'><strong><em>αὐτῆς</em></strong></span> <span class='ocrx_word' id='word_1_238' title='bbox 379 3266 524 3335; x_wconf 81' lang='lat' dir='ltr'><strong>vul9.</strong></span> <span class='ocrx_word' id='word_1_239' title='bbox 564 3259 708 3336; x_wconf 72' lang='grc' dir='ltr'><strong><em>αὐτῇ</em></strong></span> <span class='ocrx_word' id='word_1_240' title='bbox 748 3269 901 3318; x_wconf 70' lang='lat' dir='ltr'><strong><em>ARV</em></strong></span> <span class='ocrx_word' id='word_1_241' title='bbox 1046 3272 1077 3320; x_wconf 84' lang='lat'><strong>5</strong></span> <span class='ocrx_word' id='word_1_242' title='bbox 1116 3263 1373 3338; x_wconf 80' lang='grc' dir='ltr'><strong><em>Λάρυχος</em></strong></span> <span class='ocrx_word' id='word_1_243' title='bbox 1410 3270 1554 3339; x_wconf 82' lang='lat' dir='ltr'><strong>vul9.</strong></span> <span class='ocrx_word' id='word_1_244' title='bbox 1705 3275 1736 3322; x_wconf 83' lang='lat'><strong>6</strong></span> <span class='ocrx_word' id='word_1_245' title='bbox 1775 3264 2083 3339; x_wconf 83' lang='grc' dir='ltr'><strong><em>ὁρμωμένῳ</em></strong></span> <span class='ocrx_word' id='word_1_246' title='bbox 2119 3268 2279 3337; x_wconf 80' lang='lat' dir='ltr'>libri,</span> <span class='ocrx_word' id='word_1_247' title='bbox 2319 3282 2457 3321; x_wconf 83' lang='lat' dir='ltr'><strong>corr.</strong></span> 
     </span>
     <span class='ocr_line' id='line_1_31' title="bbox 165 3340 2460 3417; baseline 0.001 -19"><span class='ocrx_word' id='word_1_248' title='bbox 165 3340 332 3399; x_wconf 77' lang='lat' dir='ltr'><strong><em>Daub</em></strong></span> <span class='ocrx_word' id='word_1_249' title='bbox 502 3351 566 3399; x_wconf 89' lang='grc'><strong><em>10</em></strong></span> <span class='ocrx_word' id='word_1_250' title='bbox 609 3340 931 3415; x_wconf 81' lang='grc' dir='ltr'><strong><em>Ἀνακτορία</em></strong></span> <span class='ocrx_word' id='word_1_251' title='bbox 968 3346 1113 3401; x_wconf 83' lang='lat' dir='ltr'><strong>Max.</strong></span> <span class='ocrx_word' id='word_1_252' title='bbox 1155 3348 1282 3417; x_wconf 81' lang='lat' dir='ltr'><strong>Tyr.</strong></span> <span class='ocrx_word' id='word_1_253' title='bbox 1319 3349 1372 3417; x_wconf 84' lang='grc' dir='ltr'><strong><em>Ι,</em></strong></span> <span class='ocrx_word' id='word_1_254' title='bbox 1409 3355 1479 3402; x_wconf 87' lang='grc'><strong><em>24</em></strong></span> <span class='ocrx_word' id='word_1_255' title='bbox 1638 3355 1701 3401; x_wconf 89' lang='grc'><strong><em>12</em></strong></span> <span class='ocrx_word' id='word_1_256' title='bbox 1732 3366 1847 3417; x_wconf 80' lang='lat' dir='ltr'><strong>seq.</strong></span> <span class='ocrx_word' id='word_1_257' title='bbox 1886 3350 2025 3403; x_wconf 84' lang='lat' dir='ltr'><strong>haee</strong></span> <span class='ocrx_word' id='word_1_258' title='bbox 2063 3346 2144 3403; x_wconf 82' lang='lat' dir='ltr'><strong><em>sio</em></strong></span> <span class='ocrx_word' id='word_1_259' title='bbox 2182 3347 2460 3416; x_wconf 81' lang='lat' dir='ltr'><strong>descripta</strong></span> 
     </span>
     <span class='ocr_line' id='line_1_32' title="bbox 167 3425 2459 3498; baseline 0.003 -24"><span class='ocrx_word' id='word_1_260' title='bbox 167 3427 429 3495; x_wconf 73' lang='lat' dir='ltr'><strong>suspecta,</strong></span> <span class='ocrx_word' id='word_1_261' title='bbox 464 3425 742 3493; x_wconf 74' lang='lat' dir='ltr'><strong>videntur,</strong></span> <span class='ocrx_word' id='word_1_262' title='bbox 781 3443 908 3480; x_wconf 85' lang='lat' dir='ltr'><strong><em>eum</em></strong></span> <span class='ocrx_word' id='word_1_263' title='bbox 944 3429 1167 3496; x_wconf 68' lang='lat' dir='ltr'><strong>praefier</strong></span> <span class='ocrx_word' id='word_1_264' title='bbox 1199 3444 1412 3483; x_wconf 90' lang='lat' dir='ltr'><strong>morem</strong></span> <span class='ocrx_word' id='word_1_265' title='bbox 1440 3429 1853 3498; x_wconf 84' lang='lat' dir='ltr'><strong>Hesychianum</strong></span> <span class='ocrx_word' id='word_1_266' title='bbox 1893 3430 1961 3484; x_wconf 91' lang='lat' dir='ltr'><strong><em>de</em></strong></span> <span class='ocrx_word' id='word_1_267' title='bbox 2000 3428 2335 3484; x_wconf 81' lang='lat' dir='ltr'><strong>carminibus</strong></span> <span class='ocrx_word' id='word_1_268' title='bbox 2374 3427 2459 3481; x_wconf 83' lang='lat' dir='ltr'><strong><em>bis</em></strong></span> 
     </span>
     <span class='ocr_line' id='line_1_33' title="bbox 167 3501 1933 3579; baseline 0.002 -22"><span class='ocrx_word' id='word_1_269' title='bbox 167 3501 386 3561; x_wconf 73' lang='lat' dir='ltr'><strong>dicatur</strong></span> <span class='ocrx_word' id='word_1_270' title='bbox 459 3502 712 3575; x_wconf 78' lang='grc' dir='ltr'><strong><em>ἐλεγείαν</em></strong></span> <span class='ocrx_word' id='word_1_271' title='bbox 750 3510 796 3558; x_wconf 82' lang='grc' dir='ltr'><strong>Δ</strong></span> <span class='ocrx_word' id='word_1_272' title='bbox 844 3509 1092 3563; x_wconf 75' lang='lat' dir='ltr'><strong>extrema</strong></span> <span class='ocrx_word' id='word_1_273' title='bbox 1127 3508 1302 3563; x_wconf 82' lang='lat' dir='ltr'><strong>verba.</strong></span> <span class='ocrx_word' id='word_1_274' title='bbox 1336 3509 1604 3579; x_wconf 85' lang='lat' dir='ltr'><strong>expunxi,</strong></span> <span class='ocrx_word' id='word_1_275' title='bbox 1644 3526 1753 3564; x_wconf 90' lang='lat' dir='ltr'><strong>om.</strong></span> <span class='ocrx_word' id='word_1_276' title='bbox 1784 3510 1933 3562; x_wconf 81' lang='lat' dir='ltr'><strong>Eud.</strong></span> 
     </span>
    </p>
   </div>
   <div class='ocr_carea' id='block_1_6' title="bbox 167 3592 2461 4313">
    <p class='ocr_par' dir='ltr' id='par_1_7' title="bbox 167 3592 2461 4229">
     <span class='ocr_line' id='line_1_34' title="bbox 304 3592 2461 3668; baseline 0 -20"><span class='ocrx_word' id='word_1_277' title='bbox 304 3592 527 3648; x_wconf 86' lang='lat' dir='ltr'>DCCVI</span> <span class='ocrx_word' id='word_1_278' title='bbox 567 3612 674 3650; x_wconf 88' lang='lat' dir='ltr'><strong>om.</strong></span> <span class='ocrx_word' id='word_1_279' title='bbox 713 3600 759 3648; x_wconf 82' lang='grc' dir='ltr'><strong>Δ</strong></span> <span class='ocrx_word' id='word_1_280' title='bbox 797 3598 854 3651; x_wconf 74' lang='lat' dir='ltr'><strong><em>et</em></strong></span> <span class='ocrx_word' id='word_1_281' title='bbox 881 3598 1053 3668; x_wconf 61' lang='lat' dir='ltr'><strong><em>Eud„</em></strong></span> <span class='ocrx_word' id='word_1_282' title='bbox 1091 3599 1262 3653; x_wconf 77' lang='lat' dir='ltr'><strong>habet</strong></span> <span class='ocrx_word' id='word_1_283' title='bbox 1298 3598 1770 3667; x_wconf 75' lang='lat' dir='ltr'><strong><em>Pseudo-Hesyeh.</em></strong></span> <span class='ocrx_word' id='word_1_284' title='bbox 1809 3614 1853 3650; x_wconf 86' lang='lat' dir='ltr'><strong>c.</strong></span> <span class='ocrx_word' id='word_1_285' title='bbox 1885 3603 1970 3664; x_wconf 88' lang='grc'><strong><em>60,</em></strong></span> <span class='ocrx_word' id='word_1_286' title='bbox 2010 3598 2461 3649; x_wconf 74' lang='lat' dir='ltr'>memoraverunt</span> 
     </span>
     <span class='ocr_line' id='line_1_35' title="bbox 167 3674 2456 3746; baseline 0.002 -21"><span class='ocrx_word' id='word_1_287' title='bbox 167 3674 373 3731; x_wconf 73' lang='lat' dir='ltr'><strong>Athen.</strong></span> <span class='ocrx_word' id='word_1_288' title='bbox 412 3675 540 3730; x_wconf 89' lang='lat' dir='ltr'>XIII</span> <span class='ocrx_word' id='word_1_289' title='bbox 578 3694 631 3745; x_wconf 91' lang='lat' dir='ltr'><strong><em>p.</em></strong></span> <span class='ocrx_word' id='word_1_290' title='bbox 664 3682 794 3745; x_wconf 83' lang='lat'><strong>596,</strong></span> <span class='ocrx_word' id='word_1_291' title='bbox 835 3676 1034 3732; x_wconf 76' lang='lat' dir='ltr'><strong>Suidas</strong></span> <span class='ocrx_word' id='word_1_292' title='bbox 1071 3698 1121 3734; x_wconf 85' lang='lat' dir='ltr'><strong>v.</strong></span> <span class='ocrx_word' id='word_1_293' title='bbox 1165 3678 1358 3746; x_wconf 80' lang='grc' dir='ltr'><strong><em>Φάων,</em></strong></span> <span class='ocrx_word' id='word_1_294' title='bbox 1397 3678 1615 3733; x_wconf 82' lang='lat' dir='ltr'><strong>Aelian.</strong></span> <span class='ocrx_word' id='word_1_295' title='bbox 1661 3679 1727 3733; x_wconf 93' lang='lat' dir='ltr'><strong><em>V.</em></strong></span> <span class='ocrx_word' id='word_1_296' title='bbox 1765 3677 1832 3733; x_wconf 92' lang='lat' dir='ltr'><strong><em>H.</em></strong></span> <span class='ocrx_word' id='word_1_297' title='bbox 1872 3677 1992 3742; x_wconf 89' lang='lat' dir='ltr'>XII,</span> <span class='ocrx_word' id='word_1_298' title='bbox 2037 3682 2119 3729; x_wconf 89' lang='grc'><strong><em>19.</em></strong></span> <span class='ocrx_word' id='word_1_299' title='bbox 2179 3675 2259 3730; x_wconf 86' lang='lat' dir='ltr'><strong>Cf.</strong></span> <span class='ocrx_word' id='word_1_300' title='bbox 2294 3675 2456 3730; x_wconf 77' lang='lat' dir='ltr'><strong>Phot.</strong></span> 
     </span>
     <span class='ocr_line' id='line_1_36' title="bbox 168 3751 2457 3827; baseline 0.001 -20"><span class='ocrx_word' id='word_1_301' title='bbox 168 3772 217 3808; x_wconf 87' lang='lat' dir='ltr'><strong>v.</strong></span> <span class='ocrx_word' id='word_1_302' title='bbox 247 3751 553 3825; x_wconf 77' lang='grc' dir='ltr'><strong><em>Αευκάτης.</em></strong></span> <span class='ocrx_word' id='word_1_303' title='bbox 621 3756 705 3809; x_wconf 83' lang='lat' dir='ltr'><strong><em>Ex</em></strong></span> <span class='ocrx_word' id='word_1_304' title='bbox 742 3774 852 3811; x_wconf 83' lang='lat' dir='ltr'><strong><em>una</em></strong></span> <span class='ocrx_word' id='word_1_305' title='bbox 889 3759 1110 3827; x_wconf 73' lang='lat' dir='ltr'><strong>poetria</strong></span> <span class='ocrx_word' id='word_1_306' title='bbox 1147 3760 1283 3815; x_wconf 79' lang='lat' dir='ltr'><strong>duas</strong></span> <span class='ocrx_word' id='word_1_307' title='bbox 1321 3761 1480 3815; x_wconf 69' lang='lat' dir='ltr'><strong>fiebas</strong></span> <span class='ocrx_word' id='word_1_308' title='bbox 1520 3777 1640 3814; x_wconf 83' lang='lat' dir='ltr'><strong>esse</strong></span> <span class='ocrx_word' id='word_1_309' title='bbox 1678 3760 1919 3814; x_wconf 72' lang='lat' dir='ltr'>constat:</span> <span class='ocrx_word' id='word_1_310' title='bbox 1960 3756 2028 3811; x_wconf 86' lang='lat' dir='ltr'><strong><em>ef.</em></strong></span> <span class='ocrx_word' id='word_1_311' title='bbox 2060 3754 2338 3823; x_wconf 85' lang='lat' dir='ltr'><strong>Weloker,</strong></span> <span class='ocrx_word' id='word_1_312' title='bbox 2370 3756 2457 3810; x_wconf 88' lang='lat' dir='ltr'><strong>Kl.</strong></span> 
     </span>
     <span class='ocr_line' id='line_1_37' title="bbox 171 3832 2459 3911; baseline 0.001 -25"><span class='ocrx_word' id='word_1_313' title='bbox 171 3832 322 3894; x_wconf 84' lang='lat' dir='ltr'><strong>Schr.</strong></span> <span class='ocrx_word' id='word_1_314' title='bbox 361 3834 416 3889; x_wconf 92' lang='lat' dir='ltr'><strong><em>II</em></strong></span> <span class='ocrx_word' id='word_1_315' title='bbox 450 3855 505 3908; x_wconf 90' lang='lat' dir='ltr'><strong><em>p.</em></strong></span> <span class='ocrx_word' id='word_1_316' title='bbox 548 3843 674 3904; x_wconf 89' lang='grc'><strong><em>110,</em></strong></span> <span class='ocrx_word' id='word_1_317' title='bbox 714 3837 763 3890; x_wconf 93' lang='lat' dir='ltr'><strong>V</strong></span> <span class='ocrx_word' id='word_1_318' title='bbox 799 3856 854 3907; x_wconf 92' lang='lat' dir='ltr'><strong>p.</strong></span> <span class='ocrx_word' id='word_1_319' title='bbox 893 3844 1024 3907; x_wconf 80' lang='lat'><strong>2383</strong></span> <span class='ocrx_word' id='word_1_320' title='bbox 1071 3840 1291 3895; x_wconf 72' lang='lat' dir='ltr'><strong><em>UnterS.</em></strong></span> <span class='ocrx_word' id='word_1_321' title='bbox 1328 3860 1383 3911; x_wconf 92' lang='lat' dir='ltr'><strong>p.</strong></span> <span class='ocrx_word' id='word_1_322' title='bbox 1418 3848 1513 3908; x_wconf 77' lang='lat'><strong><em>4⁷3</em></strong></span> <span class='ocrx_word' id='word_1_323' title='bbox 1560 3840 1783 3906; x_wconf 87' lang='lat' dir='ltr'><strong>Rohde‚</strong></span> <span class='ocrx_word' id='word_1_324' title='bbox 1831 3839 1971 3892; x_wconf 67' lang='lat' dir='ltr'><strong>Mhs.</strong></span> <span class='ocrx_word' id='word_1_325' title='bbox 2012 3838 2189 3894; x_wconf 87' lang='lat' dir='ltr'><strong>Rhen.</strong></span> <span class='ocrx_word' id='word_1_326' title='bbox 2224 3836 2459 3890; x_wconf 88' lang='lat' dir='ltr'>XXXIII</span> 
     </span>
     <span class='ocr_line' id='line_1_38' title="bbox 169 3917 2459 3990; baseline 0.001 -21"><span class='ocrx_word' id='word_1_327' title='bbox 169 3932 219 3983; x_wconf 91' lang='lat' dir='ltr'><strong>p.</strong></span> <span class='ocrx_word' id='word_1_328' title='bbox 249 3924 370 3972; x_wconf 87' lang='grc'><strong><em>214.</em></strong></span> <span class='ocrx_word' id='word_1_329' title='bbox 437 3918 704 3973; x_wconf 75' lang='lat' dir='ltr'><strong>Additam</strong></span> <span class='ocrx_word' id='word_1_330' title='bbox 742 3917 917 3973; x_wconf 77' lang='lat' dir='ltr'><strong>vitam</strong></span> <span class='ocrx_word' id='word_1_331' title='bbox 957 3919 1028 3974; x_wconf 82' lang='lat' dir='ltr'><strong><em>ab</em></strong></span> <span class='ocrx_word' id='word_1_332' title='bbox 1066 3920 1137 3974; x_wconf 77' lang='lat' dir='ltr'><strong><em>iis</em></strong></span> <span class='ocrx_word' id='word_1_333' title='bbox 1174 3938 1320 3989; x_wconf 80' lang='lat' dir='ltr'><strong>esse,</strong></span> <span class='ocrx_word' id='word_1_334' title='bbox 1358 3922 1456 3990; x_wconf 88' lang='lat' dir='ltr'><strong><em>qui</em></strong></span> <span class='ocrx_word' id='word_1_335' title='bbox 1492 3919 1843 3977; x_wconf 74' lang='lat' dir='ltr'><strong>meretricem</strong></span> <span class='ocrx_word' id='word_1_336' title='bbox 1873 3918 2115 3973; x_wconf 81' lang='lat' dir='ltr'><strong>Phaonis</strong></span> <span class='ocrx_word' id='word_1_337' title='bbox 2144 3935 2331 3972; x_wconf 83' lang='lat' dir='ltr'><strong>amore</strong></span> <span class='ocrx_word' id='word_1_338' title='bbox 2360 3917 2459 3971; x_wconf 79' lang='lat' dir='ltr'><strong><em>ab·</em></strong></span> 
     </span>
     <span class='ocr_line' id='line_1_39' title="bbox 171 3996 2460 4073; baseline 0.001 -25"><span class='ocrx_word' id='word_1_339' title='bbox 171 4001 383 4067; x_wconf 75' lang='lat' dir='ltr'><strong>reptam</strong></span> <span class='ocrx_word' id='word_1_340' title='bbox 411 4014 446 4052; x_wconf 80' lang='lat' dir='ltr'>a</span> <span class='ocrx_word' id='word_1_341' title='bbox 471 3997 690 4067; x_wconf 59' lang='lat' dir='ltr'><strong><em>poessria</em></strong></span> <span class='ocrx_word' id='word_1_342' title='bbox 720 3998 1152 4071; x_wconf 66' lang='lat' dir='ltr'><strong>disfiinguerent,</strong></span> <span class='ocrx_word' id='word_1_343' title='bbox 1191 4002 1513 4058; x_wconf 71' lang='lat' dir='ltr'><strong>observavit</strong></span> <span class='ocrx_word' id='word_1_344' title='bbox 1543 4003 1831 4057; x_wconf 75' lang='lat' dir='ltr'><strong><em>Kusterus.</em></strong></span> <span class='ocrx_word' id='word_1_345' title='bbox 1889 4000 2046 4054; x_wconf 82' lang='lat' dir='ltr'><strong>Certe</strong></span> <span class='ocrx_word' id='word_1_346' title='bbox 2074 4000 2154 4073; x_wconf 31' lang='lat' dir='ltr'><strong><em>*ab</em></strong></span> <span class='ocrx_word' id='word_1_347' title='bbox 2194 3996 2460 4067; x_wconf 81' lang='lat' dir='ltr'><strong>Hesychii</strong></span> 
     </span>
     <span class='ocr_line' id='line_1_40' title="bbox 172 4073 2457 4152; baseline 0.001 -23"><span class='ocrx_word' id='word_1_348' title='bbox 172 4073 392 4147; x_wconf 86' lang='lat' dir='ltr'><strong>ingenio</strong></span> <span class='ocrx_word' id='word_1_349' title='bbox 430 4078 617 4133; x_wconf 82' lang='lat' dir='ltr'><strong>aliena</strong></span> <span class='ocrx_word' id='word_1_350' title='bbox 654 4082 754 4133; x_wconf 78' lang='lat' dir='ltr'><strong>est.</strong></span> <span class='ocrx_word' id='word_1_351' title='bbox 819 4081 901 4133; x_wconf 90' lang='lat' dir='ltr'><strong><em>De</em></strong></span> <span class='ocrx_word' id='word_1_352' title='bbox 940 4081 1136 4136; x_wconf 81' lang='lat' dir='ltr'><strong>eadem</strong></span> <span class='ocrx_word' id='word_1_353' title='bbox 1174 4083 1241 4137; x_wconf 82' lang='lat' dir='ltr'><strong>of.</strong></span> <span class='ocrx_word' id='word_1_354' title='bbox 1273 4082 1486 4152; x_wconf 71' lang='lat' dir='ltr'>MaaSS,</span> <span class='ocrx_word' id='word_1_355' title='bbox 1523 4084 1709 4152; x_wconf 88' lang='lat' dir='ltr'><strong>Biogr.</strong></span> <span class='ocrx_word' id='word_1_356' title='bbox 1748 4100 1801 4151; x_wconf 91' lang='lat' dir='ltr'><strong>p.</strong></span> <span class='ocrx_word' id='word_1_357' title='bbox 1832 4087 1899 4135; x_wconf 86' lang='lat'><strong><em>41</em></strong></span> <span class='ocrx_word' id='word_1_358' title='bbox 2028 4086 2093 4135; x_wconf 87' lang='lat'><strong><em>15</em></strong></span> <span class='ocrx_word' id='word_1_359' title='bbox 2130 4074 2457 4135; x_wconf 79' lang='grc' dir='ltr'><strong><em>κατεπόντι·</em></strong></span> 
     </span>
     <span class='ocr_line' id='line_1_41' title="bbox 174 4156 1097 4229; baseline 0.007 -21"><span class='ocrx_word' id='word_1_360' title='bbox 174 4173 266 4212; x_wconf 81' lang='grc' dir='ltr'><strong><em>σεν</em></strong></span> <span class='ocrx_word' id='word_1_361' title='bbox 301 4160 444 4229; x_wconf 79' lang='lat' dir='ltr'><em>vul9.</em></span> <span class='ocrx_word' id='word_1_362' title='bbox 483 4156 912 4214; x_wconf 81' lang='grc' dir='ltr'><strong><em>κατεπόντωσεν</em></strong></span> <span class='ocrx_word' id='word_1_363' title='bbox 947 4165 1097 4214; x_wconf 72' lang='lat' dir='ltr'><strong>an</strong></span> 
     </span>
    </p>

    <p class='ocr_par' dir='ltr' id='par_1_8' title="bbox 310 4235 2460 4313">
     <span class='ocr_line' id='line_1_42' title="bbox 310 4235 2460 4313; baseline 0 -22"><span class='ocrx_word' id='word_1_364' title='bbox 310 4238 557 4294; x_wconf 85' lang='lat' dir='ltr'>DCCVII</span> <span class='ocrx_word' id='word_1_365' title='bbox 594 4239 744 4293; x_wconf 78' lang='lat' dir='ltr'><strong><em>Eud.</em></strong></span> <span class='ocrx_word' id='word_1_366' title='bbox 783 4258 836 4309; x_wconf 89' lang='lat' dir='ltr'><strong>p.</strong></span> <span class='ocrx_word' id='word_1_367' title='bbox 871 4246 974 4294; x_wconf 87' lang='grc'><strong><em>640</em></strong></span> <span class='ocrx_word' id='word_1_368' title='bbox 1083 4248 1150 4297; x_wconf 86' lang='grc'><strong><em>22</em></strong></span> <span class='ocrx_word' id='word_1_369' title='bbox 1187 4238 1314 4296; x_wconf 78' lang='grc' dir='ltr'><strong><em>τινὰ</em></strong></span> <span class='ocrx_word' id='word_1_370' title='bbox 1352 4260 1455 4312; x_wconf 90' lang='lat' dir='ltr'><strong><em>pro</em></strong></span> <span class='ocrx_word' id='word_1_371' title='bbox 1496 4239 1673 4313; x_wconf 85' lang='grc' dir='ltr'><strong><em>συχνά</em></strong></span> <span class='ocrx_word' id='word_1_372' title='bbox 1712 4246 1805 4295; x_wconf 79' lang='grc' dir='ltr'><strong><em>ΒΕ</em></strong></span> <span class='ocrx_word' id='word_1_373' title='bbox 1924 4242 2021 4297; x_wconf 77' lang='grc' dir='ltr'><strong><em>καὶ</em></strong></span> <span class='ocrx_word' id='word_1_374' title='bbox 2059 4240 2263 4311; x_wconf 82' lang='grc' dir='ltr'><strong><em>τέχνην</em></strong></span> <span class='ocrx_word' id='word_1_375' title='bbox 2300 4235 2460 4311; x_wconf 80' lang='grc' dir='ltr'><strong><em>ῤἠτο-</em></strong></span> 
     </span>
    </p>
   </div>
   <div class='ocr_carea' id='block_1_7' title="bbox 177 4316 2459 4472">
    <p class='ocr_par' dir='ltr' id='par_1_9' title="bbox 177 4316 2459 4472">
     <span class='ocr_line' id='line_1_43' title="bbox 177 4316 2459 4393; baseline 0.003 -21"><span class='ocrx_word' id='word_1_376' title='bbox 177 4316 332 4391; x_wconf 76' lang='grc' dir='ltr'><strong><em>ρικὴν</em></strong></span> <span class='ocrx_word' id='word_1_377' title='bbox 370 4321 641 4375; x_wconf 77' lang='lat' dir='ltr'><strong>lectorem</strong></span> <span class='ocrx_word' id='word_1_378' title='bbox 678 4320 962 4377; x_wconf 79' lang='lat' dir='ltr'><strong>addidisse</strong></span> <span class='ocrx_word' id='word_1_379' title='bbox 999 4322 1292 4393; x_wconf 83' lang='lat' dir='ltr'><strong>probabile</strong></span> <span class='ocrx_word' id='word_1_380' title='bbox 1330 4326 1440 4393; x_wconf 72' lang='lat' dir='ltr'><strong>est,</strong></span> <span class='ocrx_word' id='word_1_381' title='bbox 1478 4324 1590 4378; x_wconf 81' lang='lat' dir='ltr'><strong>nisi</strong></span> <span class='ocrx_word' id='word_1_382' title='bbox 1625 4323 1771 4377; x_wconf 74' lang='lat' dir='ltr'><strong>forte</strong></span> <span class='ocrx_word' id='word_1_383' title='bbox 1810 4324 1940 4378; x_wconf 75' lang='lat' dir='ltr'><strong>ante</strong></span> <span class='ocrx_word' id='word_1_384' title='bbox 1976 4325 2149 4379; x_wconf 82' lang='lat' dir='ltr'><strong>verba</strong></span> <span class='ocrx_word' id='word_1_385' title='bbox 2185 4322 2282 4378; x_wconf 82' lang='grc' dir='ltr'><strong><em>καὶ</em></strong></span> <span class='ocrx_word' id='word_1_386' title='bbox 2320 4318 2459 4378; x_wconf 74' lang='grc' dir='ltr'><strong><em>ἄλλα</em></strong></span> 
     </span>
     <span class='ocr_line' id='line_1_44' title="bbox 179 4399 801 4472; baseline 0.002 -19"><span class='ocrx_word' id='word_1_387' title='bbox 179 4399 346 4472; x_wconf 78' lang='grc' dir='ltr'><strong><em>συχνά</em></strong></span> <span class='ocrx_word' id='word_1_388' title='bbox 385 4401 801 4471; x_wconf 73' lang='lat' dir='ltr'><strong>transponenda</strong></span> 
     </span>
    </p>
   </div>
  </div>
 </body>
</html>
