3025 4892
1135 210 1559 265 HESYCHIUS.
2361 212 2489 275 145

381 371 508 436 DL.
583 374 664 435 N
674 368 1038 455 εόφρων
1092 366 1133 456 ἢ
1189 374 1531 458 Νεοφῶν
1582 369 1962 449 Σικυώνιος
2012 369 2353 457 τραγικός,
2405 362 2490 438 οὗ

207 495 410 559 φασιν
451 473 619 543 εἶναι
660 474 784 561 τὴν
818 479 942 544 τοῦ
973 473 1352 559 Εὐριπίδου
1381 476 1715 563 Μήδειαν.
1770 474 1846 555 ὃς
1880 480 2141 566 πρῶτος
2178 477 2488 565 εἰσήγαγε

203 580 664 669 παιδαγωγοὺς
724 577 866 651 καί
905 587 1185 651 οἰκετῶν
1248 585 1567 669 βάσανον.
1662 587 1925 666 ἐδίδαξε
1983 584 2058 653 δὲ
2114 589 2489 676 τραγῳδίας

205 688 332 772 ρκ’.
407 693 624 776 συνῆν
674 689 748 757 δὲ
793 687 874 757 τὰ
911 690 1072 775 μετὰ
1109 692 1315 757 ταῦτα
1357 687 1767 783 Ἀλεξάνδρφ
1812 695 1903 783 τῷ
1944 690 2330 777 Μακεδόνι,
2376 692 2487 761 καὶ

204 796 376 865 διότι
433 804 628 884 φίλος
683 789 769 883 ἦν
815 798 1264 866 Καλλισθένει
1319 801 1409 889 τῷ
1467 797 1854 890 φιλοσόφῳ,
1910 796 2041 865 σὺν
2088 800 2321 890 ἐκείνω
2374 800 2485 866 καὶ
2512 817 2540 857 ⁶

202 901 406 971 αὐτὸν
449 903 716 973 ἀνεῖλεν
761 908 1110 990 αἰκισμοῖς.
2188 882 2219 903 Ι

375 1014 536 1081 DLI.
621 1020 699 1080 N
711 1013 747 1079 ε’
761 1032 802 1080 σ
823 1038 859 1079 τ
881 1039 934 1080 ω
955 1039 996 1100 ρ
1053 1009 1445 1100 Λαρανδεὺς
1510 1014 1583 1081 ἐκ
1638 1018 1921 1098 Λυκίας,
1976 1010 2318 1097 ἐποποιός,
2364 1037 2485 1081 πα-

198 1116 322 1204 τὴρ
376 1118 809 1206 Πεισάνδρου
883 1123 1006 1188 τοῦ
1075 1124 1388 1206 ποιητοῦ,
1459 1116 1755 1206 γεγονὼς
1816 1120 1922 1189 ἐπὶ
1988 1119 2303 1207 Σεβήρου
2363 1124 2487 1187 τοῦ

198 1228 534 1309 βασιλέως.
605 1224 858 1294 Ἰλιάδα
897 1225 1479 1314 λειπογράμματον
1516 1225 1664 1313 ἤτοι
1702 1225 2171 1314 άστοιχείωτον
2210 1224 2487 1317 (ὁμοίως

199 1332 274 1398 δὲ
329 1330 501 1425 αὐτῷ
559 1331 598 1401 ὁ
655 1333 1138 1422 Τρυφιόδωρος
1193 1338 1484 1420 ἔγραψεν
1538 1331 1952 1403 Ὀδύσσειαν·
2018 1340 2155 1404 ἔστι
2220 1331 2349 1421 γάρ
2411 1336 2486 1403 ἐν
2517 1356 2565 1393 ιο

194 1443 275 1527 τῇ
330 1440 554 1529 πρώτῃ
611 1440 700 1527 μὴ
749 1438 1182 1528 εὑρίσκεσθαι
1229 1439 1322 1525 α’,
1377 1440 1488 1508 καὶ
1534 1439 1699 1508 κατὰ
1748 1442 2105 1533 ῥαψῳδίαν
2150 1438 2365 1521 οὕτως
2407 1439 2483 1509 τὸ

195 1545 467 1634 ἑκάστης
524 1548 912 1635 ἐκλιμπάνει
980 1549 1372 1637 στοιχεῖον),
1445 1547 2024 1636 μεταμορφώσεις,
2086 1546 2311 1636 ὥσπερ
2360 1530 2485 1617 Ικαὶ

199 1657 586 1741 Παρθένιος
633 1652 669 1723 ὁ
719 1656 1046 1740 Νικαεύς,
1093 1654 1204 1722 καὶ
1249 1652 1436 1722 ἄλλα.

371 1764 566 1829 DLH.
640 1761 1094 1849 Νικαγόρας
1132 1766 1496 1847 Μνησαίου
1534 1759 1843 1851 ῥήτορος,
1888 1759 2246 1850 Ἀθηναῖος
2294 1784 2485 1849 σοφι·

190 1868 368 1956 στής.
454 1871 690 1956 γέγονε
748 1868 824 1937 δὲ
871 1867 1040 1936 κατὰ
1091 1874 1428 1936 Φίλιππον
1473 1864 1595 1937 τὸν
1642 1873 1973 1956 Καίσαρα.
2061 1874 2255 1955 βίους
2298 1872 2477 1938 ἐλλο-
2509 1887 2560 1927 1⁶

189 1982 444 2062 γίμων,
490 1976 642 2064 περὶ
688 1974 1124 2061 Κλεοπάτρας
1160 1978 1278 2061 τῆς
1323 1977 1398 2043 ἐν
1449 1974 1750 2063 Τρωάδι,
1795 1975 2273 2064 πρεσβευτικὸν
2318 1976 2486 2065 πρὸς

195 2087 534 2151 Φίλιππον
581 2082 704 2151 τὸν
741 2080 1088 2170 Ῥωμαίων
1131 2082 1428 2167 βασιλέα.

369 2192 606 2259 DLIII.
677 2194 1140 2275 Νίκανδρος
1182 2187 1621 2275 Ξενοφάνους
1666 2190 2141 2280 Κολοφώνιος,
2199 2188 2363 2259 κατὰ
2410 2192 2491 2259 δέ

184 2314 380 2369 τινας
422 2288 753 2374 Αἰτωλός,
803 2286 941 2375 ἅμα
986 2286 1440 2376 γραμματικός
1480 2313 1553 2356 τε
1597 2289 1708 2356 καὶ
1754 2288 2033 2377 ποιητὴς
2076 2289 2187 2356 καὶ
2236 2288 2483 2375 ἰατρός,

182 2395 483 2482 γεγονὼς
508 2396 674 2464 κατὰ
693 2394 814 2463 τὸν
834 2395 995 2463 νέον
1004 2393 1350 2478 Ἄτταλον,
1375 2391 1592 2481 ἤγουν
1609 2394 1730 2464 τὸν
1748 2404 2149 2481 τελευταῖον,
2170 2393 2340 2481 <οὖ>
2360 2393 2481 2463 τὸν
2512 2412 2565 2451 ²⁰

185 2508 672 2589 Γαλατονίκην,
710 2499 794 2571 ὃν
824 2498 1138 2588 Ῥωμαῖοι
1175 2500 1566 2568 κατέλυσαν.
1624 2506 1869 2591 ἔγραψε
1896 2501 2219 2592 Θήριακά,
2250 2500 2480 2584 Ἀλεξι-

183 2609 541 2698 φάρμακα,
597 2608 970 2699 Γεωργικά,
1007 2606 1575 2694 Ἑτεροιουμένων
1631 2614 1856 2695 βιβλία
1902 2613 1979 2696 ε’,
2035 2608 2281 2679 ίάσεων
2329 2629 2482 2677 evv-

183 2716 493 2804 αγωγήν,
555 2713 1019 2806 προγνωστικά
1084 2710 1176 2781 δι’
1232 2715 1411 2783 ἐπῶν
1468 2714 2032 2806 (μεταπέφρασται
2088 2715 2163 2785 δὲ
2217 2717 2291 2784 ἐκ
2343 2719 2481 2783 τῶν

328 2912 425 2967 DL
463 2914 615 2969 Eud.
654 2932 710 2984 p.
739 2918 859 2967 512.
927 2910 1007 2967 Cf.
1034 2909 1324 2974 Welcker‚
1360 2910 1583 2966 Griech.
1622 2911 1791 2981 Trag.
1831 2929 1887 2980 Ρ.
1917 2918 2039 2981 936,
2077 2910 2302 2980 Nauck,
2338 2912 2478 2981 frag.

177 2996 333 3063 izrag.
360 3012 413 3063 p.
446 2998 552 3048 565
676 2999 704 3047 1
745 2989 1030 3061 Νεόφρων
1067 2986 1102 3059 ἣ
1141 3008 1248 3045 om.
1287 2990 1440 3045 Eud.
1477 2992 1625 3046 forte
1664 2992 2035 3061 expungenda.
2070 2995 2201 3046 sunt
2307 2997 2339 3045 2
2378 2992 2481 3045 τοῦ

181 3075 318 3127 ante
357 3068 494 3141 Εὖρ.
531 3075 592 3127 et
628 3072 774 3126 infra.
810 3069 874 3125 δὲ
915 3088 1022 3125 om.
1057 3070 1210 3124 Eud.
1319 3072 1514 3139 πρῶτα
1542 3076 1589 3123 Δ
1697 3079 1732 3126 4
1768 3068 1839 3125 τὰ
1867 3071 1995 3126 add.
2019 3077 2121 3125 Av
2229 3077 2263 3125 5
2302 3072 2483 3140 Supra

178 3172 234 3207 v.
267 3152 657 3221 Καλλισθένης
692 3151 982 3206 Nearchus
1019 3150 1131 3219 eet,
1169 3148 1320 3217 quod
1357 3150 1585 3205 correxi.
1650 3150 1741 3205 An
1778 3144 1842 3215 ὃς
1877 3147 2061 3207 διότιῖ

331 3231 456 3286 DLI
493 3232 644 3288 Eud.
677 3250 732 3301 Ρ.
764 3238 883 3287 512.
941 3228 1022 3285 cf.
1051 3228 1313 3294 Dtintzer,
1349 3228 1452 3298 ΕΡ.
1482 3230 1552 3286 fr.
1580 3230 1633 3282 II
1660 3249 1713 3300 p.
1748 3236 1873 3300 1053
1912 3232 2125 3301 Rohde,
2153 3230 2245 3288 Gr.
2266 3232 2483 3287 Roman

179 3332 238 3382 p.
277 3316 377 3365 130
405 3312 517 3367 not.
539 3318 570 3366 2
685 3316 715 3365 ’1
758 3309 1074 3371 Λυκαονίας
1109 3306 1333 3376 flagitat
1363 3308 1535 3364 Daub
1575 3310 1700 3365 coll.
1732 3310 1925 3380 Steph.
1953 3310 2085 3380 Byz.
2124 3330 2175 3366 v.
2207 3307 2481 3379 Λάρανὸα

181 3399 215 3447 9
249 3386 462 3445 Ἰλιάδα
499 3388 728 3461 γράψας
761 3392 904 3460 vulg.
935 3388 1086 3444 Eud.
1125 3382 1354 3455 γράψας
1381 3404 1490 3444 om.
1520 3395 1620 3443 AV
1660 3389 1805 3445 infra
1843 3390 2057 3462 ἔγραψε
2098 3389 2161 3446 δὲ
2200 3395 2333 3447 ante
2362 3411 2479 3461 μετ.

180 3471 313 3527 add.
350 3473 494 3541 ναῖς.
533 3489 641 3527 om.
671 3476 825 3524 AVB
865 3468 1113 3540 ἔγραψεν
1147 3462 1359 3522 Ἰλιάδα
1397 3501 1464 3512 -
1498 3466 1827 3525 Ὀδύσσειαν
1866 3472 2197 3541 compilavit
2236 3473 2477 3527 Pseudo-

179 3551 419 3621 Hesych.
458 3568 504 3606 c.
534 3557 604 3605 48
745 3557 811 3607 10
849 3544 880 3605 ὁ
924 3555 1105 3620 Τρυφ.
1142 3554 1244 3602 Av
1280 3550 1379 3604 καὶ
1415 3546 1446 3606 ὁ
1489 3555 1672 3620 Τρυφ.
1718 3550 1864 3606 Eud.
1902 3540 2047 3620 &ul-(J.
2188 3556 2253 3605 12
2294 3547 2477 3618 ἐκλιμ-

178 3626 391 3685 πάνειν
428 3648 558 3701 pars
597 3632 721 3687 libr.
759 3633 818 3687 et
853 3632 1006 3687 Eud.

329 3712 481 3766 DLII
508 3712 660 3766 Eud.
691 3731 743 3781 p.
766 3718 870 3767 510
982 3716 1048 3765 15
1077 3709 1157 3765 sic
1181 3712 1282 3762 Av
1312 3707 1526 3779 ἔγραψε
1557 3711 1685 3767 add.
1704 3712 1849 3782 vulq.
1871 3711 2021 3769 Eud.
2124 3714 2191 3765 16
2219 3709 2289 3763 de
2319 3708 2476 3763 Cleo-

181 3791 406 3862 patride
419 3833 433 3860 ,
470 3792 718 3863 Aegypti
761 3791 968 3863 oppido
1004 3805 1178 3860 prope
1215 3788 1474 3843 Troicum
1501 3793 1770 3860 montem,
1808 3790 1902 3861 agi
1937 3791 2129 3847 monet
2156 3788 2479 3843 Gutschmid

181 3889 328 3937 πρεσ
364 3868 562 3927 υτικόν
600 3876 647 3926 Δ

330 3874 504 4004 ssLm
541 3952 694 4007 Eud.
715 3971 770 4022 p.
793 3955 896 4007 509
925 3951 1177 4008 hocloco
1197 3951 1521 4020 excerptum
1540 3950 1693 4005 vitae
1710 3948 1982 4005 Nicandri
2001 3946 2153 4017 apud
2173 3946 2477 4006 Schneider

184 4032 349 4087 Ther.
369 4049 423 4100 p.
446 4038 478 4085 3
499 4032 818 4101 (Westerm.
838 4050 893 4101 p.
917 4033 1006 4101 61)
1030 4031 1236 4085 habere
1255 4030 1371 4084 dixi
1390 4031 1609 4085 UnterS.
1640 4048 1695 4099 p.
1705 4035 1791 4086 49.
1824 4030 2055 4084 Tractat
2074 4027 2254 4095 Daub,
2273 4026 2477 4081 Annal.

182 4111 323 4183 phil.
347 4118 478 4165 1881
503 4130 558 4181 p.
579 4118 684 4167 250
704 4130 816 4181 seq.
927 4118 998 4167 20
1025 4128 1150 4167 cum
1169 4110 1394 4165 Attalus
1415 4109 1441 4162 I
1461 4113 1520 4164 et
1538 4109 1614 4163 ΙΙΙ
1644 4110 1858 4164 confusi
1884 4108 2013 4177 sint,
2042 4122 2287 4163 errorem
2314 4108 2475 4161 nota-

183 4192 274 4248 vit
298 4190 604 4247 Schneider
629 4212 683 4263 p.
702 4192 858 4259 x111;
889 4186 958 4246 οὗ
987 4187 1088 4245 τὸν
1121 4195 1324 4245 Γαλατ.
1355 4188 1553 4259 scripsi
1588 4206 1714 4243 cum
1738 4189 1799 4243 O.
1822 4187 2127 4243 Schneider.
2156 4184 2477 4241 Nicandrea

183 4291 241 4342 p.
261 4276 318 4338 53
347 4270 418 4327 de
445 4272 644 4328 tabula
669 4272 973 4328 carminum
1004 4270 1074 4325 cf.
1104 4270 1431 4337 Schneider,
1471 4267 1691 4325 callim.
1716 4268 1766 4321 11
1794 4286 1849 4337 p.
1881 4274 1977 4336 32,
2004 4266 2192 4335 Βοιὼ,
2220 4268 2288 4323 de
2320 4267 2473 4323 Suid.

185 4371 241 4421 p.
262 4356 365 4405 414
456 4358 525 4405 22
557 4345 1029 4421 ἕταιροιουμένων
1048 4355 1110 4419 Δ,
1142 4346 1741 4419 ἕταιρειουμένωνΕΠ
1767 4352 1884 4403 ΔΙᾱ.
1918 4342 2335 4419 ἓταιρουμένων
2352 4353 2472 4403 Bu.

289 4452 570 4492 Ennomus
580 4479 593 4502 ,
621 4450 690 4491 ed.
717 4450 876 4491 rumh.
1983 4444 2049 4491 10
