3025 4892
581 232 709 297 154
1516 232 1885 288 HESYCHIU
1890 232 1941 288 S.

572 399 1116 482 Βατραχομαχία,
1160 391 1665 483 Ἀραχνομὰχία,
1710 398 2197 481 Γερανομαχία,
2248 400 2563 481 Κεραμίς,
2598 394 2851 483 Ἀμφια-

568 499 741 587 ράου
761 502 1072 586 ἐξέλασις,
1102 507 1423 588 Παίγνια,
1455 505 1773 588 Οἰχαλίας
1800 497 2069 586 ἅλωσις,
2086 498 2561 588 Ἐπιθαλάμια,
2585 500 2851 587 Κύκλος,

567 605 804 695 ὕμνοι,
868 606 1158 696 Κύπρια.
1253 605 1569 696 [γηραιὸς
1606 606 1681 675 δὲ
1724 606 2120 693 τελευτήσας
2166 610 2241 676 ἐν
2285 612 2365 697 τῇ
2412 608 2599 700 νήσῳ
2642 614 2714 698 τῇ
2741 608 2851 700 Ἴῳ

566 716 912 800 τέθαπται,
960 713 1212 802 τυφλὸς
1259 715 1332 781 ἐκ
1375 717 1639 782 παίδων
1685 711 2008 799 γεγονώς·
2053 712 2129 782 τὸ
2177 714 2251 782 δὲ
2288 713 2559 801 ἀληθές,
2606 713 2701 783 ὅτι
2734 713 2854 801 οὐχ
2972 748 2974 809 ᾗ

515 842 541 881 ⁶
567 819 828 910 ἡττήθη
877 825 1264 907 ἐπιθυμίας,
1321 818 1362 908 ἢ
1411 820 1529 888 διὰ
1574 824 1709 890 τῶν
1760 819 2140 908 ὀφθαλμῶν
2186 820 2487 910 ἄρχεται,
2534 823 2645 891 καὶ
2684 820 2853 909 παρὰ
2973 848 2974 855 ³

565 933 763 997 τοῦτο
812 928 1142 1017 ίστορήθη
1189 927 1460 1015 τυφλός.
1537 930 2005 1015 ἐπιγέγραπται
2052 929 2129 998 δὲ
2174 932 2249 999 ἐν
2294 934 2385 1021 τῷ
2423 928 2615 1021 τάφῳ
2654 927 2853 997 αὐτου
2972 932 2974 943 ²

564 1035 721 1104 τόδε
755 1034 829 1105 τὸ
869 1039 1181 1122 ἐλεγεῖον,
1219 1031 1255 1103 ὃ
1293 1033 1424 1103 ὑπὸ
1463 1038 1599 1104 τῶν
1630 1033 1861 1122 Ἰητῶν
1901 1035 2187 1123 ἐποιήθη
2230 1036 2528 1128 [χρόνῳ,]
2568 1035 2839 1105 (ἐνθάδε

564 1140 687 1229 τὴν
745 1141 934 1231 ἱερὰν
979 1142 1280 1231 κεφαλὴν
1321 1140 1486 1211 κατὰ
1532 1156 1691 1229 γαῖα
1736 1142 2081 1230 καλύπτει,
2138 1140 2411 1240 ἀνδρῶν
2457 1141 2695 1231 ἡρῶων
2734 1170 2843 1211 κο-

573 1250 873 1336 σμήτορα
918 1258 1114 1318 θεῖον
1145 1247 1440 1336 Ὅμηρον
1454 1251 1524 1332 ’.]

490 1376 543 1417 1⁰
747 1358 1165 1425 DLXXXIII.
1223 1354 1562 1443 Ὅμηρος
1599 1354 2061 1444 Ἀνδρομάχου
2114 1357 2226 1425 καὶ
2289 1360 2574 1445 Μυροῦς
2619 1362 2853 1437 Βυζαν-

565 1466 729 1546 τίας,
774 1462 1238 1593 ’,γραμματικὸς
1283 1464 1394 1531 καὶ
1439 1468 1837 1555 τραγῳδιῶν
1880 1462 2178 1549 ποιητής,
2228 1463 2335 1532 διὸ
2384 1464 2855 1551 συνηριθμήθη

565 1581 706 1647 τοῖς
761 1567 951 1655 ἑπτά,
1017 1575 1088 1637 οἳ
1134 1568 1213 1638 τὰ
1273 1574 1611 1655 δευτερεῖα
1667 1574 1804 1639 τῶν
1858 1575 2193 1657 τραγικῶν
2248 1576 2475 1658 ἔχουσι
2530 1570 2641 1637 καὶ
2684 1570 2855 1655 ἐκλή-

564 1685 792 1763 θησαν
839 1678 989 1763 <οῐ>
1037 1681 1154 1763 τῆς
1198 1676 1549 1825 Πλειάδος.
1634 1676 1923 1765 ἤκμαζεν
1968 1678 2332 1765 ὀλυμπιάδι
2378 1676 2554 1763 ρκδᾝ
2626 1681 2856 1762 ἔγραψε

570 1782 645 1851 δὲ
690 1788 1068 1874 τραγῳδίας
1114 1785 1237 1871 με’.

495 1911 544 1951 15
750 1892 1168 1959 DLXXXIV.
1218 1888 1555 1977 Ὅμηρος
1582 1888 1706 1977 <ὁ>
1738 1892 2019 1970 Σέλλιος
2046 1897 2471 1978 χρηματίσας,
2508 1916 2849 1979 γραμματι-

567 1994 700 2075 κός.
749 1998 1016 2082 ἐποίησε
1043 1995 1229 2065 τάδε·
1263 1996 1358 2088 Ι”
1313 2022 1601 2084 υμνους,
1639 2002 1914 2083 παίγνια
1952 1996 1999 2087 Ι,
2052 1994 2142 2065 δι’
2177 2000 2356 2065 ἐπῶν
2392 2004 2541 2086 εἴδη
2579 2007 2851 2081 πλεῖστα,

569 2103 734 2187 [καὶ]
793 2103 1260 2191 καταλογάδην
1314 2105 1464 2192 περὶ
1511 2107 1647 2172 τῶν
1694 2106 2007 2190 κωμικῶν
2074 2103 2454 2188 προσώπων
2464 2156 2483 2191 ,
2552 2102 2849 2194 περιοχὰς

569 2214 706 2278 τῶν
763 2213 1179 2301 Μενάνδρου
1225 2210 1603 2300 δραμάτων.
2733 2196 2742 2206 ’

747 2318 1133 2386 DLXXXV.
1211 2316 1653 2405 Ὀνάσιμος,
1702 2316 2006 2405 Κύπριος
2051 2313 2093 2405 ἢ
2142 2317 2595 2405 Σπαρτιάτης,
2634 2318 2647 2409 Ι
2696 2320 2851 2386 ἱστο-

388 2501 393 2505 ,
491 2446 544 2485 ²0
570 2421 757 2511 ρικὸς
821 2424 932 2493 καὶ
991 2424 1004 2515 Ι
1061 2425 1417 2514 σοφιστής,
1488 2429 1627 2493 τῶν
1701 2426 1806 2493 ἐπὶ
1872 2429 2401 2494 Κωνσταντίνου
2467 2426 2854 2513 γενομένων.

571 2535 817 2618 ἔγραψε
871 2529 1170 2601 στάσεων
1226 2533 1614 2620 διαιρέσεις,
1668 2534 1911 2619 τέχνην
1960 2531 2313 2621 δικανικὴν
2356 2530 2525 2621 πρὸς
2566 2530 2851 2618 Ἀψίνην,

571 2781 728 2833 extat
762 2778 820 2834 in
847 2781 1035 2836 Procli
1071 2782 1194 2837 vita
1227 2800 1284 2851 p.
1314 2787 1400 2850 27,
1431 2789 1464 2835 4
1496 2780 1590 2852 (W
1592 2781 1743 2850 est),
1782 2781 1933 2849 quod
1972 2780 2123 2837 varie
2162 2780 2270 2837 viri
2307 2782 2458 2838 docti
2497 2782 2853 2846 correxerunt,

562 2858 984 2916 Ἑπταπάκτιον
1019 2862 1167 2919 infm
1202 2863 1410 2917 Suidae
1451 2862 1609 2930 libri,
1641 2856 2107 2930 Ἑπταπακτικήν
2145 2863 2466 2919 Pseudoher.
2504 2862 2604 2917 vit.
2635 2880 2686 2931 p.
2718 2865 2850 2928 13,1

533 2941 818 3010 .(West.‚)
858 2938 1311 2999 Επταεπάκτιον
1353 2944 1594 3010 TzetzeS,
1640 2943 1823 3011 Alleg.
1861 2943 2026 2997 Hom.
2064 2962 2116 2998 v.
2156 2950 2224 2998 33
2270 2944 2547 3013 probante
2593 2940 2851 3008 Bentleio,

560 3016 948 3086 Επτάπεκτος
973 3024 1023 3076 T
1019 3040 1146 3094 οπερ
1179 3018 1531 3078 ἕπτάπεκτον
1560 3019 1696 3092 αἶγα
1709 3023 1976 3089 AllatiuS,
2005 3023 2153 3092 quod
2182 3024 2414 3078 laudant
2439 3024 2613 3091 Toup.
2634 3020 2847 3074 Emend.

571 3100 640 3168 ΙΙ,
679 3120 731 3169 p.
763 3107 864 3156 578
905 3106 963 3157 et
1002 3104 1266 3171 Welcker,
1305 3104 1406 3173 Ep.
1448 3102 1598 3173 Oyel.
1639 3120 1692 3171 p.
1733 3107 1835 3156 413
1914 3096 2183 3156 ἐπάκτιον
2226 3105 2459 3173 αἴνιγμα
2496 3100 2691 3170 Bergk.
2732 3099 2850 3155 coll.

569 3179 755 3233 Procli
792 3181 912 3235 vita
945 3200 1001 3251 p.
1031 3188 1120 3253 25,
1153 3189 1220 3237 29
1253 3147 1474 3252 {WestQ
1614 3188 1640 3235 1
1682 3187 1921 3250 Βατρα-χ.
1963 3183 2501 3255 μυοβατραχομαχία
2539 3185 2688 3233 ABv
2732 3198 2849 3249 μυο-

571 3260 725 3328 βατρ.
764 3260 912 3315 infra
959 3263 1202 3319 occurrit
1219 3306 1234 3331 ‚
1284 3264 1524 3333 ideoque
1568 3262 1777 3319 iniuria
1819 3263 2090 3333 praetulit
2122 3264 2457 3334 Bernhardy
2601 3280 2850 3330 κεραμεις

569 3344 662 3391 vc
771 3346 802 3395 2
843 3336 1094 3407 ἐξέλασις
1132 3348 1231 3396 AV
1270 3339 1548 3411 ἐξέλευσις
1584 3346 1729 3414 ναῖς.
1874 3351 1908 3399 4
1947 3345 2085 3399 haec
2123 3342 2455 3413 compilavit
2487 3341 2847 3397 Pseudo-Hes.

572 3436 617 3473 e.
649 3424 716 3474 52
862 3427 894 3476 5
935 3418 1157 3493 ἔρχεται
1194 3440 1296 3493 pro
1335 3419 1568 3494 ἄρχεται
1604 3423 1755 3491 Hes„
1793 3425 1944 3492 quod
1984 3423 2341 3479 commendat
2376 3424 2646 3478 Davisius
2654 3463 2672 3489 ,
2707 3416 2849 3490 παρὰ

460 3512 470 3521 ·
571 3500 738 3554 τοῦτο
770 3506 814 3553 Δ
852 3500 949 3557 διὰ
989 3504 1156 3559 τοῦτο
1192 3506 1338 3575 νιιῖρ.
1482 3510 1512 3559 ’1
1554 3498 1735 3575 χρόνῳ
1773 3504 1883 3558 del.
1914 3506 2085 3559 Daub

714 3578 1046 3639 DLXXXIII
1085 3583 1166 3639 Cf.
1204 3603 1255 3640 v.
1296 3580 1494 3654 Μυρῶ.
1571 3584 1804 3639 Tractat
1841 3585 2121 3653 Weloker‚
2167 3582 2387 3639 Griech.
2426 3585 2593 3654 Trag.
2631 3602 2685 3653 p.
2726 3587 2847 3636 1251

573 3668 638 3717 13
679 3659 738 3716 οἱ
768 3662 896 3718 add.
935 3664 1106 3719 Dawb
1146 3662 1272 3720 coll.
1310 3682 1363 3719 v.
1404 3660 1813 3735 Διονυσιάδης,
1851 3666 2145 3727 Σωσίθεος
2308 3660 2437 3732 ρκδ’
2476 3680 2544 3719 ex
2579 3664 2702 3723 Par.
2744 3662 2849 3717 Ku-

568 3746 771 3811 sterust,
812 3742 1036 3815 εἰκοστῇ
1072 3739 1310 3815 τετάρτῃ
1347 3744 1445 3799 rel.

713 3823 1047 3880 DLXXXIV
1086 3822 1168 3880 Cf.
1208 3843 1257 3881 V.
1298 3822 1531 3888 Σέλλιος
1566 3818 1603 3895 ἢ
1639 3826 1877 3887 Σίλλιος.
1951 3826 2183 3880 Tractat
2218 3823 2405 3892 Daub,
2446 3825 2601 3881 stud.
2639 3845 2693 3896 p.
2729 3832 2821 3881 115

571 3910 638 3959 15
675 3900 707 3958 ὁ
741 3904 869 3959 add.
900 3905 1072 3959 Daub
1184 3910 1251 3959 16
1287 3898 1415 3973 ῧμν.
1456 3907 1514 3959 et
1550 3923 1707 3974 παιγ.
1747 3921 1815 3959 ex
1840 3905 2071 3960 Homeri
2104 3904 2225 3961 vita.
2249 3903 2455 3973 illapsa.
2551 3905 2651 3960 καὶ
2679 3925 2782 3961 om.
2812 3910 2850 3957 Δ

573 3988 639 4038 17
679 3983 771 4037 Οἱ·
799 3982 1083 4052 Meineke‚
1119 3984 1295 4052 praef.
1334 3984 1480 4039 Men.
1520 4003 1575 4054 p.
1613 3984 1848 4041 XXXIV
2005 3997 2015 4007 ’

709 4062 1014 4117 DLXXXV
1051 4062 1133 4119 Cf.
1162 4082 1216 4121 v.
1241 4058 1482 4134 Ἀψίνης.
1540 4066 1811 4121 Tractant
1837 4059 2041 4121 Mti'ller
2078 4066 2158 4120 ΙΙΙ
2182 4084 2235 4137 p.
2270 4070 2374 4120 728
2402 4068 2462 4120 et
2486 4066 2667 4135 Daub,
2706 4066 2849 4122 Stud.

567 4162 624 4214 p.
655 4149 723 4199 ‘10
869 4147 935 4197 19
975 4139 1252 4212 ἱστορικὸς
1285 4144 1383 4198 καὶ
1424 4162 1533 4201 om.
1571 4151 1618 4198 Δ
1652 4147 1844 4214 itaque
1882 4146 1954 4200 ad
1992 4148 2234 4203 alterum
2271 4146 2595 4201 Onesimum
2631 4147 2822 4203 rettuli

570 4228 639 4279 20
677 4218 759 4285 εἷς
795 4224 927 4277 ante
963 4222 1075 4276 τῶν
1109 4223 1238 4278 add..
1269 4224 1440 4281 Daub
1551 4229 1947 4282 Κωνσταντίου
1973 4232 2016 4279 B
2054 4230 2115 4283 et
2146 4226 2385 4282 fortasse
2409 4231 2481 4295 E,
2519 4229 2671 4297 quod
2699 4228 2849 4283 vitio·

569 4322 708 4358 sum.
739 4319 858 4358 esse
907 4304 1152 4371 constat3
1199 4305 1500 4377 scripserat
1543 4310 1657 4363 iam
1695 4308 2050 4364 Diocletiano
2094 4305 2369 4379 regnante
2520 4314 2607 4363 '21
2658 4308 2849 4364 Omnes

568 4384 744 4438 libros
781 4383 856 4439 ad
891 4383 1200 4453 sophistam
1236 4404 1348 4442 non
1385 4388 1458 4442 ad
1493 4389 1822 4446 historicum
1860 4390 2115 4460 spectare
2151 4390 2294 4446 vidit
2332 4388 2543 4443 Malles·

1367 4482 1403 4523 ἱ
2183 4508 2186 4513 .
