3025 4892
1181 186 1571 243 APPENDIX.
2390 186 2521 252 249

203 346 514 435 θρῶπου
571 346 866 436 φύσεως,
931 348 1080 432 περὶ
1135 346 1394 434 κόσμου
1447 348 1797 434 γενέσεως,
1856 373 2109 435 νομιμα
2154 345 2520 435 Ῥωμαίων,

202 460 540 545 νομίμων
586 458 1016 540 βαρβαρικῶν
1064 453 1447 542 συναγωγή·
1507 460 2025 542 ψευθεπίγραφα
2073 452 2173 521 δέ·
2218 451 2519 540 άνατομὴ

200 558 635 651 ἀνθρώπου,
708 560 1038 648 ἀπολογία
1101 558 1440 648 εὐσεβείας
1501 560 1669 650 πρὸς
1734 560 2245 650 Εὐρυμέδοντα,
2318 585 2522 649 γεωρ-

199 669 402 757 γικά,
465 668 800 757 ἐγκώμιον
845 668 1084 755 λόγου,
1130 669 1449 757 μαγικόν,
1503 669 1656 757 περὶ
1710 668 2185 758 σωφροσύνης,
2224 666 2523 755 Ἀλεξάν-

200 780 392 863 δρου
455 778 805 863 ἐγκλησία,
871 774 1200 864 ἐγκώμιον
1254 775 1581 863 πλούτου,
1635 774 1803 864 πρὸς
1851 774 2318 863 Ἀλέξανδρον,
2372 775 2521 862 περὶ
2549 796 2577 837 ε

197 882 557 970 μεθόδου.
2046 896 2051 903 ’

1325 1065 1420 1131 V.

871 1203 1296 1273 Aristotelis
1342 1204 1494 1272 vita
1538 1206 1893 1273 Marciana

398 1344 858 1434 Ἀριστοτέλης
903 1342 940 1415 ὁ
988 1346 1364 1433 φιλόσοφος
1408 1350 1526 1434 τῆς
1570 1347 1692 1434 μὲν
1741 1345 2077 1433 <πόλεως>
2124 1338 2211 1433 ἦν
2250 1352 2519 1433 Σταγεί-
2562 1356 2590 1414 1

203 1480 368 1539 ρων
440 1452 548 1540 (τὰ
607 1454 681 1523 δὲ
737 1452 1072 1541 Στάγειρα
1127 1452 1320 1533 πόλις
1374 1453 1638 1544 Θρᾴκης
1693 1458 1976 1540 πλησίον
2024 1450 2360 1522 Ὀλύνθου
2415 1454 2526 1522 καὶ

203 1558 639 1649 ΙᾺεθῶνης),
686 1557 833 1640 υίὸς
888 1560 962 1629 δὲ
1017 1558 1414 1647 Νικομάχου
1467 1560 1579 1629 καὶ
1637 1564 2025 1646 Φαιστίδος,
2082 1556 2340 1647 άμφοϊν
2392 1558 2523 1629 άπὸ

211 1665 617 1755 Μαχάονος·
643 1664 1185 1755 τοῦἈσκληπιοῦ
1217 1668 1714 1756 καταγομένων,
1754 1666 1843 1748 ὡς
1870 1671 2071 1754 δηλοῖ
2093 1665 2167 1735 τὸ
2201 1672 2293 1747 εἰς
2318 1665 2526 1736 αὐτὸν
2557 1692 2607 1733 10

207 1776 641 1861 ἐπίγραμμα·

482 1921 841 1997 Φαιστίδος
886 1907 974 2004 ἦν
1019 1908 1269 2003 μητρὸς
1313 1915 1424 1981 καὶ
1471 1914 1870 2003 Νικομάχου
1915 1921 2299 2005 γενετῆρος,

663 2027 798 2091 τῶν
841 2020 1368 2109 Ἀσκληπιαδῶν,
1415 2024 1561 2102 δῖος
1599 2018 2064 2111 Ἀριστοτέλης.

220 2169 472 2253 γέγονε
521 2164 595 2233 δὲ
641 2163 872 2245 αὐτοῖς
927 2162 1008 2233 οὐ
1055 2164 1272 2252 μόνον
1312 2161 1793 2252 Ἀριστοτέλης,
1848 2162 2016 2233 άλλᾶ
2070 2168 2181 2233 καὶ
2222 2166 2527 2258 Ἀρίμνη·

219 2294 388 2353 στος
447 2272 556 2339 καὶ
599 2268 1018 2360 Ἀριμνήστη.
1109 2268 1146 2339 ὁ
1209 2273 1290 2341 δέ
1342 2298 1416 2357 γε
1462 2270 1851 2359 Νικόμαχος
1897 2271 2120 2360 ἰατρὸς
2166 2266 2253 2360 ἦν
2292 2272 2525 2363 Ἀμύν·
2558 2302 2607 2341 15

216 2407 384 2466 του,
440 2382 564 2447 τοῦ
610 2378 1036 2447 Μακεδόνων
1093 2379 1445 2465 βασιλέως,
1500 2382 1622 2448 τοῦ
1684 2385 2021 2448 Φιλίππου
2076 2381 2359 2470 πατρός,
2414 2383 2526 2451 καὶ

217 2484 398 2563 κατὰ
461 2486 732 2574 μνήμην
795 2490 917 2555 τοῦ
981 2489 1235 2555 οἰκείου
1297 2484 1548 2569 πατρὸς
1594 2483 2044 2575 Ἀριστοτέλης
2106 2485 2227 2573 τὸν
2284 2490 2527 2558 ἑαυτοῦ

217 2599 440 2662 παῖδα
478 2592 876 2681 Νικόμαχον
910 2592 1476 2681 προσηγόρευσεν,
1513 2584 1566 2684 ᾦ
1603 2593 1714 2660 καὶ
1750 2590 1830 2660 τὰ
1860 2594 2277 2683 Νικομάχεια
2316 2591 2525 2681 ἠθικα

232 2706 504 2787 ἔγραψε.
586 2700 928 2788 πατρόθεν
975 2697 1106 2785 ἄρα
1151 2702 1241 2788 τῷ
1282 2695 1713 2785 Ἀριστοτέλει
1760 2701 1869 2767 καὶ
1918 2702 1988 2768 ἐκ
2034 2705 2150 2789 τῆς
2194 2699 2564 2793 άνέκαθεύ

227 2810 464 2893 γενεᾶς
519 2804 560 2895 ἡ
617 2808 766 2893 περὶ
823 2811 1267 2894 φυσιολογίαν
1322 2807 1432 2874 καὶ
1489 2805 1793 2894 ἰατρικὴν
1852 2810 1998 2889 ἕξις.
2095 2806 2394 2898 ὀρφανὸς
2448 2809 2524 2878 δὲ
2552 2836 2605 2874 20

228 2914 591 3002 γενόμενος
636 2912 953 3002 ἀνάγεται
999 2914 1176 3003 παρὰ
1225 2916 1545 3005 Προξένῳ
1591 2917 1681 3006 τῷ
1723 2911 2052 3002 Ἀταρνεῖ,
2106 2906 2188 2984 οὗ
2234 2920 2349 3003 τῆς
2394 2915 2519 3003 φή·
2558 2938 2593 2997 2

232 3048 363 3109 μης
408 3021 856 3109 μνημονεύων
902 3020 1022 3089 τὸν
1068 3018 1282 3090 αὐτοῦ
1326 3018 1482 3088 υίὸν
1520 3020 1874 3111 Νικάνορα
1912 3026 2157 3110 ἔθρεψε
2202 3023 2312 3090 καὶ
2352 3023 2525 3089 ἐπαί-

228 3134 427 3197 δευσε
481 3130 592 3197 καὶ
647 3126 802 3197 υἱὸν
859 3128 1245 3216 ἐποιήσατο,
1299 3128 1410 3197 καὶ
1465 3131 1793 3196 τελευτῶν
1848 3131 2190 3221 ἐκέλευσεν
2246 3130 2320 3197 έν
2382 3133 2524 3205 δια-

232 3236 484 3322 θήκαις
524 3236 647 3323 τὴν
695 3237 936 3305 ἑαυτοῦ
977 3236 1317 3323 θυγατέρα
1355 3240 1705 3322 Πυθαΐδα,
1752 3239 2121 3333 γενομένην
2168 3235 2347 3331 αὐτῷ
2393 3234 2522 3306 άπο

227 3478 300 3497 ----
336 3470 390 3520 p.
421 3457 542 3519 246,
572 3459 625 3518 6,
661 3449 790 3520 περὶ
827 3444 944 3518 εύγ.
977 3474 1044 3493 --
1073 3447 1146 3503 ib.
1323 3454 1350 3502 1
1389 3468 1511 3519 νομ.
1546 3444 1702 3519 Ῥωμ.
1742 3475 1809 3495 ==
1847 3469 1899 3519 p.
1932 3456 2053 3518 247,
2085 3457 2153 3504 23
2182 3486 2187 3493 ·
2330 3457 2361 3504 2
2400 3470 2522 3520 νομ.

227 3533 393 3604 βαρβ.
433 3556 500 3575 =
535 3530 611 3586 ib.
758 3524 1093 3597 συναγωγὴν
1138 3528 1316 3583 Patm.
1363 3531 1735 3599 ψευδίγραφα
1773 3530 2022 3585 Ambros.
2179 3537 2211 3585 3
2258 3524 2525 3602 ἀσεβείας

225 3611 480 3666 Ambros.
515 3610 694 3667 Patm.
807 3615 838 3664 5
879 3604 1144 3676 ἐκκλησία
1171 3609 1422 3664 Λνιῦτοε.
1456 3610 1637 3664 Patm.
1749 3605 2045 3679 ἐγκώμιον.
2084 3604 2329 3663 πλούτου
2366 3604 2523 3678 πρὸς.

226 3690 478 3745 Ambrae.
514 3697 540 3743 1
716 3685 811 3743 Ἀλ.
849 3688 980 3758 περὶ
1015 3686 1134 3743 sine
1171 3687 1312 3759 intp.
1350 3689 1599 3745 Ambra&
1635 3690 1815 3744 Patm.
1980 3695 2011 3743 6
2050 3682 2299 3759 μιθόδου
2340 3688 2523 3743 Patm.

237 3770 506 3839 Sequitur
541 3770 600 3823 in
638 3770 798 3826 codd.
838 3768 1186 3839 epigramma
1225 3786 1291 3823 ex
1328 3768 1498 3824 Anssh.
1537 3770 1655 3825 Pal.
1694 3768 1747 3822 II
1784 3788 1837 3839 p.
1878 3774 1981 3825 859
2021 3770 2171 3838 (app.
2203 3770 2327 3837 321)

371 3858 423 3912 V
462 3865 491 3913 7
523 3858 746 3915 Adiecti
783 3861 914 3913 sunt
943 3856 1278 3927 paginarum
1305 3858 1523 3913 numeri
1551 3858 1638 3913 ed.
1658 3857 1867 3913 Robbei
1976 3863 2005 3912 7
2044 3856 2317 3911 excidisse
2354 3871 2522 3923 quae-

229 3941 358 3995 dam
399 3938 571 3994 verba
600 3941 782 4008 patet3
821 3936 1132 4011 <πολί>της
1168 3936 1274 4006 μὲν
1312 3928 1384 4005 ἦν
1413 3939 1739 4007 Σταγείρων
1766 3938 1975 4005 Babba,
2030 3937 2132 4005 τῆς
2168 3934 2274 4006 μὲν
2310 3932 2524 3998 πόλεως

228 4019 579 4087 Αηινιοτιίαε,
619 4018 769 4088 quod
805 4018 864 4071 in
892 4020 1110 4073 textum
1145 4018 1330 4088 recepi
1460 4023 1492 4071 9
1532 4016 1661 4072 Cod.
1700 4016 1794 4071 hic
1821 4018 1881 4071 et
1906 4016 2055 4071 infra
2089 4016 2345 4083 Θεστίας,
2383 4030 2520 4068 corr.

228 4100 416 4154 Robbe
535 4104 600 4153 15
637 4099 716 4153 At
750 4099 810 4153 in
839 4099 937 4153 rel.
969 4098 1100 4154 vitis
1132 4094 1482 4169 Ἀριμνήστης
1518 4096 1693 4151 frater
1730 4098 1836 4163 θείη
1874 4098 2122 4151 nostram
2158 4094 2521 4149 traditionem

229 4181 417 4235 servass
453 4178 637 4233 Robbe
766 4185 832 4233 16
869 4180 1138 4248 Amyntas
1175 4179 1252 4246 II,
1291 4179 1389 4249 qui
1424 4176 1686 4246 regnavit
1722 4181 2025 4231 394—370
2148 4180 2213 4229 21
2254 4170 2523 4242 τρέφεται

227 4259 412 4331 poscit
429 4258 614 4313 Robbe
723 4250 790 4312 οὖ
829 4257 927 4312 καὶ
964 4260 1061 4327 τῆς
1088 4260 1303 4328 τροφῆς
1330 4257 1785 4329 διαμεμνημένος
1812 4254 1910 4311 viss.
1941 4257 2197 4310 Ammon.
2227 4272 2281 4323 p.
2308 4260 2431 4319 398,
2456 4260 2519 4309 12

237 4340 404 4395 West.
446 4336 579 4393 hinc
615 4338 827 4407 τροφῆς
863 4338 1024 4393 scrib.
1064 4339 1204 4393 coni.
1243 4338 1428 4393 Robbe
1572 4344 1640 4393 24
1680 4332 1958 4391 Πυθιάδα
1996 4334 2241 4405 praefert
2275 4334 2459 4391 Robbe
