3025 4892
494 163 579 226 56
1419 161 1850 217 HESYCHIUS.

495 321 742 411 πατρὸς
787 323 1009 410 Τήρου
1045 320 1344 410 τοῦνομα
1380 327 1685 408 κληθείς,
1726 319 2161 410 Ἀριστάρχου
2204 318 2541 408 μαθητής,
2584 346 2777 406 γραμ-

497 433 785 518 ματικός,
813 431 923 498 καὶ
955 429 1316 517 ἐξηγήσατο
1359 433 1783 513 Τυραννίωνι
1821 432 1911 520 τῷ
1947 427 2270 518 προτέρῳ,
2310 424 2386 506 ὃς
2416 429 2781 512 ἐσοφίστευ-

498 557 613 606 σεν
652 540 724 605 ἐν
761 534 978 624 Ῥώμῃ
1027 537 1130 604 ἐπὶ
1169 542 1533 622 Πομπηίου
1574 539 1695 604 τοῦ
1743 534 2055 623 μεγάλου.
2124 534 2442 615 συνέταξε
2489 533 2559 602 δὲ
2614 539 2781 600 πλεῖ-

499 665 619 712 στα
665 642 1080 730 γραμματικά
1127 669 1194 710 τε
1240 643 1349 710 καὶ
1399 640 1893 728 συνταγματικά
1938 642 2050 708 καὶ
2096 638 2559 728 ὑπομνήματα.

445 773 471 813 5
677 751 954 819 CCXIV.
1055 746 1498 828 Διονύσιος
1562 746 2062 833 Ἀλεξανδρεύς,
2134 744 2170 815 ὁ
2241 745 2557 814 Γλαύκου
2624 745 2783 832 υἶός,

497 856 970 945 γραμματικός,
1028 853 1209 935 ὅστις
1253 852 1380 923 ἀπὸ
1435 856 1751 941 Νέρωνος
1807 846 1935 941 (ἦν
1996 855 2152 939 καὶ)
2210 857 2430 940 συνῆν
2494 853 2601 921 καὶ
2652 866 2787 930 τοῖς

499 967 687 1053 μέχρι
749 966 1085 1050 Τραϊανοῦ
1130 962 1240 1030 καὶ
1296 966 1430 1030 τῶν
1481 965 1943 1048 βιβλιοθηκῶν
1991 960 2289 1048 προύστη
2350 961 2464 1028 καὶ
2514 961 2617 1030 ἐπὶ
2659 963 2785 1027 τῶν

502 1074 867 1139 ἐπιστολῶν
901 1069 1011 1137 καὶ
1051 1073 1420 1156 πρεσβειῶν
1457 1069 1716 1154 ἐγένετο
1756 1068 1865 1134 καὶ
1895 1065 2389 1155 ἀποκριμάτων.
2440 1058 2529 1153 ἦν
2568 1066 2639 1134 δὲ
2682 1066 2788 1133 καὶ

503 1175 902 1258 διδάσκαλος
949 1181 1348 1263 Παρθενίου
1392 1178 1517 1243 τοῦ
1562 1177 2042 1261 γραμματικοῦ,
2081 1172 2386 1261 μαθητὴς
2432 1174 2507 1242 δὲ
2557 1172 2789 1261 Χαιρή-

425 1303 474 1344 10
505 1310 710 1371 μονος
755 1287 876 1350 τοῦ
923 1283 1337 1368 φιλοσόφου,
1386 1277 1467 1349 ὃν
1513 1281 1624 1348 καὶ
1675 1284 2008 1362 διεδέξατο
2058 1283 2131 1348 έν
2174 1278 2653 1370 Ἀλεξανδρείᾳ.

683 1391 869 1458 CCV.
944 1387 1388 1468 Διονύσιος
1441 1386 1885 1474 Ἀλεξάνδρου
1933 1385 2527 1474 Ἁλικαρνασσεύς,
2588 1386 2797 1474 ῥήτωρ

503 1496 613 1564 καὶ
661 1501 990 1576 παντοίως
1035 1495 1277 1583 λόγιος,
1324 1480 1558 1580 γέγονε
1604 1493 1678 1561 δὲ
1717 1495 1819 1562 ε’πὶ
1869 1499 2211 1582 Καίσαρος
2236 1492 2378 1562 ’τοῦ
2429 1496 2794 1580 Σεβαστοῦ,

446 1638 456 1651 ·
504 1592 838 1681 πρόγονος
883 1597 1005 1662 τοῦ
1055 1593 1157 1660 ἐπὶ
1201 1591 1558 1678 Ἀδριανοῦ
1606 1593 1961 1678 γεγονότος
2001 1588 2425 1659 Ἀττικιστοῦ.

685 1701 966 1784 CCXVI.
1034 1691 1490 1776 Διονύσιο
1518 1725 1547 1776 ς
1609 1705 2070 1785 Μιτυληναῖος
2117 1697 2129 1788 Ι
2184 1699 2517 1779 ἐποποιός.
2556 1698 2569 1789 Ι
2612 1689 2800 1775 οὗτος

430 1835 480 1875 15
509 1806 758 1893 ἐκλήθη
799 1810 1324 1892 Σκυτοβραχίων
1361 1804 1470 1870 καὶ
1511 1804 1830 1884 Σκυτεύς.
1901 1804 2024 1892 τὴν
2066 1805 2423 1873 Διονύσου
2463 1805 2578 1872 καὶ
2610 1802 2801 1888 Ἀθη-

507 1917 629 1992 νᾶς
659 1917 1029 1996 στρατείαν,
1054 1908 1526 1997 Ἀργοναυτικά
1548 1911 1619 1977 ἐν
1648 1916 1934 1997 βιβλίοις
1957 1911 2008 1992 ς’
2044 1913 2277 1998 (ταῦτα
2319 1911 2399 1978 δέ
2434 1914 2571 1979 ε’στι
2600 1909 2805 1998 πεζά),

511 2018 523 2109 Ι
574 2016 829 2104 μυθικὰ
867 2016 1034 2104 πρὸς
1080 2017 1527 2104 Παρμένοντα
1548 2015 1579 2106 Ι

691 2125 1008 2192 CCXVII.
1083 2121 1525 2201 Διονύσιος
1573 2119 1940 2203 Βυζάντιος
1994 2123 2320 2204 ἐποποιός.
2415 2125 2805 2212 περιήγησιν

657 2326 685 2373 1
739 2320 946 2390 Τῆρος,
986 2319 1138 2389 quod
1173 2319 1304 2373 libri
1353 2321 1484 2389 post
1527 2315 1713 2386 Τήρου
1750 2320 2051 2388 praebent,
2098 2321 2309 2375 delevit
2346 2323 2807 2386 Hemterhusius3

512 2401 580 2454 cf.
619 2400 800 2467 Diels,
843 2400 978 2454 Dox.
1018 2418 1072 2469 p.
1105 2405 1171 2454 87
1200 2402 1316 2454 not.
1437 2405 1468 2452 3
1501 2393 1673 2468 Ῥόδῳ
1714 2399 1837 2454 coll.
1877 2401 2077 2456 Athen.
2116 2400 2194 2453 XI
2229 2420 2283 2470 p.
2324 2409 2429 2456 489
2470 2405 2530 2456 et
2565 2402 2718 2456 Suid.
2756 2418 2806 2454 v.

515 2481 847 2549 Τυραννίων
888 2480 978 2547 (cf.
1021 2480 1221 2535 Strabo
1259 2480 1386 2533 XIV
1427 2498 1479 2548 p.
1512 2481 1638 2547 655)
1680 2496 1818 2533 corr.
1848 2480 2141 2534 Rci‘nesius
2178 2499 2284 2536 rec.
2328 2482 2605 2537 Westerm.
2633 2477 2806 2550 Ρώμῃ

511 2562 654 2630 vuly.
733 2560 812 2616 Cf.
851 2559 1045 2628 Daub,
1095 2561 1164 2614 de
1205 2560 1358 2614 Suid.
1396 2578 1451 2628 Ρ.
1482 2563 1603 2614 459.
1670 2546 1917 2613 Verba“
1888 2579 1951 2621 ος
1977 2590 2044 2598 -
2077 2557 2325 2630 μεγάλου
2366 2565 2425 2616 et
2463 2561 2560 2614 καὶ
2588 2592 2651 2600 —-
2681 2577 2810 2627 προ-

511 2659 654 2711 τερῳ
693 2640 1016 2709 transposui
1054 2643 1276 2694 secutus
1306 2639 1609 2694 Clintonem
1646 2641 1703 2693 et
1742 2640 2047 2693 Mu'llerum

658 2719 872 2773 CCXIV
910 2721 1059 2775 Eud.
1101 2739 1154 2789 p.
1195 2726 1325 2787 231,
1367 2719 1519 2774 cuius
1556 2719 1732 2773 vitam
1769 2719 2147 2787 praetermisit
2184 2721 2463 2774 Westerm.
2576 2729 2607 2776 6
2643 2739 2807 2789 γραμ-

515 2793 750 2870 ματικὸς
781 2795 874 2852 ἐπὶ
902 2799 1170 2867 Νέρωνος
1199 2799 1370 2864 Eud„
1409 2817 1551 2867 quae
1579 2799 1638 2852 in
1664 2797 1805 2851 haec
1835 2799 2006 2852 verba
2035 2799 2265 2866 desinit3
2305 2793 2377 2869 ἦν
2406 2800 2505 2854 καὶ
2534 2801 2658 2856 add.
2688 2817 2807 2854 cum

513 2879 756 2943 Rohdio,
793 2878 933 2933 Mus.
969 2879 1144 2934 Rhen.
1176 2878 1408 2932 XXXIII
1446 2898 1500 2948 Ρ.
1534 2885 1637 2933 166
1674 2880 1787 2932 not.
1848 2873 1997 2941 ὅστις
2035 2876 2148 2934 άπὸ
2191 2880 2463 2946 Νέρωνος
2500 2881 2677 2950 συνῆν
2714 2878 2809 2932 καὶ

514 2965 633 3020 τοῖς
671 2990 737 2998 -
776 2957 906 3012 libri
946 2954 1095 3020 ὅστις
1129 2966 1248 3020 τοῖς
1285 2955 1399 3014 ἀπὸ
1441 2958 1580 3026 Νέρ.
1621 2958 1797 3025 συνῆν
1835 2959 1931 3011 καὶ
1970 2957 2131 3029 μέχρι
2165 2965 2258 3028 Τρ.
2302 2961 2473 3014 Βαιιό
2656 2966 2686 3013 9
2730 2975 2802 3012 sc.

514 3038 804 3093 Parthenii
840 3039 1108 3107 Phocaei‚
1155 3039 1252 3108 qui
1288 3039 1530 3093 Homero
1576 3038 1753 3091 fertur
1800 3039 2167 3107 obtrectasse,
2216 3045 2561 3095 memoratus
2611 3041 2806 3094 Athen.

513 3119 590 3172 XI
628 3137 682 3187 p.
723 3124 826 3172 467
875 3116 1200 3183 Παρθένιος
1243 3113 1272 3170 ὁ
1313 3118 1414 3171 τοῦ
1461 3119 1763 3171 Διονυσίου
1883 3113 2253 3188 Χαιρήμωνος
2292 3126 2351 3174 Δ.
2428 3121 2608 3176 Huius
2646 3121 2805 3174 libro-

513 3217 636 3253 rum
676 3199 929 3253 tabulam
969 3197 1315 3252 intercidisse
1355 3199 1571 3251 monuit
1608 3197 1836 3266 Mfiller‚
1875 3197 2075 3268 Geogr.
2115 3200 2245 3254 min.
2286 3199 2339 3253 II
2376 3219 2431 3270 p.
2474 3201 2603 3254 XVI

660 3277 848 3332 CCXV
905 3277 1044 3345 „Hic
1083 3280 1169 3332 est
1205 3276 1506 3346 Dionysius
1545 3277 1639 3330 ille
1669 3277 2199 3345 Halicarnassensis,
2242 3279 2398 3334 cuius
2437 3280 2676 3335 historia
2701 3278 2810 3331 Ro-

514 3376 682 3414 mana
719 3357 943 3428 aliaque
983 3375 1154 3428 opera
1192 3357 1471 3412 rhetorica
1506 3357 1671 3411 hodie
1710 3357 1893 3410 adhuc
1931 3360 2169 3411 extant“
2208 3359 2544 3432 Bernhardy

661 3435 878 3492 CCXVI
916 3438 1067 3494 Eud.
1098 3456 1151 3506 p.
1182 3442 1312 3504 208,
1355 3453 1496 3504 quae
1536 3452 1644 3489 om.
1683 3425 1847 3498 οὗτος
1877 3467 1943 3476 --
1973 3435 2231 3499 Σκυτεύς
2270 3441 2327 3493 et
2354 3441 2537 3494 ταῦτα
2568 3471 2634 3478 —-
2666 3441 2809 3503 Παρ-

518 3517 780 3589 μένοντα.
841 3517 918 3571 Cf.
949 3517 1152 3571 Miiller
1189 3517 1241 3570 II
1278 3535 1330 3586 p.
1365 3523 1394 3570 6
1509 3521 1575 3569 14
1614 3510 1882 3578 ἐποποιός
1920 3519 1976 3570 et
2013 3517 2160 3571 infra
2198 3516 2419 3588 μυθικὰ
2464 3516 2605 3589 πρὸς
2634 3521 2809 3587 Παρμ.

521 3598 725 3654 seclusi
761 3598 1006 3652 monitus
1045 3615 1079 3651 a
1117 3597 1518 3662 Gutschmidi03
1556 3597 1708 3672 idem
1744 3597 1917 3651 verba
1955 3599 2202 3652 extrema
2238 3599 2312 3652 ad
2341 3599 2675 3668 Byzantium
2710 3599 2810 3652 ret-

523 3679 657 3734 tulit
781 3683 846 3732 15
885 3679 982 3731 καὶ
1019 3671 1275 3736 Σκυτευς
1312 3692 1419 3730 om.
1458 3681 1557 3727 VE
1687 3682 1747 3729 16
1784 3672 2177 3744 Ἀργοναυτικά
2214 3678 2368 3733 Eud.
2397 3695 2509 3734 rec.
2548 3679 2807 3734 Westerm.

518 3755 810 3827 στρατιάν,
845 3753 1202 3825 Ἀργοναῦται
1239 3754 1371 3812 libri
1409 3755 1729 3822 στρατείαν,
1778 3751 2142 3825 Ἀργοναύτας
2184 3758 2417 3824 Portae,
2466 3755 2711 3827 μυθικά,
2746 3750 2809 3809 τὰ

517 3835 662 3893 κατὰ
700 3835 804 3906 τὴν
845 3833 1126 3890 Διονυσου
1166 3836 1264 3889 καὶ
1297 3831 1533 3903 Ἀθηνᾶς
1572 3837 1893 3904 στρατείαν·
1934 3836 2031 3889 καὶ
2068 3831 2433 3904 Ἀργοναῦται
2470 3839 2814 3906 Bernhardy,

517 3937 690 3974 unum
721 3918 988 3984 idemque
1027 3934 1164 3985 opus
1204 3915 1435 3969 diversis
1479 3914 1664 3970 titulis
1713 3914 1951 3969 describi
1993 3915 2317 3970 existimans
2354 3919 2641 3987 verbaque
2682 3914 2811 3982 πρὸς

519 4003 704 4069 Παρμ.
736 3997 981 4051 referens
1011 3997 1084 4050 ad
1115 3995 1317 4049 librum
1347 3995 1476 4062 περὶ
1505 3993 1737 4064 θρήνων
1767 3994 1960 4064 (Dion.
1991 3996 2177 4066 Bm),
2216 4013 2384 4063 quem
2413 3998 2602 4067 ipsum
2632 3997 2805 4052 Corin-

517 4083 639 4137 thio
679 4078 837 4134 dedit
982 4073 1036 4150 β’
1082 4076 1470 4144 corrigendum
1520 4094 1641 4130 esse
1687 4076 1917 4143 propter
1963 4077 2187 4144 nuptias
2235 4076 2451 4131 Iasonis
2495 4081 2554 4132 et
2591 4079 2811 4132 Medeae

515 4161 615 4215 lib.
654 4162 706 4213 II
743 4159 998 4212 narratas
1073 4157 1289 4209 monuit
1319 4156 1639 4210 Gutschmid
1823 4160 1885 4208 17
1926 4155 2308 4224 Παρμενίωνα
2346 4157 2492 4210 coni.
2536 4159 2743 4212 Micllcr

666 4237 910 4292 CCXVII
939 4237 1092 4290 Eud.
1121 4253 1175 4302 p.
1199 4240 1318 4290 228.
1351 4236 1502 4288 Duos
1534 4237 1788 4289 auctores
1818 4232 2075 4288 confusos
2105 4251 2223 4288 esse
2252 4237 2447 4288 monet
2476 4236 2807 4298 Gutschmid3

519 4318 727 4372 minori
755 4311 1080 4384 περιήγησις
1108 4313 1209 4368 τοῦ
1242 4309 1302 4366 ἐν
1332 4315 1408 4384 τῷ
1439 4320 1567 4368 Βοσ.
1596 4309 1686 4368 άν.
1717 4313 2017 4368 tribuenda
2092 4320 2157 4368 18
2188 4311 2441 4384 ἔγραψεν
2470 4314 2806 4387 περιή.Ειιά.
