3025 4892
1141 193 1565 249 HESYCHIUS.
2370 198 2401 261 1
2420 197 2492 261 17

396 354 865 422 CCCCXXXII.
922 356 1577 443 Καλλισθένης
1624 363 2021 443 Δημοτίμου
2070 361 2169 445 (οἰ
2207 358 2281 427 δὲ
2320 366 2496 427 Καλ-

192 461 596 549 λισθένους)
631 457 1008 545 Ὀλύνθιος,
1050 461 1355 548 μαθητὴς
1385 459 1879 550 Ἀριστοτέλους
1914 465 2027 531 καὶ
2066 463 2494 552 ἀνεψιαδοῦς,

189 564 288 634 ὃν
359 572 592 636 ἔδωκεν
653 572 930 637 ἕπεσθαι
971 566 1382 667 Ἀλεξάνδρῳ
1438 574 1529 661 τῷ
1579 570 1950 639 Μακεδόνι.
2044 569 2079 641 ὁ
2142 569 2207 640 δ’
2259 575 2333 640 ἐν
2379 601 2490 659 γα-

187 674 452 765 λεάγρᾳ
510 678 757 765 σιδηρᾷ
816 674 1045 762 βαλών
1104 672 1369 744 ἀνεῖλεν
1418 674 1556 765 ἅμα
1616 677 1969 766 Νεόφρονι
2028 684 2117 771 τῷ
2178 684 2491 773 τραγικῷ,

189 780 384 849 διότι
456 781 898 868 συνεβούλευε
973 780 1061 869 μὴ
1125 786 1451 869 ἐπιζητεῖν
1501 781 1633 851 ὑπὸ
1695 782 2079 871 Ἀθηναίων
2138 793 2489 855 καλεῖσθαι
2518 808 2545 847 ⁵

190 887 543 975 δεσπότης.
651 888 826 969 τινὲς
899 888 972 957 δὲ
1047 887 1254 958 αὐτὸν
1327 888 1418 971 ὥς
1491 892 2011 977 ἐπιβουλεύοντα
2080 890 2489 985 Ἀλεξάνδρῳ

184 992 592 1083 ἀνῃρῆσθαί
631 1015 842 1082 φασιν
889 992 1025 1083 ἅμα
1073 998 1439 1085 Νεόφρονι.
1526 995 1781 1085 εὐφυὴς
1834 996 2001 1087 πρὸς
2055 997 2129 1069 τὸ
2178 997 2489 1087 αὐτοσχε-

191 1101 452 1183 διάζειν
498 1102 610 1169 καὶ
658 1102 837 1191 ῥύμῃ
875 1108 1086 1192 πολλῇ
1125 1107 1473 1190 φέρεσθαι.
1560 1104 1695 1189 [καὶ
1732 1106 2002 1192 φέρεται
2050 1106 2269 1193 λόγος,
2315 1104 2403 1186 ὡς
2450 1104 2485 1175 ὁ

188 1210 671 1295 Καλλισθένης
724 1206 855 1277 ὑπὸ
913 1214 1220 1298 φθειρῶν
1277 1207 1748 1298 ὑπερβλύσεως
1792 1212 1902 1279 καὶ
1951 1212 2321 1301 ἐκβράσεως
2366 1212 2489 1282 τὸν

186 1320 360 1399 βίον
437 1319 891 1404 καταστρέφει.
1007 1322 1117 1384 καὶ
1213 1330 1538 1405 μαρτυρεῖ
1624 1313 1660 1384 ὁ
1736 1324 1974 1404 ἴαμβος
2065 1309 2261 1398 οὗτος
2344 1322 2487 1388 (καὶ
2518 1350 2567 1387 ιο

187 1426 620 1509 φθειριῶσαν
668 1420 757 1502 ὥς
804 1420 838 1491 ὃ
888 1423 1048 1511 πρὶν
1089 1424 1613 1509 Καλλισθένης’,
1659 1424 1809 1511 περὶ
1854 1428 1972 1511 τῆς
2018 1430 2314 1513 ἰατρικῆς
2349 1429 2486 1513 τέχ-

188 1554 322 1613 νης
369 1530 612 1615 λέγων,
661 1527 752 1610 ὦς
797 1528 1082 1618 ἠμέλητο
1129 1529 1354 1613 πάνυ]

376 1645 894 1713 CCCCXXXIII.
971 1643 1404 1732 Κάνθαρος
1450 1642 1811 1733 Ἀθηναῖος
1854 1646 2161 1734 κωμικός.
2233 1676 2481 1736 μνημο·

184 1750 455 1819 νεύεται
492 1753 740 1821 τούτου
787 1752 1089 1840 δράματα
1137 1751 1438 1838 Μήδεια,
1504 1754 1785 1840 Τηρεύς,
1842 1760 2233 1843 Συμμαχία,
2296 1756 2483 1843 Μύρ-

183 1884 422 1944 μηκες,
465 1858 792 1945 Ἀηδόνες.
2512 1892 2561 1931 15

377 1976 894 2044 CCCCXXXIV.
988 1980 1417 2042 Καπίτων
1487 1973 1766 2061 Λύκιος,
1832 1977 2231 2065 ἱστορικός..
2290 1970 2484 2059 οὗτος

186 2086 485 2165 ἔγραψεν
524 2079 861 2169 Ἰσαυρικὰ
917 2087 1145 2168 βιβλία
1198 2080 1295 2168 η’,
1350 2081 1766 2169 μετάφρασιν
1823 2087 1939 2169 τῆς
1994 2085 2307 2172 ἐπιτομῆς
2350 2084 2483 2152 Εὐ-

181 2194 502 2275 τροπίου,
553 2192 760 2275 (τοῦ)
799 2187 1150 2275 Ῥωμαϊστὶ
1198 2187 1625 2275 ε’πιτεμόντος
1671 2194 1916 2275 Λίβιον
1963 2190 2084 2258 τὸν
2130 2189 2482 2278 Ῥωμαῖον,

183 2295 298 2361 καὶ
347 2296 498 2379 περὶ
548 2301 799 2375 Λυκίας
843 2296 954 2362 καὶ
1000 2300 1425 2381 Παμφυλίας.

371 2413 854 2481 CCCCXXXV.
928 2417 1335 2498 Καρκῖνος
1375 2409 1887 2498 Ἀκραγαντῖνος
1937 2412 2264 2500 τραγικός.
2508 2436 2561 2473 20

329 2661 720 2717 CCCCXXXH
760 2659 842 2717 cf.
871 2660 1092 2725 Mffller,
1131 2658 1332 2729 Script.
1365 2660 1450 2714 Al.
1481 2678 1536 2730 p.
1571 2666 1618 2715 1.
1676 2660 1756 2716 cf.
1796 2662 1969 2717 etiam
2005 2662 2168 2733 Diog.
2198 2664 2264 2730 V,
2294 2670 2341 2717 6.
2396 2663 2479 2717 De

185 2742 590 2797 additamentis
627 2740 850 2796 articuli
889 2740 1006 2796 dixi
1033 2738 1172 2793 Mus.
1203 2738 1382 2795 Rhen.
1412 2740 1450 2793 l.
1479 2758 1553 2807 c.;
1590 2742 1648 2796 in
1676 2742 1960 2797 nonnullis
1989 2744 2271 2813 discrepat
2298 2743 2479 2811 Daub,

187 2822 341 2878 Stud.
371 2842 427 2891 p.
460 2830 492 2877 6
611 2830 642 2876 2
684 2816 998 2891 ἅνεψιδοῦς
1033 2824 1182 2873 BVE
1302 2825 1334 2873 4
1373 2818 1619 2892 Νεάρχῳ
1654 2822 1809 2890 libri,
1846 2820 2137 2897 Ἑρμολάῳ
2176 2824 2311 2879 olim
2350 2841 2477 2879 con·

183 2902 314 2970 ieci3
355 2900 653 2973 Νεόφρονι
682 2903 989 2969 Βείηεείαε,
1016 2901 1374 2970 Bernhardy,
1407 2901 1482 2953 W
1478 2908 1709 2971 esterna„
1748 2904 1897 2958 idem
1931 2905 2098 2973 paulo
2136 2904 2281 2957 infra
2316 2904 2476 2957 resti—

183 2984 268 3036 tui
304 3000 406 3052 pro
446 2978 692 3056 Νεάρχῳ
730 2983 855 3037 coll.
895 2982 1054 3037 Suid.
1092 2999 1144 3037 v.
1183 2976 1487 3048 Νεόφρων,
1536 2982 1681 3036 unde
1720 2982 1957 3038 historia
1992 2984 2289 3052 desumpta.

186 3068 216 3115 5
255 3058 410 3136 αὐτῷ
451 3066 636 3134 συνεβ.
673 3064 817 3131 vuly.
857 3056 1012 3134 αὐτῷ
1054 3077 1160 3116 om.
1200 3065 1245 3112 A
1425 3066 1458 3115 6
1505 3057 1609 3115 σὺν
1643 3056 1736 3119 Ἀλ.
1775 3068 1873 3115 Bv
2044 3071 2072 3119 7
2112 3056 2185 3133 ἦν
2231 3062 2295 3119 δὲ
2344 3058 2476 3134 εύφ.

185 3143 328 3211 vuly.
368 3134 441 3211 ἦν
479 3139 543 3197 δὲ
583 3160 691 3199 om.
721 3146 888 3195 ARV.
965 3139 1221 3195 Ceterum
1260 3140 1529 3208 Hesychii
1566 3140 1743 3197 vitam
1780 3161 1954 3213 usque
1998 3144 2070 3198 ad
2109 3146 2205 3198 καὶ
2244 3144 2481 3213 φέρεται

187 3222 466 3289 pertinere
511 3224 676 3291 putat
710 3222 911 3289 Daub,
957 3220 1055 3290 qui
1100 3222 1274 3275 verba
1311 3215 1532 3289 εὐφυής
1569 3251 1636 3260 -
1685 3220 1972 3292 φέρεσθαι
2011 3225 2142 3294 post
2177 3220 2479 3279 Μακεδόνι

190 3303 550 3373 transponere
587 3302 805 3357 mavult
1233 3314 1236 3317 ’

330 3381 744 3438 CCCCXXXIII
790 3384 940 3437 Eud.
979 3401 1033 3451 p.
1073 3387 1194 3435 442.
1271 3379 1350 3434 cf.
1390 3380 1648 3437 Meineke
1686 3385 1711 3437 I
1755 3403 1807 3453 p.
1850 3390 1972 3451 251,
2027 3385 2122 3453 qui
2169 3401 2237 3439 ex
2271 3383 2478 3439 fabulis

189 3457 501 3533 Μύρμηκες
540 3468 596 3518 et
628 3458 880 3533 Ἀηδόνες
915 3464 1072 3516 nulla
1107 3477 1392 3531 superesse
1429 3464 1750 3533 fragmenta
1776 3464 1997 3518 monuit
2140 3469 2206 3517 14
2242 3467 2475 3533 Συμμα-

191 3544 280 3609 χία
328 3559 468 3598 corr.
511 3543 741 3598 Porson.
780 3543 1012 3597 Advers.
1051 3561 1106 3612 p.
1145 3548 1275 3608 298,
1321 3542 1585 3611 probavit
1638 3544 1911 3609 Meineke,
1958 3545 2286 3614 Συμμαχίαι
2331 3546 2473 3614 νιιῑρ.

196 3622 341 3679 Eud.
449 3639 457 3645 ·
489 3624 586 3677 καὶ
621 3619 765 3677 ἄλλα
801 3620 931 3678 τινά
969 3623 1095 3679 add.
1133 3625 1285 3678 Eud.

329 3702 743 3758 CCCCXXXIV
783 3704 934 3760 Eud.
973 3724 1028 3774 p.
1068 3710 1187 3759 437.
1265 3703 1343 3758 cf.
1385 3701 1575 3771 Daub,
1615 3702 1767 3756 Stud.
1810 3722 1863 3772 p.
1905 3709 1953 3756 6.
2027 3702 2273 3757 Alterius
2314 3703 2473 3772 Capi-

194 3784 331 3839 tonis
367 3788 568 3855 poetae
604 3784 748 3852 epici
781 3779 1050 3855 Ἐρωτικά
1088 3786 1282 3839 laudat
1318 3784 1520 3838 Athen.
1559 3782 1611 3835 X
1645 3802 1698 3853 p.
1738 3790 1858 3851 425,
1898 3784 1967 3837 de
2005 3800 2114 3851 quo
2153 3780 2220 3836 cf.
2258 3782 2473 3850 Rohde,

194 3862 280 3919 Gr.
301 3866 518 3920 Roman
546 3882 600 3932 p.
627 3869 724 3916 131
757 3867 871 3919 not.
897 3871 944 3930 1,
982 3865 1052 3919 de
1089 3866 1282 3933 terti0,
1320 3866 1386 3919 ut
1421 3864 1659 3932 videtur,
1697 3864 2042 3933 Pergameno
2080 3865 2249 3930 poeta.
2284 3862 2473 3931 agitur

194 3942 296 3997 Ins.
323 3944 388 3998 A.
419 3944 514 4012 III,
541 3961 595 3999 n.
619 3950 718 3998 769
833 3951 895 3998 17
936 3942 1016 4013 ιη’
1059 3962 1196 4001 corr.
1227 3946 1556 4010 Pearsonm,
1594 3944 1858 3998 laudante
1895 3944 2153 4009 Kustew,
2192 3944 2474 4011 permotus

199 4020 378 4093 Steph.
409 4025 538 4094 Byz.
568 4043 618 4079 v,
657 4027 909 4095 Ψίμαδα,
945 4025 1043 4079 ubi
1070 4029 1261 4080 tamen
1301 4021 1363 4080 ἐν
1392 4020 1435 4080 ε’
1477 4024 1698 4093 scripsit
1738 4024 1987 4077 Mei‘neke
2097 4028 2162 4077 18
2206 4023 2306 4075 τοῦ
2344 4025 2475 4090 post

199 4098 322 4159 Εὖτ.
363 4105 488 4159 add.
528 4105 697 4159 Daub
814 4108 937 4177 Λιβ.
969 4101 1125 4174 Ῥωμ.
1164 4102 1262 4161 τὸν
1301 4109 1630 4180 Παταβῐνον
1667 4103 1818 4158 Eud.
1941 4109 2005 4157 19
2044 4102 2141 4156 καὶ
2178 4101 2305 4171 περὶ
2334 4108 2471 4156 Λνκ.

203 4196 304 4251 seq.
339 4183 546 4239 iniuria
583 4202 730 4254 susp.
768 4185 996 4240 Daubio

330 4262 1199 4337 CCCCXXXV—CCCCXXXVI
1233 4266 1383 4321 Eud.
1415 4285 1470 4335 p.
1492 4272 1615 4321 442.
1656 4264 1925 4319 Tractant
1954 4262 2209 4317 Meineke
2230 4263 2255 4315 Ι
2275 4281 2326 4332 p.
2352 4267 2473 4331 505,

204 4339 472 4410 Welcker,
502 4343 592 4397 Gr.
623 4343 788 4413 Trag.
827 4364 880 4414 p.
919 4350 1078 4414 1018;
1117 4344 1298 4413 Daub,
1335 4346 1404 4401 de
1435 4344 1587 4400 Suid.
1625 4364 1679 4415 p.
1711 4350 1815 4399 472
1924 4350 1993 4399 20
2030 4350 2296 4414 μαρκῖνος
2324 4347 2471 4396 BVE
