3025 4892
587 235 716 299 208
1510 232 1938 291 HESYCHIUS.

584 396 804 481 βασις,
860 400 1195 481 Πρίηπος,
1262 400 1356 474 εἰς
1414 401 1844 483 Βελεστίχην,
1905 393 2230 482 Ἀμαζιόν,
2288 396 2400 463 καὶ
2468 398 2665 484 ἕτερα.
2722 394 2838 487 Ικαὶ

581 498 1070 589 Ἐγκλειόμεναι
1115 501 1226 569 καὶ
1275 502 1955 591 Παραλυτρούμενος,
2012 501 2100 582 ὡς
2140 500 2503 589 Ἀθήναιός
2548 522 2743 590 φησιν
2782 505 2841 571 ἐν

589 617 1200 693 Δειπνοσοφισταῖς
1221 607 1261 698 Ι.

760 714 1128 781 DCOLXX.
1201 719 1669 802 Σωτηρίδας
1723 714 2204 803 γραμματικός,
2260 714 2436 804 ἀνὴρ
2491 723 2839 804 Παμφίλης,

533 848 558 886 5
586 810 628 907 ᾗ
684 819 793 886 καὶ
848 818 963 900 τὰς
1019 824 1315 908 ἱστορίας
1359 824 1701 908 περιῆψεν.
1796 827 2083 907 ἔγραψεν
2132 820 2637 909 ὀρθογραφίαν,
2694 826 2840 909 ζητή-

586 947 722 1004 σεις
757 923 1139 1013 Ὁμηρικάς,
1185 924 1548 1014 ὑπόμνημα
1593 933 1687 1007 είς
1725 930 2159 1083 Μένανδρον,
2205 931 2355 1016 περὶ
2400 931 2678 1016 μέτρων,
2719 929 2844 1016 περὶ

582 1036 965 1122 κωμῳδίας,
1013 1038 1105 1113 εἰς
1151 1031 1552 1120 Εὐριπίδην.

758 1141 1160 1209 DCCLXXI.
1219 1145 1711 1229 [Σωτηρίδας
1747 1120 2195 1229 Ἐπιδαύριος,
2243 1141 2457 1230 πατὴρ
2497 1148 2843 1229 Παμφίλης,

581 1272 624 1333 ῃ
683 1244 762 1313 τὰ
819 1243 1260 1333 ὑπομνήματα
1327 1249 1727 1335 ἐπέγραψεν,
1805 1244 1926 1338 (ὥς
1990 1245 2027 1316 ὁ
2088 1248 2455 1327 Διονύσιος
2512 1250 2584 1315 ἐν
2639 1248 2702 1315 λ’
2749 1252 2845 1332 τῆς

504 1378 555 1417 10
584 1356 907 1439 μουσικῆς
954 1354 1305 1442 ἱστορίας),
1352 1359 1581 1440 βιβλία
1625 1354 1739 1440 γ’]

760 1460 1186 1527 DGOLXXII.
1278 1459 1737 1548 Σωτήριχος
1807 1458 2101 1543 Ὀασίτης
2175 1459 2512 1547 ἐποποιός,
2584 1456 2844 1546 γεγονώς
2930 1488 2937 1493 ·

583 1565 688 1632 ἐπὶ
746 1570 1261 1653 Διοκλητιανοῦ.
1362 1563 1691 1652 ἐγκώμιον
1747 1570 1842 1644 εἰς
1898 1566 2425 1654 Διοκλητιανόν,
2486 1563 2842 1649 Βασσαρικὰ

582 1670 730 1758 ἤτοι
790 1671 1210 1742 Διονυσιακὰ
1267 1678 1494 1759 βιβλία
1551 1674 1642 1758 δ’,
1704 1671 1785 1741 τὰ
1839 1672 2003 1740 κατὰ
2062 1673 2419 1741 Πάνθειαν
2476 1670 2598 1759 τὴν
2652 1677 2840 1757 Βαβυ-

398 1861 407 1868 .
582 1784 866 1865 λωνίαν,
912 1778 992 1847 τὰ
1042 1780 1206 1847 κατὰ
1247 1776 1630 1866 Ἀριάδνην,
1678 1785 1830 1866 βίον
1872 1778 2324 1848 Ἀπολλωνίου
2369 1783 2489 1848 τοῦ
2545 1780 2844 1861 Τυανέως,

504 1912 553 1951 15
582 1884 892 1952 Πύθωνα
947 1882 988 1971 ἢ
1031 1882 1583 1973 Ἀλεξανδριακόν
1632 1886 1799 1974 (ἔστι
1842 1886 1917 1953 δὲ
1965 1889 2224 1972 ἱστορία
2265 1885 2702 1974 Ἀλεξάνδρου
2739 1887 2842 1951 τοῦ

582 1990 1012 2077 Μακεδόνος,
1061 1989 1170 2059 ὅτε
1217 1990 1443 2078 Θήβας
1488 1990 1847 2081 παρέλαβε)
1893 1992 2012 2059 καὶ·
2052 1991 2237 2060 ἄλλα.

497 2182 503 2187 .
756 2097 1222 2165 DCOLXXIII.
1309 2097 1685 2184 Σώφιλος
1748 2097 1990 2185 [ὄνομα
2058 2100 2323 2188 κύριον]
2386 2099 2756 2177 Σικυώνιος
2809 2092 2842 2182 ἢ

579 2209 900 2289 Θηβαῖος,
972 2202 1261 2291 κωμικὸς
1333 2208 1450 2290 τῆς
1521 2205 1724 2289 μέσης
1794 2210 2163 2295 κωμῳδίας.
2284 2205 2587 2293 δράματα
2658 2204 2841 2272 αὐτοῦ

579 2309 1018 2401 Κιθαρῳδός,
1073 2310 1456 2399 Φύλαρχος,
1513 2309 1911 2399 Τυνδάρεως
1968 2308 2009 2398 ἢ
2058 2312 2254 2399 Λήδα
2312 2314 2424 2381 καὶ
2472 2318 2717 2400 Δηλία,
2768 2307 2845 2387 ὥς

499 2444 552 2482 20
579 2417 741 2503 <δε’>
790 2437 998 2504 φησιν
1040 2416 1430 2504 Ἀθήναιος,
1474 2417 1586 2484 καὶ
1627 2414 2066 2504 Ἐγχειρίδιον
2111 2419 2226 2486 καὶ
2272 2420 2815 2506 Παρακαταθήκῃ.

725 2619 751 2665 1
793 2616 1114 2683 Βελιστίχην
1148 2614 1396 2669 Pausan.
1409 2614 1476 2683 V,
1497 2618 1547 2679 8,
1574 2618 1634 2667 11
1667 2614 1727 2665 et
1754 2612 1949 2668 Athen.
1980 2612 2109 2668 XIII
2140 2633 2193 2684 p.
2224 2620 2327 2670 576
2366 2616 2694 2685 Βελεστίχην
2718 2614 2843 2686 vulq.

577 2692 729 2747 Eud.
769 2695 1098 2763 Βελετίσχην
1127 2700 1173 2747 V
1301 2693 1474 2747 verba
1501 2692 1599 2745 καὶ
1631 2723 1695 2731 -
1735 2693 1864 2747 exit.
1906 2694 1978 2747 ad
2018 2698 2243 2763 poetam
2282 2696 2558 2750 comicum
2594 2694 2843 2764 spectant,

577 2773 731 2826 ouius
768 2773 919 2829 vitae
956 2774 1127 2828 verba
1167 2772 1426 2828 adiunxit
1466 2773 1729 2827 Meineke.
1807 2772 1889 2828 Cf.
1929 2792 1979 2829 v.
2024 2778 2169 2829 Σωτ.
2204 2770 2315 2830 Ἀθ
2442 2783 2474 2879 2
2514 2772 2590 2837 ὥς
2629 2807 2689 2815 -·
2726 2772 2838 2827 exit.

579 2869 688 2905 om.
717 2854 869 2909 Eud.

720 2932 1011 2987 DCCLXX
1047 2934 1195 2989 Eud.
1234 2954 1286 3004 p.
1319 2940 1438 2989 650.
1479 2934 1559 2987 Gf
1598 2953 1649 2987 v.
1682 2934 1971 3029 Παμφίλη.
2011 2933 2241 2990 Τταοίῑαΐ
2268 2936 2455 3004 Daub‚
2496 2934 2652 2988 Stud.
2679 2952 2729 3001 p.
2760 2936 2843 2985 119

579 3018 611 3064 4
649 3016 1015 3081 Σωκρατίδας
1044 3031 1180 3069 corr.
1211 3014 1533 3068 Gutschmid
1643 3017 1673 3065 5
1712 3003 1755 3085 ᾧ
1788 3044 1853 3051 -
1884 3014 2175 3083 περιῆψαν
2213 3014 2324 3085 (vel
2362 3016 2665 3085 περιῆψεν)
2697 3012 2843 3066 Daub

579 3092 703 3147 coll.
738 3111 788 3146 v.
822 3096 1094 3163 Παμφίλη
1202 3094 1273 3148 de
1311 3093 1457 3148 libro
1495 3087 1747 3161 ζητήσεις
1776 3092 1844 3146 cf.
1876 3092 2044 3147 schol.
2071 3095 2134 3148 11.
2156 3094 2249 3163 IV,
2270 3101 2372 3149 412
2496 3102 2528 3149 6
2566 3090 2841 3163 ὑπόμνημα

579 3168 660 3231 εἰς
683 3164 928 3240 Ὅμηρον
958 3173 1054 3227 καὶ
1081 3177 1227 3228 Μεν.
1259 3173 1429 3239 Eud„
1466 3188 1672 3226 nomen
1700 3172 1931 3227 Homeri
1968 3174 2038 3227 ab
2076 3173 2202 3243 ipsa
2231 3175 2489 3228 additum
2526 3192 2645 3229 esse
2682 3172 2841 3227 autin

581 3248 782 3303 Suidae
813 3251 969 3305 libris
999 3253 1072 3305 ob
1100 3251 1388 3307 literarum
1419 3251 1819 3319 aequalitatem
1848 3253 2201 3309 inkercidisse
2229 3257 2395 3325 putat
2413 3255 2603 3321 Daub,
2632 3254 2696 3307 de
2718 3251 2841 3306 Viol.

578 3347 630 3397 p.
663 3336 719 3395 6;
751 3329 818 3383 de
847 3329 1150 3385 Menandro
1180 3350 1230 3386 v.
1266 3331 1530 3397 Meineke,
1560 3330 1731 3399 praef.
1764 3333 1908 3387 Men.
1939 3352 1993 3403 p.
2014 3333 2247 3387 XXXIV
2352 3341 2383 3389 6
2412 3333 2539 3389 fort.
2570 3333 2705 3401 intp.
2733 3333 2842 3386 ante

577 3412 705 3477 περὶ
744 3410 850 3463 del.
961 3406 1267 3481 ὑπόμνημα
1314 3410 1394 3474 εἰς
1433 3406 1569 3479 Εὗρ.
1614 3412 1676 3452 -’
1716 3413 1813 3466 καὶ
1851 3413 1981 3481 περὶ
2028 3434 2163 3482 κωμ.
2205 3416 2411 3469 rechins
2443 3414 2593 3468 Eud.

719 3488 1036 3543 DCCLXXI
1073 3508 1179 3545 om.
1213 3491 1485 3545 Westerm.
1626 3498 1657 3546 9
1696 3485 1731 3562 ᾖ
1769 3496 1915 3563 vuly.
1944 3485 2013 3563 ἧς
2043 3498 2144 3547 AV
2176 3490 2362 3563 ἐπεγρ.
2403 3494 2536 3547 Par.
2583 3491 2690 3561 ἔγρ.
2721 3492 2842 3557 vulg).

578 3568 725 3636 quod
765 3568 962 3623 laudat
988 3571 1158 3625 Daub
1197 3568 1392 3640 ὑπεγρ.
1431 3575 1529 3623 VE
1654 3568 1728 3634 ὡς
1767 3604 1833 3611 --
1872 3570 2116 3641 ἱστορίας
2154 3590 2222 3625 ex
2253 3573 2375 3627 vita
2399 3570 2730 3640 Pamphilae
2764 3567 2843 3622 mi-

579 3664 698 3702 sere
736 3650 977 3719 repetita.
1014 3653 1071 3705 et
1107 3651 1235 3706 inde
1273 3654 1456 3705 totam
1493 3651 1737 3719 glossam
1775 3655 1955 3707 ortam
1993 3669 2108 3707 esse
2147 3652 2339 3706 docuit
2364 3651 2563 3716 Daub,
2609 3651 2675 3704 de
2713 3647 2839 3703 Suid.

578 3747 630 3797 p.
661 3734 764 3783 411
793 3731 909 3787 not.
1037 3737 1102 3785 10
1140 3726 1228 3800 λγ’
1269 3748 1335 3786 ex
1373 3750 1426 3785 v.
1467 3732 1663 3800 Παμφ.
1705 3732 1949 3801 corrigas

523 3818 526 3820 “
719 3808 1061 3864 DCCLXXII
1099 3812 1248 3866 Eud.
1289 3830 1341 3881 p.
1374 3817 1493 3867 646.
1555 3810 1635 3864 Cf.
1674 3812 1935 3879 Dfintzer,
1973 3812 2073 3880 Ep.
2103 3812 2169 3867 fr.
2200 3813 2251 3865 ΙΙ
2278 3831 2330 3883 p.
2367 3819 2466 3867 107
2591 3820 2652 3866 11
2686 3807 2841 3867 ’Θασί-

575 3907 672 3956 της
709 3905 846 3943 corr.
878 3890 1136 3945 Pearson.
1168 3891 1292 3945 coll.
1325 3890 1517 3960 Steph.
1546 3890 1673 3959 Byz.
1712 3911 1764 3946 v.
1790 3886 2003 3956 ‘'Tact3,
2042 3886 2269 3959 ὃασίτης
2305 3891 2398 3947 vel
2434 3888 2465 3946 ὃ
2506 3887 2699 3960 ἆσίτης
2732 3886 2841 3944 libri

576 3966 726 4021 Eud.
869 3976 933 4023 12
973 3971 1042 4025 de
1079 3970 1225 4025 libro
1265 3969 1588 4040 Βασσαρικά
1628 3972 1694 4028 cf.
1735 3971 1958 4039 Rohde,
1997 3970 2089 4025 Gr.
2128 3971 2346 4026 Roman
2384 3991 2437 4041 p.
2472 3980 2573 4028 131
2611 3975 2725 4028 not.
2751 3979 2779 4026 2
2814 4000 2819 4007 -

580 4054 644 4101 15
682 4050 751 4103 de
778 4050 1151 4118 'Pythonecfi
1192 4051 1411 4119 Mfiller‚
1447 4051 1791 4107 Pseudocall.
1829 4070 1881 4120 p.
1912 4050 2092 4106 XXIV
2219 4058 2284 4105 16
2322 4050 2597 4124 κατέλαβε
2634 4054 2793 4108 Daub

716 4128 1088 4183 DCCLXXIII
1125 4132 1274 4187 Eud.
1315 4150 1371 4201 p.
1402 4137 1522 4185 647.
1598 4132 1829 4185 Tractat
1864 4130 2119 4185 Meineke
2149 4132 2172 4185 1
2210 4150 2268 4200 p.
2296 4136 2401 4185 425
2434 4149 2550 4201 seq.
2588 4130 2841 4201 Hesychio

575 4208 922 4262 abiudicavit
966 4210 1162 4276 Daub,
1211 4212 1278 4266 de
1328 4210 1480 4265 Suid.
1529 4228 1583 4279 p.
1622 4216 1727 4265 484
1894 4216 1955 4265 17
2006 4211 2177 4265 verba
2231 4211 2449 4265 seclusa
2498 4212 2568 4265 ad
2620 4212 2841 4281 glossam

575 4288 1000 4354 grammaticam
1030 4292 1308 4358 spectant3
1341 4308 1446 4345 om.
1468 4290 1621 4346 Eud.
1700 4297 1765 4345 19
1799 4291 2069 4358 Φίλαρχος
2096 4308 2229 4358 pars
2256 4291 2381 4344 libr.
2414 4294 2472 4346 eb
2489 4292 2641 4346 Eud.
2665 4294 2840 4346 Athen.

573 4364 650 4417 III
690 4384 742 4433 p.
777 4372 894 4432 100,
935 4366 1219 4437 Φύλαρχος
1248 4373 1388 4422 ABv
1435 4371 1494 4424 ess
1532 4371 1653 4425 edd.
1685 4371 1884 4426 Athen.
1924 4372 2054 4424 ante
2093 4370 2437 4425 Dindorfium
2583 4376 2761 4442 Δηλία
2792 4386 2841 4423 ex
