<?xml version="1.0" encoding="UTF-8"?>
<!DOCTYPE html PUBLIC "-//W3C//DTD XHTML 1.0 Transitional//EN"
    "http://www.w3.org/TR/xhtml1/DTD/xhtml1-transitional.dtd">
<html xmlns="http://www.w3.org/1999/xhtml" xml:lang="en" lang="en">
 <head>
  <title>
</title>
<meta http-equiv="Content-Type" content="text/html;charset=utf-8" />
  <meta name='ocr-system' content='tesseract 3.04.00' />
  <meta name='ocr-capabilities' content='ocr_page ocr_carea ocr_par ocr_line ocrx_word'/>
</head>
<body>
  <div class='ocr_page' id='page_1' title='image "./hesychiimilesii04flacgoog_0057.png"; bbox 0 0 3025 4892; ppageno 0'>
   <div class='ocr_carea' id='block_1_1' title="bbox 1025 237 2453 299">
    <p class='ocr_par' dir='ltr' id='par_1_1' title="bbox 1025 237 2453 299">
     <span class='ocr_line' id='line_1_1' title="bbox 1025 237 2453 299; baseline -0.004 -1"><span class='ocrx_word' id='word_1_1' title='bbox 1025 239 1595 299; x_wconf 81' lang='lat' dir='ltr'><strong>PR-OLEGOMENA.</strong></span> <span class='ocrx_word' id='word_1_2' title='bbox 2380 237 2453 292; x_wconf 86' lang='lat' dir='ltr'><strong>L1</strong></span> 
     </span>
    </p>
   </div>
   <div class='ocr_carea' id='block_1_2' title="bbox 151 402 2471 3259">
    <p class='ocr_par' dir='ltr' id='par_1_2' title="bbox 151 402 2471 3259">
     <span class='ocr_line' id='line_1_2' title="bbox 153 402 2451 491; baseline -0.001 -20"><span class='ocrx_word' id='word_1_3' title='bbox 153 410 434 473; x_wconf 89' lang='lat' dir='ltr'><strong>conatus</strong></span> <span class='ocrx_word' id='word_1_4' title='bbox 483 411 612 472; x_wconf 85' lang='lat' dir='ltr'><strong>est:</strong></span> <span class='ocrx_word' id='word_1_5' title='bbox 659 405 1062 471; x_wconf 78' lang='lat' dir='ltr'><strong>‘Demetrius</strong></span> <span class='ocrx_word' id='word_1_6' title='bbox 1109 407 1382 491; x_wconf 86' lang='lat' dir='ltr'><strong>Magnes</strong></span> <span class='ocrx_word' id='word_1_7' title='bbox 1397 402 1447 491; x_wconf 72' lang='grc' dir='ltr'><strong>ι)</strong></span> <span class='ocrx_word' id='word_1_8' title='bbox 1496 409 1597 470; x_wconf 87' lang='lat' dir='ltr'><strong>est</strong></span> <span class='ocrx_word' id='word_1_9' title='bbox 1640 405 1753 470; x_wconf 93' lang='lat' dir='ltr'><strong>ille</strong></span> <span class='ocrx_word' id='word_1_10' title='bbox 1798 427 1963 468; x_wconf 88' lang='lat' dir='ltr'><strong>unus</strong></span> <span class='ocrx_word' id='word_1_11' title='bbox 2011 404 2181 485; x_wconf 68' lang='lat' dir='ltr'><strong>fons5</strong></span> <span class='ocrx_word' id='word_1_12' title='bbox 2240 425 2279 468; x_wconf 88' lang='lat' dir='ltr'><strong>a</strong></span> <span class='ocrx_word' id='word_1_13' title='bbox 2322 425 2451 488; x_wconf 91' lang='lat' dir='ltr'><strong>quo</strong></span> 
     </span>
     <span class='ocr_line' id='line_1_3' title="bbox 151 509 2455 599; baseline -0.002 -22"><span class='ocrx_word' id='word_1_14' title='bbox 151 513 526 599; x_wconf 81' lang='lat' dir='ltr'><strong>Hesychius</strong></span> <span class='ocrx_word' id='word_1_15' title='bbox 582 515 944 579; x_wconf 74' lang='lat' dir='ltr'>doctrinam</span> <span class='ocrx_word' id='word_1_16' title='bbox 1003 535 1185 578; x_wconf 87' lang='lat' dir='ltr'><strong>suam</strong></span> <span class='ocrx_word' id='word_1_17' title='bbox 1231 512 1478 594; x_wconf 78' lang='lat' dir='ltr'><strong>hausit,</strong></span> <span class='ocrx_word' id='word_1_18' title='bbox 1539 510 1853 576; x_wconf 76' lang='lat' dir='ltr'><strong>Demetrii</strong></span> <span class='ocrx_word' id='word_1_19' title='bbox 1902 509 2229 594; x_wconf 75' lang='lat' dir='ltr'><strong>Magnetis</strong></span> <span class='ocrx_word' id='word_1_20' title='bbox 2274 509 2455 574; x_wconf 89' lang='lat' dir='ltr'><strong>color</strong></span> 
     </span>
     <span class='ocr_line' id='line_1_4' title="bbox 152 604 2453 707; baseline -0.002 -24"><span class='ocrx_word' id='word_1_21' title='bbox 152 604 487 707; x_wconf 79' lang='lat' dir='ltr'><strong>faciesque</strong></span> <span class='ocrx_word' id='word_1_22' title='bbox 561 643 640 685; x_wconf 85' lang='lat' dir='ltr'><strong>ex</strong></span> <span class='ocrx_word' id='word_1_23' title='bbox 712 619 1040 704; x_wconf 84' lang='lat' dir='ltr'><strong>Hesychio</strong></span> <span class='ocrx_word' id='word_1_24' title='bbox 1113 623 1425 703; x_wconf 75' lang='lat' dir='ltr'><strong>tanquam</strong></span> <span class='ocrx_word' id='word_1_25' title='bbox 1499 641 1539 682; x_wconf 88' lang='lat' dir='ltr'><strong>a</strong></span> <span class='ocrx_word' id='word_1_26' title='bbox 1610 618 2032 703; x_wconf 87' lang='lat' dir='ltr'><strong>palimpsesta</strong></span> <span class='ocrx_word' id='word_1_27' title='bbox 2110 613 2453 680; x_wconf 85' lang='lat' dir='ltr'><strong>enitescit&#39;.</strong></span> 
     </span>
     <span class='ocr_line' id='line_1_5' title="bbox 153 721 2455 812; baseline -0.003 -22"><span class='ocrx_word' id='word_1_28' title='bbox 153 725 510 792; x_wconf 81' lang='lat' dir='ltr'><strong>Nietzsche</strong></span> <span class='ocrx_word' id='word_1_29' title='bbox 556 727 756 812; x_wconf 84' lang='lat' dir='ltr'><strong>igitur</strong></span> <span class='ocrx_word' id='word_1_30' title='bbox 793 725 1184 809; x_wconf 87' lang='lat' dir='ltr'><strong>comparatis</strong></span> <span class='ocrx_word' id='word_1_31' title='bbox 1229 725 1468 789; x_wconf 83' lang='lat' dir='ltr'><strong>Laertii</strong></span> <span class='ocrx_word' id='word_1_32' title='bbox 1519 725 1678 789; x_wconf 89' lang='lat' dir='ltr'><strong>locis</strong></span> <span class='ocrx_word' id='word_1_33' title='bbox 1725 723 2090 788; x_wconf 87' lang='lat' dir='ltr'><strong>certissima</strong></span> <span class='ocrx_word' id='word_1_34' title='bbox 2135 721 2455 786; x_wconf 87' lang='lat' dir='ltr'><strong>uberioris</strong></span> 
     </span>
     <span class='ocr_line' id='line_1_6' title="bbox 153 826 2454 916; baseline -0.001 -22"><span class='ocrx_word' id='word_1_35' title='bbox 153 830 310 914; x_wconf 78' lang='grc' dir='ltr'><em>περὶ</em></span> <span class='ocrx_word' id='word_1_36' title='bbox 351 826 730 916; x_wconf 81' lang='grc' dir='ltr'><em>ὁμωνύμων</em></span> <span class='ocrx_word' id='word_1_37' title='bbox 760 832 914 897; x_wconf 87' lang='lat' dir='ltr'><strong>libri</strong></span> <span class='ocrx_word' id='word_1_38' title='bbox 942 831 1218 916; x_wconf 79' lang='lat' dir='ltr'><strong>vestigia</strong></span> <span class='ocrx_word' id='word_1_39' title='bbox 1251 832 1290 895; x_wconf 86' lang='lat' dir='ltr'><strong>i.</strong></span> <span class='ocrx_word' id='word_1_40' title='bbox 1320 853 1372 895; x_wconf 90' lang='lat' dir='ltr'><strong>e.</strong></span> <span class='ocrx_word' id='word_1_41' title='bbox 1400 829 1720 896; x_wconf 89' lang='lat' dir='ltr'><strong>Demetrii</strong></span> <span class='ocrx_word' id='word_1_42' title='bbox 1749 828 2095 914; x_wconf 87' lang='lat' dir='ltr'><strong>Magnetis,</strong></span> <span class='ocrx_word' id='word_1_43' title='bbox 2123 826 2454 894; x_wconf 81' lang='lat' dir='ltr'><strong>Ciceronis</strong></span> 
     </span>
     <span class='ocr_line' id='line_1_7' title="bbox 156 930 2454 1022; baseline -0.001 -22"><span class='ocrx_word' id='word_1_44' title='bbox 156 938 482 1022; x_wconf 81' lang='lat' dir='ltr'><strong>aequalis,</strong></span> <span class='ocrx_word' id='word_1_45' title='bbox 526 939 595 1002; x_wconf 89' lang='lat' dir='ltr'><strong>in</strong></span> <span class='ocrx_word' id='word_1_46' title='bbox 639 938 817 1004; x_wconf 88' lang='lat' dir='ltr'><strong>hisce</strong></span> <span class='ocrx_word' id='word_1_47' title='bbox 861 939 1014 1003; x_wconf 84' lang='lat' dir='ltr'><strong>vitis</strong></span> <span class='ocrx_word' id='word_1_48' title='bbox 1060 937 1404 1022; x_wconf 79' lang='lat' dir='ltr'><strong>indagasse</strong></span> <span class='ocrx_word' id='word_1_49' title='bbox 1443 937 1569 1001; x_wconf 90' lang='lat' dir='ltr'><strong>sibi</strong></span> <span class='ocrx_word' id='word_1_50' title='bbox 1612 937 1787 1000; x_wconf 82' lang='lat' dir='ltr'><strong>visus</strong></span> <span class='ocrx_word' id='word_1_51' title='bbox 1840 938 1963 1000; x_wconf 85' lang='lat' dir='ltr'><strong>est:</strong></span> <span class='ocrx_word' id='word_1_52' title='bbox 2016 930 2454 1020; x_wconf 80' lang='grc' dir='ltr'><strong><em>Ἀρίστιππος,</em></strong></span> 
     </span>
     <span class='ocr_line' id='line_1_8' title="bbox 151 1038 2456 1130; baseline -0.001 -23"><span class='ocrx_word' id='word_1_53' title='bbox 151 1039 493 1128; x_wconf 79' lang='grc' dir='ltr'><em>Ἀρχύτας,</em></span> <span class='ocrx_word' id='word_1_54' title='bbox 525 1040 968 1130; x_wconf 77' lang='grc' dir='ltr'><em>Ἐπιμενίδης,</em></span> <span class='ocrx_word' id='word_1_55' title='bbox 995 1039 1439 1128; x_wconf 79' lang='grc' dir='ltr'><em>Ἡράκλειτος,</em></span> <span class='ocrx_word' id='word_1_56' title='bbox 1477 1039 1735 1126; x_wconf 76' lang='grc' dir='ltr'><em>Θεανώ,</em></span> <span class='ocrx_word' id='word_1_57' title='bbox 1774 1038 2222 1125; x_wconf 84' lang='grc' dir='ltr'><em>Θεόφραστος,</em></span> <span class='ocrx_word' id='word_1_58' title='bbox 2256 1041 2456 1114; x_wconf 77' lang='grc' dir='ltr'><em>Ξενο-</em></span> 
     </span>
     <span class='ocr_line' id='line_1_9' title="bbox 156 1143 2456 1237; baseline -0.001 -23"><span class='ocrx_word' id='word_1_59' title='bbox 156 1147 428 1236; x_wconf 77' lang='grc' dir='ltr'><em>κράτης,</em></span> <span class='ocrx_word' id='word_1_60' title='bbox 465 1151 815 1237; x_wconf 81' lang='grc' dir='ltr'><em>Πολέμων,</em></span> <span class='ocrx_word' id='word_1_61' title='bbox 845 1147 1202 1235; x_wconf 79' lang='grc' dir='ltr'><em>Στράτων;</em></span> <span class='ocrx_word' id='word_1_62' title='bbox 1235 1146 1777 1235; x_wconf 77' lang='grc' dir='ltr'><em>Ἀναξίμανδρος,</em></span> <span class='ocrx_word' id='word_1_63' title='bbox 1805 1143 2255 1235; x_wconf 52' lang='grc' dir='ltr'><em>Ἀννίκεριςῖ),</em></span> <span class='ocrx_word' id='word_1_64' title='bbox 2288 1144 2456 1232; x_wconf 90' lang='grc' dir='ltr'><em>Ἀρι-</em></span> 
     </span>
     <span class='ocr_line' id='line_1_10' title="bbox 159 1251 2459 1342; baseline -0.001 -21"><span class='ocrx_word' id='word_1_65' title='bbox 159 1256 494 1340; x_wconf 88' lang='grc' dir='ltr'><em>στοτέλης,</em></span> <span class='ocrx_word' id='word_1_66' title='bbox 542 1255 986 1342; x_wconf 90' lang='grc' dir='ltr'><em>Δημόκριτος,</em></span> <span class='ocrx_word' id='word_1_67' title='bbox 1023 1253 1476 1342; x_wconf 80' lang='grc' dir='ltr'><em>Ἡρακλείδης,</em></span> <span class='ocrx_word' id='word_1_68' title='bbox 1522 1251 1778 1338; x_wconf 77' lang='grc' dir='ltr'><em>Θεανώ,</em></span> <span class='ocrx_word' id='word_1_69' title='bbox 1828 1251 2262 1341; x_wconf 81' lang='grc' dir='ltr'><em>Πυθαγόρας,</em></span> <span class='ocrx_word' id='word_1_70' title='bbox 2310 1259 2459 1319; x_wconf 85' lang='grc' dir='ltr'><em>Σω-</em></span> 
     </span>
     <span class='ocr_line' id='line_1_11' title="bbox 159 1356 2457 1448; baseline -0.001 -21"><span class='ocrx_word' id='word_1_71' title='bbox 159 1359 440 1447; x_wconf 66' lang='grc' dir='ltr'><em>κράτης,</em></span> <span class='ocrx_word' id='word_1_72' title='bbox 465 1359 916 1447; x_wconf 79' lang='grc' dir='ltr'><em>Ἀντισθένης,</em></span> <span class='ocrx_word' id='word_1_73' title='bbox 956 1359 1396 1447; x_wconf 85' lang='grc' dir='ltr'><em>Δημόκριτος,</em></span> <span class='ocrx_word' id='word_1_74' title='bbox 1434 1359 1885 1448; x_wconf 86' lang='grc' dir='ltr'><em>Θεόφραστος,</em></span> <span class='ocrx_word' id='word_1_75' title='bbox 1914 1358 2213 1445; x_wconf 77' lang='grc' dir='ltr'><em>Κράτης;</em></span> <span class='ocrx_word' id='word_1_76' title='bbox 2246 1356 2457 1426; x_wconf 88' lang='grc' dir='ltr'><em>Ἀννί-</em></span> 
     </span>
     <span class='ocr_line' id='line_1_12' title="bbox 161 1463 2461 1557; baseline -0.001 -23"><span class='ocrx_word' id='word_1_77' title='bbox 161 1494 376 1553; x_wconf 82' lang='grc' dir='ltr'><em>κερις,</em></span> <span class='ocrx_word' id='word_1_78' title='bbox 449 1465 822 1555; x_wconf 82' lang='grc' dir='ltr'><em>Ἀρχέλαος,</em></span> <span class='ocrx_word' id='word_1_79' title='bbox 890 1463 1343 1553; x_wconf 78' lang='grc' dir='ltr'><strong><em>Ἀριστοτέλης</em></strong></span> <span class='ocrx_word' id='word_1_80' title='bbox 1424 1468 1494 1557; x_wconf 88' lang='lat' dir='ltr'><strong>(i.</strong></span> <span class='ocrx_word' id='word_1_81' title='bbox 1541 1492 1591 1535; x_wconf 86' lang='lat' dir='ltr'><strong>e.</strong></span> <span class='ocrx_word' id='word_1_82' title='bbox 1672 1470 1741 1535; x_wconf 92' lang='lat' dir='ltr'><strong>in</strong></span> <span class='ocrx_word' id='word_1_83' title='bbox 1817 1471 1953 1535; x_wconf 85' lang='lat' dir='ltr'><strong>vita</strong></span> <span class='ocrx_word' id='word_1_84' title='bbox 2024 1465 2461 1554; x_wconf 84' lang='lat' dir='ltr'><strong>Menagiana)‚</strong></span> 
     </span>
     <span class='ocr_line' id='line_1_13' title="bbox 155 1569 2461 1661; baseline -0 -21"><span class='ocrx_word' id='word_1_85' title='bbox 155 1572 582 1661; x_wconf 88' lang='grc' dir='ltr'><em>Ἐπίκουρος,</em></span> <span class='ocrx_word' id='word_1_86' title='bbox 632 1569 1090 1660; x_wconf 84' lang='grc' dir='ltr'><em>Ἡρακλείδης,</em></span> <span class='ocrx_word' id='word_1_87' title='bbox 1132 1570 1589 1658; x_wconf 79' lang='grc' dir='ltr'><em>Ἡράκλειτος,</em></span> <span class='ocrx_word' id='word_1_88' title='bbox 1650 1572 2028 1660; x_wconf 86' lang='grc' dir='ltr'><em>Θεόδωρος,</em></span> <span class='ocrx_word' id='word_1_89' title='bbox 2084 1571 2373 1642; x_wconf 75' lang='grc' dir='ltr'><em>Πλάτων</em></span> <span class='ocrx_word' id='word_1_90' title='bbox 2390 1572 2461 1660; x_wconf 73' lang='lat'><strong>⁸),</strong></span> 
     </span>
     <span class='ocr_line' id='line_1_14' title="bbox 164 1677 2463 1766; baseline -0.002 -19"><span class='ocrx_word' id='word_1_91' title='bbox 164 1678 616 1765; x_wconf 80' lang='grc' dir='ltr'><em>Πυθαγόρας,</em></span> <span class='ocrx_word' id='word_1_92' title='bbox 674 1680 1000 1766; x_wconf 89' lang='grc' dir='ltr'><em>Πύρρων,</em></span> <span class='ocrx_word' id='word_1_93' title='bbox 1047 1677 1437 1766; x_wconf 79' lang='grc' dir='ltr'><em>Σωκράτης,</em></span> <span class='ocrx_word' id='word_1_94' title='bbox 1489 1678 1900 1766; x_wconf 79' lang='grc' dir='ltr'><em>Φερεκύδης,</em></span> <span class='ocrx_word' id='word_1_95' title='bbox 1947 1682 2181 1766; x_wconf 91' lang='lat' dir='ltr'><strong>quibus</strong></span> <span class='ocrx_word' id='word_1_96' title='bbox 2228 1681 2304 1744; x_wconf 93' lang='lat' dir='ltr'><strong>de</strong></span> <span class='ocrx_word' id='word_1_97' title='bbox 2350 1701 2463 1764; x_wconf 88' lang='lat' dir='ltr'><strong>pa-</strong></span> 
     </span>
     <span class='ocr_line' id='line_1_15' title="bbox 163 1786 2461 1873; baseline -0.002 -21"><span class='ocrx_word' id='word_1_98' title='bbox 163 1789 488 1870; x_wconf 77' lang='lat' dir='ltr'><strong>rentibuS,</strong></span> <span class='ocrx_word' id='word_1_99' title='bbox 535 1788 854 1870; x_wconf 87' lang='lat' dir='ltr'><strong>cognatis,</strong></span> <span class='ocrx_word' id='word_1_100' title='bbox 906 1789 1400 1872; x_wconf 79' lang='lat' dir='ltr'><strong>cognominibus</strong></span> <span class='ocrx_word' id='word_1_101' title='bbox 1447 1793 1512 1853; x_wconf 88' lang='lat' dir='ltr'><strong>et</strong></span> <span class='ocrx_word' id='word_1_102' title='bbox 1558 1788 2085 1873; x_wconf 71' lang='lat' dir='ltr'><strong>praeceptoribus</strong></span> <span class='ocrx_word' id='word_1_103' title='bbox 2134 1786 2461 1871; x_wconf 87' lang='lat' dir='ltr'><strong>copiosius</strong></span> 
     </span>
     <span class='ocr_line' id='line_1_16' title="bbox 163 1892 2463 1980; baseline -0.002 -20"><span class='ocrx_word' id='word_1_104' title='bbox 163 1896 554 1980; x_wconf 84' lang='lat' dir='ltr'><strong>disputatur.</strong></span> <span class='ocrx_word' id='word_1_105' title='bbox 626 1892 876 1959; x_wconf 88' lang='lat' dir='ltr'><strong>Deinde</strong></span> <span class='ocrx_word' id='word_1_106' title='bbox 912 1894 978 1958; x_wconf 89' lang='lat' dir='ltr'><strong>in</strong></span> <span class='ocrx_word' id='word_1_107' title='bbox 1017 1894 1186 1978; x_wconf 81' lang='lat' dir='ltr'><strong>aliis,</strong></span> <span class='ocrx_word' id='word_1_108' title='bbox 1232 1895 1465 1980; x_wconf 88' lang='lat' dir='ltr'><strong>quibus</strong></span> <span class='ocrx_word' id='word_1_109' title='bbox 1504 1894 1581 1958; x_wconf 92' lang='lat' dir='ltr'><strong>de</strong></span> <span class='ocrx_word' id='word_1_110' title='bbox 1619 1895 2159 1979; x_wconf 85' lang='lat' dir='ltr'><strong>philosophorum</strong></span> <span class='ocrx_word' id='word_1_111' title='bbox 2203 1893 2463 1976; x_wconf 86' lang='lat' dir='ltr'><strong>scriptis</strong></span> 
     </span>
     <span class='ocr_line' id='line_1_17' title="bbox 166 1995 2463 2087; baseline 0 -23"><span class='ocrx_word' id='word_1_112' title='bbox 166 2003 414 2087; x_wconf 74' lang='lat' dir='ltr'><strong>agiturz</strong></span> <span class='ocrx_word' id='word_1_113' title='bbox 482 1995 1030 2084; x_wconf 76' lang='grc' dir='ltr'><em>Ἀναξίμανδρος,</em></span> <span class='ocrx_word' id='word_1_114' title='bbox 1105 2002 1458 2086; x_wconf 78' lang='grc' dir='ltr'><em>Αἰσχίνης,</em></span> <span class='ocrx_word' id='word_1_115' title='bbox 1530 1995 1951 2087; x_wconf 81' lang='grc' dir='ltr'><em>Ἀνάχαρσις,</em></span> <span class='ocrx_word' id='word_1_116' title='bbox 2010 1995 2463 2082; x_wconf 75' lang='grc' dir='ltr'><em>Ἀντισθένης,</em></span> 
     </span>
     <span class='ocr_line' id='line_1_18' title="bbox 171 2101 2463 2192; baseline 0 -22"><span class='ocrx_word' id='word_1_117' title='bbox 171 2104 628 2191; x_wconf 87' lang='grc' dir='ltr'><em>Δημόκριτος,</em></span> <span class='ocrx_word' id='word_1_118' title='bbox 705 2102 1179 2191; x_wconf 81' lang='grc' dir='ltr'><em>Ἐμπεδοκλῆς,</em></span> <span class='ocrx_word' id='word_1_119' title='bbox 1258 2101 1707 2192; x_wconf 83' lang='grc' dir='ltr'><em>Ἐπιμενίδης,</em></span> <span class='ocrx_word' id='word_1_120' title='bbox 1793 2103 2123 2189; x_wconf 79' lang='grc' dir='ltr'><em>Εὔδοξος,</em></span> <span class='ocrx_word' id='word_1_121' title='bbox 2198 2102 2463 2189; x_wconf 85' lang='grc' dir='ltr'><em>Ζήνων,</em></span> 
     </span>
     <span class='ocr_line' id='line_1_19' title="bbox 169 2210 2465 2299; baseline 0 -23"><span class='ocrx_word' id='word_1_122' title='bbox 169 2215 416 2296; x_wconf 80' lang='grc' dir='ltr'><em>Θαλῆς,</em></span> <span class='ocrx_word' id='word_1_123' title='bbox 465 2213 706 2296; x_wconf 84' lang='grc' dir='ltr'><em>Κέβης,</em></span> <span class='ocrx_word' id='word_1_124' title='bbox 753 2214 1198 2297; x_wconf 86' lang='grc' dir='ltr'><em>Περίανδρος,</em></span> <span class='ocrx_word' id='word_1_125' title='bbox 1245 2210 1599 2296; x_wconf 87' lang='grc' dir='ltr'><em>Πιττακός,</em></span> <span class='ocrx_word' id='word_1_126' title='bbox 1637 2214 1989 2299; x_wconf 83' lang='grc' dir='ltr'><em>Πολέμων,</em></span> <span class='ocrx_word' id='word_1_127' title='bbox 2030 2210 2465 2298; x_wconf 80' lang='grc' dir='ltr'><em>Πυθαγόρας,</em></span> 
     </span>
     <span class='ocr_line' id='line_1_20' title="bbox 171 2315 2465 2404; baseline -0 -20"><span class='ocrx_word' id='word_1_128' title='bbox 171 2317 454 2402; x_wconf 86' lang='grc' dir='ltr'><em>Σόλων,</em></span> <span class='ocrx_word' id='word_1_129' title='bbox 509 2315 886 2404; x_wconf 78' lang='grc' dir='ltr'><em>Τηλαύγης,</em></span> <span class='ocrx_word' id='word_1_130' title='bbox 940 2322 1239 2403; x_wconf 87' lang='grc' dir='ltr'><em>Φαίδων,</em></span> <span class='ocrx_word' id='word_1_131' title='bbox 1294 2315 1695 2404; x_wconf 81' lang='grc' dir='ltr'><em>Φερεκύδης,</em></span> <span class='ocrx_word' id='word_1_132' title='bbox 1747 2324 2081 2397; x_wconf 82' lang='grc' dir='ltr'><em>Φιλίσκος.</em></span> <span class='ocrx_word' id='word_1_133' title='bbox 2173 2318 2465 2404; x_wconf 87' lang='lat' dir='ltr'><strong>Denique</strong></span> 
     </span>
     <span class='ocr_line' id='line_1_21' title="bbox 169 2425 2467 2512; baseline 0 -23"><span class='ocrx_word' id='word_1_134' title='bbox 169 2428 236 2490; x_wconf 84' lang='lat' dir='ltr'><strong>in</strong></span> <span class='ocrx_word' id='word_1_135' title='bbox 285 2426 680 2511; x_wconf 85' lang='lat' dir='ltr'><strong>quibusdam</strong></span> <span class='ocrx_word' id='word_1_136' title='bbox 739 2427 911 2511; x_wconf 81' lang='lat' dir='ltr'><strong>aliis,</strong></span> <span class='ocrx_word' id='word_1_137' title='bbox 967 2427 1200 2511; x_wconf 87' lang='lat' dir='ltr'><strong>quibus</strong></span> <span class='ocrx_word' id='word_1_138' title='bbox 1248 2426 1325 2490; x_wconf 91' lang='lat' dir='ltr'><strong>de</strong></span> <span class='ocrx_word' id='word_1_139' title='bbox 1374 2429 1582 2491; x_wconf 78' lang='lat' dir='ltr'><strong>morte</strong></span> <span class='ocrx_word' id='word_1_140' title='bbox 1629 2426 1731 2491; x_wconf 85' lang='lat' dir='ltr'><strong>vel</strong></span> <span class='ocrx_word' id='word_1_141' title='bbox 1774 2427 1991 2512; x_wconf 84' lang='lat' dir='ltr'><strong>patria</strong></span> <span class='ocrx_word' id='word_1_142' title='bbox 2028 2427 2261 2511; x_wconf 85' lang='lat' dir='ltr'><strong>agitur.</strong></span> <span class='ocrx_word' id='word_1_143' title='bbox 2330 2425 2467 2492; x_wconf 87' lang='lat' dir='ltr'><strong>Nec</strong></span> 
     </span>
     <span class='ocr_line' id='line_1_22' title="bbox 171 2530 2463 2618; baseline 0 -22"><span class='ocrx_word' id='word_1_144' title='bbox 171 2555 328 2598; x_wconf 89' lang='lat' dir='ltr'><strong>vero</strong></span> <span class='ocrx_word' id='word_1_145' title='bbox 372 2533 894 2618; x_wconf 74' lang='lat' dir='ltr'><strong>improbabiliter</strong></span> <span class='ocrx_word' id='word_1_146' title='bbox 937 2532 1108 2596; x_wconf 90' lang='lat' dir='ltr'><strong>idem</strong></span> <span class='ocrx_word' id='word_1_147' title='bbox 1151 2533 1320 2596; x_wconf 87' lang='lat' dir='ltr'><strong>inter</strong></span> <span class='ocrx_word' id='word_1_148' title='bbox 1360 2530 1682 2596; x_wconf 86' lang='lat' dir='ltr'><strong>Demetrii</strong></span> <span class='ocrx_word' id='word_1_149' title='bbox 1719 2531 2041 2616; x_wconf 79' lang='lat' dir='ltr'><strong>Magnetis</strong></span> <span class='ocrx_word' id='word_1_150' title='bbox 2089 2533 2303 2597; x_wconf 87' lang='lat' dir='ltr'><strong>fontes</strong></span> <span class='ocrx_word' id='word_1_151' title='bbox 2350 2532 2463 2598; x_wconf 88' lang='lat' dir='ltr'><strong>ha-</strong></span> 
     </span>
     <span class='ocr_line' id='line_1_23' title="bbox 172 2635 2469 2724; baseline -0.001 -20"><span class='ocrx_word' id='word_1_152' title='bbox 172 2641 318 2704; x_wconf 80' lang='lat' dir='ltr'><strong>buit</strong></span> <span class='ocrx_word' id='word_1_153' title='bbox 355 2640 748 2724; x_wconf 87' lang='lat' dir='ltr'><strong>Aristippi</strong></span> <span class='ocrx_word' id='word_1_154' title='bbox 793 2638 944 2723; x_wconf 80' lang='grc' dir='ltr'><em>περὶ</em></span> <span class='ocrx_word' id='word_1_155' title='bbox 979 2639 1267 2715; x_wconf 77' lang='grc' dir='ltr'><em>παλαιᾶς</em></span> <span class='ocrx_word' id='word_1_156' title='bbox 1302 2639 1563 2723; x_wconf 82' lang='grc' dir='ltr'><em>τρυφῆς</em></span> <span class='ocrx_word' id='word_1_157' title='bbox 1598 2639 1839 2703; x_wconf 89' lang='lat' dir='ltr'><strong>librum</strong></span> <span class='ocrx_word' id='word_1_158' title='bbox 1854 2635 1941 2724; x_wconf 82' lang='lat'><strong>⁴),</strong></span> <span class='ocrx_word' id='word_1_159' title='bbox 1978 2661 2055 2704; x_wconf 84' lang='lat' dir='ltr'><strong>ex</strong></span> <span class='ocrx_word' id='word_1_160' title='bbox 2092 2661 2221 2724; x_wconf 90' lang='lat' dir='ltr'><strong>quo</strong></span> <span class='ocrx_word' id='word_1_161' title='bbox 2259 2639 2469 2702; x_wconf 85' lang='lat' dir='ltr'><strong>multa</strong></span> 
     </span>
     <span class='ocr_line' id='line_1_24' title="bbox 172 2741 2468 2832; baseline 0.001 -24"><span class='ocrx_word' id='word_1_162' title='bbox 172 2748 308 2812; x_wconf 87' lang='lat' dir='ltr'><strong>eius</strong></span> <span class='ocrx_word' id='word_1_163' title='bbox 348 2748 624 2832; x_wconf 85' lang='lat' dir='ltr'><strong>generis,</strong></span> <span class='ocrx_word' id='word_1_164' title='bbox 661 2747 838 2812; x_wconf 87' lang='lat' dir='ltr'><strong>velut</strong></span> <span class='ocrx_word' id='word_1_165' title='bbox 875 2769 934 2811; x_wconf 78' lang='lat' dir='ltr'><strong>v.</strong></span> <span class='ocrx_word' id='word_1_166' title='bbox 962 2741 1395 2829; x_wconf 82' lang='grc' dir='ltr'><em>Θεόφραστος</em></span> <span class='ocrx_word' id='word_1_167' title='bbox 1425 2744 1596 2830; x_wconf 87' lang='lat' dir='ltr'><strong>(coll.</strong></span> <span class='ocrx_word' id='word_1_168' title='bbox 1626 2744 1837 2811; x_wconf 82' lang='lat' dir='ltr'><strong>Laert.</strong></span> <span class='ocrx_word' id='word_1_169' title='bbox 1869 2744 1947 2828; x_wconf 89' lang='lat' dir='ltr'><strong>V,</strong></span> <span class='ocrx_word' id='word_1_170' title='bbox 1982 2743 2097 2832; x_wconf 85' lang='lat'><strong>39)</strong></span> <span class='ocrx_word' id='word_1_171' title='bbox 2126 2746 2468 2829; x_wconf 86' lang='lat' dir='ltr'><strong>fluxerunt,-</strong></span> 
     </span>
     <span class='ocr_line' id='line_1_25' title="bbox 173 2851 2469 2938; baseline -0.001 -22"><span class='ocrx_word' id='word_1_172' title='bbox 173 2856 356 2918; x_wconf 89' lang='lat' dir='ltr'><strong>cuius</strong></span> <span class='ocrx_word' id='word_1_173' title='bbox 405 2854 620 2938; x_wconf 88' lang='lat' dir='ltr'><strong>operis</strong></span> <span class='ocrx_word' id='word_1_174' title='bbox 667 2854 946 2918; x_wconf 85' lang='lat' dir='ltr'><strong>frustula</strong></span> <span class='ocrx_word' id='word_1_175' title='bbox 991 2853 1062 2916; x_wconf 90' lang='lat' dir='ltr'><strong>in</strong></span> <span class='ocrx_word' id='word_1_176' title='bbox 1105 2852 1258 2916; x_wconf 87' lang='lat' dir='ltr'><strong>vitis</strong></span> <span class='ocrx_word' id='word_1_177' title='bbox 1296 2851 1729 2936; x_wconf 84' lang='lat' dir='ltr'><strong>Hesychianis</strong></span> <span class='ocrx_word' id='word_1_178' title='bbox 1775 2852 2143 2936; x_wconf 85' lang='lat' dir='ltr'><strong>frequenter</strong></span> <span class='ocrx_word' id='word_1_179' title='bbox 2192 2851 2469 2917; x_wconf 86' lang='lat' dir='ltr'><strong>inveniri</strong></span> 
     </span>
     <span class='ocr_line' id='line_1_26' title="bbox 173 2953 2469 3044; baseline -0.001 -20"><span class='ocrx_word' id='word_1_180' title='bbox 173 2983 366 3026; x_wconf 86' lang='lat' dir='ltr'><strong>nemo</strong></span> <span class='ocrx_word' id='word_1_181' title='bbox 412 2960 621 3026; x_wconf 84' lang='lat' dir='ltr'><strong>nescit</strong></span> <span class='ocrx_word' id='word_1_182' title='bbox 657 2958 770 3044; x_wconf 87' lang='lat' dir='ltr'><strong>(cf.</strong></span> <span class='ocrx_word' id='word_1_183' title='bbox 799 2954 1279 3043; x_wconf 87' lang='grc' dir='ltr'><em>Ἀριστοτέλης,</em></span> <span class='ocrx_word' id='word_1_184' title='bbox 1316 2953 1661 3041; x_wconf 87' lang='grc' dir='ltr'><em>Ἡσίοδος,</em></span> <span class='ocrx_word' id='word_1_185' title='bbox 1708 2955 2078 3044; x_wconf 82' lang='grc' dir='ltr'><em>Σωκράτης</em></span> <span class='ocrx_word' id='word_1_186' title='bbox 2113 2955 2247 3044; x_wconf 84' lang='lat' dir='ltr'><strong>aL),</strong></span> <span class='ocrx_word' id='word_1_187' title='bbox 2293 2959 2469 3022; x_wconf 86' lang='lat' dir='ltr'><strong>Ale-</strong></span> 
     </span>
     <span class='ocr_line' id='line_1_27' title="bbox 175 3063 2470 3152; baseline -0 -20"><span class='ocrx_word' id='word_1_188' title='bbox 175 3067 611 3152; x_wconf 84' lang='lat' dir='ltr'><strong>xandrique</strong></span> <span class='ocrx_word' id='word_1_189' title='bbox 647 3066 1170 3150; x_wconf 84' lang='lat' dir='ltr'><strong>Polyhistoris</strong></span> <span class='ocrx_word' id='word_1_190' title='bbox 1207 3065 1523 3131; x_wconf 86' lang='lat' dir='ltr'><strong>historias</strong></span> <span class='ocrx_word' id='word_1_191' title='bbox 1551 3063 1657 3150; x_wconf 87' lang='lat' dir='ltr'><strong>(cf.</strong></span> <span class='ocrx_word' id='word_1_192' title='bbox 1677 3067 2066 3150; x_wconf 87' lang='grc' dir='ltr'><em>Χρύσιππος</em></span> <span class='ocrx_word' id='word_1_193' title='bbox 2093 3066 2235 3131; x_wconf 90' lang='lat' dir='ltr'><strong>coll.</strong></span> <span class='ocrx_word' id='word_1_194' title='bbox 2257 3065 2470 3131; x_wconf 88' lang='lat' dir='ltr'><strong>Laert.</strong></span> 
     </span>
     <span class='ocr_line' id='line_1_28' title="bbox 176 3169 2471 3259; baseline -0.001 -20"><span class='ocrx_word' id='word_1_195' title='bbox 176 3173 322 3259; x_wconf 88' lang='lat' dir='ltr'>VII,</span> <span class='ocrx_word' id='word_1_196' title='bbox 371 3175 517 3258; x_wconf 85' lang='lat'><strong>179,</strong></span> <span class='ocrx_word' id='word_1_197' title='bbox 565 3170 926 3258; x_wconf 81' lang='grc' dir='ltr'><em>Σωκράτης</em></span> <span class='ocrx_word' id='word_1_198' title='bbox 961 3173 1108 3239; x_wconf 87' lang='lat' dir='ltr'><strong>coll.</strong></span> <span class='ocrx_word' id='word_1_199' title='bbox 1146 3176 1360 3237; x_wconf 87' lang='lat' dir='ltr'><strong>Laert.</strong></span> <span class='ocrx_word' id='word_1_200' title='bbox 1397 3171 1482 3256; x_wconf 92' lang='grc' dir='ltr'><strong>ΙΙ,</strong></span> <span class='ocrx_word' id='word_1_201' title='bbox 1526 3172 1627 3256; x_wconf 91' lang='grc'><em>18,</em></span> <span class='ocrx_word' id='word_1_202' title='bbox 1664 3169 2127 3259; x_wconf 77' lang='grc' dir='ltr'><em>Πυθαγόρας),</em></span> <span class='ocrx_word' id='word_1_203' title='bbox 2174 3173 2471 3257; x_wconf 86' lang='lat' dir='ltr'><strong>aliosque</strong></span> 
     </span>
    </p>
   </div>
   <div class='ocr_carea' id='block_1_3' title="bbox 181 3327 608 3336">
    <p class='ocr_par' dir='ltr' id='par_1_3' title="bbox 181 3327 608 3336">
     <span class='ocr_line' id='line_1_29' title="bbox 181 3327 608 3336; baseline 0 1556"><span class='ocrx_word' id='word_1_204' title='bbox 181 3327 608 3336; x_wconf 95' lang='lat' dir='ltr'><strong> </strong></span> 
     </span>
    </p>
   </div>
   <div class='ocr_carea' id='block_1_4' title="bbox 180 3417 2475 4287">
    <p class='ocr_par' dir='ltr' id='par_1_4' title="bbox 180 3417 2473 3808">
     <span class='ocr_line' id='line_1_30' title="bbox 180 3417 2472 3489; baseline 0.001 -17"><span class='ocrx_word' id='word_1_205' title='bbox 180 3419 329 3475; x_wconf 84' lang='lat' dir='ltr'><strong>Rose</strong></span> <span class='ocrx_word' id='word_1_206' title='bbox 372 3419 432 3473; x_wconf 88' lang='lat' dir='ltr'><strong>in</strong></span> <span class='ocrx_word' id='word_1_207' title='bbox 478 3421 754 3489; x_wconf 87' lang='lat' dir='ltr'><strong>apparatu</strong></span> <span class='ocrx_word' id='word_1_208' title='bbox 799 3419 952 3473; x_wconf 84' lang='lat' dir='ltr'><strong>vitae</strong></span> <span class='ocrx_word' id='word_1_209' title='bbox 997 3417 1392 3488; x_wconf 82' lang='lat' dir='ltr'><strong>Menagianae‚</strong></span> <span class='ocrx_word' id='word_1_210' title='bbox 1441 3433 1476 3470; x_wconf 85' lang='lat' dir='ltr'><strong>a</strong></span> <span class='ocrx_word' id='word_1_211' title='bbox 1522 3418 1760 3472; x_wconf 81' lang='lat' dir='ltr'><strong>veritate</strong></span> <span class='ocrx_word' id='word_1_212' title='bbox 1808 3419 2107 3475; x_wconf 85' lang='lat' dir='ltr'><strong>abhorrere</strong></span> <span class='ocrx_word' id='word_1_213' title='bbox 2156 3436 2303 3474; x_wconf 85' lang='lat' dir='ltr'><strong>nunc</strong></span> <span class='ocrx_word' id='word_1_214' title='bbox 2347 3437 2472 3489; x_wconf 89' lang='lat' dir='ltr'><strong>per·</strong></span> 
     </span>
     <span class='ocr_line' id='line_1_31' title="bbox 184 3497 2473 3570; baseline 0 -18"><span class='ocrx_word' id='word_1_215' title='bbox 184 3517 410 3554; x_wconf 82' lang='lat' dir='ltr'><strong>suasum</strong></span> <span class='ocrx_word' id='word_1_216' title='bbox 445 3500 652 3568; x_wconf 85' lang='lat' dir='ltr'><strong>habeo,</strong></span> <span class='ocrx_word' id='word_1_217' title='bbox 689 3497 942 3567; x_wconf 81' lang='lat' dir='ltr'><strong>quamvis</strong></span> <span class='ocrx_word' id='word_1_218' title='bbox 969 3516 1083 3554; x_wconf 86' lang='lat' dir='ltr'><strong>non</strong></span> <span class='ocrx_word' id='word_1_219' title='bbox 1111 3498 1386 3552; x_wconf 88' lang='lat' dir='ltr'><strong>adductus</strong></span> <span class='ocrx_word' id='word_1_220' title='bbox 1413 3499 1760 3567; x_wconf 80' lang='lat' dir='ltr'><strong>argumentis</strong></span> <span class='ocrx_word' id='word_1_221' title='bbox 1789 3499 2037 3568; x_wconf 84' lang='lat' dir='ltr'><strong>Maassii,</strong></span> <span class='ocrx_word' id='word_1_222' title='bbox 2073 3499 2261 3570; x_wconf 85' lang='lat' dir='ltr'><strong>Biogr.</strong></span> <span class='ocrx_word' id='word_1_223' title='bbox 2291 3519 2345 3570; x_wconf 88' lang='lat' dir='ltr'><strong>p.</strong></span> <span class='ocrx_word' id='word_1_224' title='bbox 2370 3505 2473 3553; x_wconf 80' lang='lat'><strong>114</strong></span> 
     </span>
     <span class='ocr_line' id='line_1_32' title="bbox 185 3575 2473 3649; baseline 0 -17"><span class='ocrx_word' id='word_1_225' title='bbox 185 3598 316 3648; x_wconf 66' lang='lat' dir='ltr'><strong>seq„</strong></span> <span class='ocrx_word' id='word_1_226' title='bbox 355 3580 452 3648; x_wconf 90' lang='lat' dir='ltr'><strong>qui</strong></span> <span class='ocrx_word' id='word_1_227' title='bbox 489 3579 676 3634; x_wconf 86' lang='lat' dir='ltr'><strong>omnia</strong></span> <span class='ocrx_word' id='word_1_228' title='bbox 713 3578 991 3644; x_wconf 86' lang='lat' dir='ltr'><strong>confudit,</strong></span> <span class='ocrx_word' id='word_1_229' title='bbox 1029 3597 1156 3633; x_wconf 84' lang='lat' dir='ltr'><strong>mea</strong></span> <span class='ocrx_word' id='word_1_230' title='bbox 1192 3579 1364 3633; x_wconf 85' lang='lat' dir='ltr'><strong>verba</strong></span> <span class='ocrx_word' id='word_1_231' title='bbox 1402 3575 1629 3633; x_wconf 88' lang='lat' dir='ltr'><strong>omnino</strong></span> <span class='ocrx_word' id='word_1_232' title='bbox 1666 3595 1777 3632; x_wconf 90' lang='lat' dir='ltr'><strong>non</strong></span> <span class='ocrx_word' id='word_1_233' title='bbox 1805 3578 2137 3648; x_wconf 84' lang='lat' dir='ltr'><strong>intellegens</strong></span> <span class='ocrx_word' id='word_1_234' title='bbox 2164 3595 2343 3649; x_wconf 86' lang='lat' dir='ltr'><strong>neque</strong></span> <span class='ocrx_word' id='word_1_235' title='bbox 2382 3597 2473 3633; x_wconf 87' lang='lat' dir='ltr'><strong>ex-</strong></span> 
     </span>
     <span class='ocr_line' id='line_1_33' title="bbox 187 3655 2472 3729; baseline 0 -16"><span class='ocrx_word' id='word_1_236' title='bbox 187 3655 465 3726; x_wconf 80' lang='lat' dir='ltr'><strong>aminans,</strong></span> <span class='ocrx_word' id='word_1_237' title='bbox 515 3658 616 3713; x_wconf 87' lang='lat' dir='ltr'><strong>sed</strong></span> <span class='ocrx_word' id='word_1_238' title='bbox 657 3657 1056 3728; x_wconf 62' lang='lat' dir='ltr'><strong>usquequaque</strong></span> <span class='ocrx_word' id='word_1_239' title='bbox 1094 3656 1517 3729; x_wconf 81' lang='lat' dir='ltr'><strong>Wilamowitzii</strong></span> <span class='ocrx_word' id='word_1_240' title='bbox 1551 3659 1738 3713; x_wconf 87' lang='lat' dir='ltr'><strong>thesin</strong></span> <span class='ocrx_word' id='word_1_241' title='bbox 1776 3658 2257 3728; x_wconf 78' lang='lat' dir='ltr'><strong>absurdissimam,</strong></span> <span class='ocrx_word' id='word_1_242' title='bbox 2306 3676 2472 3727; x_wconf 84' lang='lat' dir='ltr'><strong>quam</strong></span> 
     </span>
     <span class='ocr_line' id='line_1_34' title="bbox 185 3733 2268 3808; baseline 0 -15"><span class='ocrx_word' id='word_1_243' title='bbox 185 3739 488 3807; x_wconf 84' lang='lat' dir='ltr'><strong>praeterito</strong></span> <span class='ocrx_word' id='word_1_244' title='bbox 526 3755 674 3793; x_wconf 86' lang='lat' dir='ltr'><strong>anno</strong></span> <span class='ocrx_word' id='word_1_245' title='bbox 710 3739 991 3808; x_wconf 82' lang='lat' dir='ltr'><strong>vulgavit,</strong></span> <span class='ocrx_word' id='word_1_246' title='bbox 1029 3736 1301 3808; x_wconf 87' lang='lat' dir='ltr'><strong>&#39;plenius</strong></span> <span class='ocrx_word' id='word_1_247' title='bbox 1338 3733 1587 3790; x_wconf 84' lang='lat' dir='ltr'><strong>Suidae</strong></span> <span class='ocrx_word' id='word_1_248' title='bbox 1626 3739 1999 3807; x_wconf 84' lang='lat' dir='ltr'><strong>exemplar,</strong></span> <span class='ocrx_word' id='word_1_249' title='bbox 2035 3738 2268 3794; x_wconf 87' lang='lat' dir='ltr'><strong>iactans.</strong></span> 
     </span>
    </p>

    <p class='ocr_par' dir='ltr' id='par_1_5' title="bbox 189 3816 2473 3968">
     <span class='ocr_line' id='line_1_35' title="bbox 332 3816 2473 3888; baseline 0 -16"><span class='ocrx_word' id='word_1_250' title='bbox 332 3822 381 3888; x_wconf 94' lang='lat'><strong>1)</strong></span> <span class='ocrx_word' id='word_1_251' title='bbox 441 3817 712 3872; x_wconf 87' lang='lat' dir='ltr'><strong>Demetrii</strong></span> <span class='ocrx_word' id='word_1_252' title='bbox 760 3817 1100 3887; x_wconf 80' lang='lat' dir='ltr'><strong>fragmenta,</strong></span> <span class='ocrx_word' id='word_1_253' title='bbox 1151 3816 1403 3886; x_wconf 79' lang='lat' dir='ltr'><strong>quamvis</strong></span> <span class='ocrx_word' id='word_1_254' title='bbox 1453 3816 1623 3872; x_wconf 88' lang='lat' dir='ltr'><strong>hodie</strong></span> <span class='ocrx_word' id='word_1_255' title='bbox 1675 3818 1839 3887; x_wconf 82' lang='lat' dir='ltr'><strong>plura</strong></span> <span class='ocrx_word' id='word_1_256' title='bbox 1886 3818 2150 3873; x_wconf 87' lang='lat' dir='ltr'><strong>accedere</strong></span> <span class='ocrx_word' id='word_1_257' title='bbox 2200 3835 2341 3887; x_wconf 85' lang='lat' dir='ltr'><strong>opus</strong></span> <span class='ocrx_word' id='word_1_258' title='bbox 2386 3818 2473 3886; x_wconf 84' lang='lat' dir='ltr'><strong>sit,</strong></span> 
     </span>
     <span class='ocr_line' id='line_1_36' title="bbox 189 3895 1871 3968; baseline 0.001 -18"><span class='ocrx_word' id='word_1_259' title='bbox 189 3896 616 3968; x_wconf 85' lang='lat' dir='ltr'><strong>diligentissime</strong></span> <span class='ocrx_word' id='word_1_260' title='bbox 652 3895 884 3968; x_wconf 86' lang='lat' dir='ltr'><strong>collegit</strong></span> <span class='ocrx_word' id='word_1_261' title='bbox 920 3897 1304 3964; x_wconf 86' lang='lat' dir='ltr'><strong>Scheuerleer,</strong></span> <span class='ocrx_word' id='word_1_262' title='bbox 1343 3897 1522 3967; x_wconf 83' lang='lat' dir='ltr'><strong>Lugd.</strong></span> <span class='ocrx_word' id='word_1_263' title='bbox 1562 3897 1683 3952; x_wconf 87' lang='lat' dir='ltr'><strong>Bat.</strong></span> <span class='ocrx_word' id='word_1_264' title='bbox 1717 3903 1871 3953; x_wconf 85' lang='lat'><strong>1858.</strong></span> 
     </span>
    </p>

    <p class='ocr_par' dir='ltr' id='par_1_6' title="bbox 329 3976 1976 4048">
     <span class='ocr_line' id='line_1_37' title="bbox 329 3976 1976 4048; baseline 0.002 -17"><span class='ocrx_word' id='word_1_265' title='bbox 329 3983 383 4043; x_wconf 81' lang='lat'><strong>2)</strong></span> <span class='ocrx_word' id='word_1_266' title='bbox 422 3978 581 4032; x_wconf 84' lang='lat' dir='ltr'><strong>Hanc</strong></span> <span class='ocrx_word' id='word_1_267' title='bbox 617 3977 790 4032; x_wconf 85' lang='lat' dir='ltr'><strong>vitam</strong></span> <span class='ocrx_word' id='word_1_268' title='bbox 826 3977 1093 4046; x_wconf 81' lang='lat' dir='ltr'><strong>Hesychii</strong></span> <span class='ocrx_word' id='word_1_269' title='bbox 1128 3992 1246 4031; x_wconf 83' lang='lat' dir='ltr'><strong>esse</strong></span> <span class='ocrx_word' id='word_1_270' title='bbox 1282 3976 1340 4030; x_wconf 90' lang='lat' dir='ltr'><strong>in</strong></span> <span class='ocrx_word' id='word_1_271' title='bbox 1369 3977 1719 4046; x_wconf 77' lang='lat' dir='ltr'><strong>praefatione</strong></span> <span class='ocrx_word' id='word_1_272' title='bbox 1756 3977 1976 4048; x_wconf 79' lang='lat' dir='ltr'><strong>negavi.</strong></span> 
     </span>
    </p>

    <p class='ocr_par' dir='ltr' id='par_1_7' title="bbox 191 4051 2475 4287">
     <span class='ocr_line' id='line_1_38' title="bbox 329 4051 2475 4127; baseline 0 -17"><span class='ocrx_word' id='word_1_273' title='bbox 329 4059 384 4127; x_wconf 86' lang='lat'><strong>3)</strong></span> <span class='ocrx_word' id='word_1_274' title='bbox 430 4058 507 4112; x_wconf 85' lang='lat' dir='ltr'><strong>At</strong></span> <span class='ocrx_word' id='word_1_275' title='bbox 541 4058 600 4112; x_wconf 86' lang='lat' dir='ltr'><strong>in</strong></span> <span class='ocrx_word' id='word_1_276' title='bbox 645 4057 752 4112; x_wconf 87' lang='lat' dir='ltr'><strong>hac</strong></span> <span class='ocrx_word' id='word_1_277' title='bbox 788 4057 932 4123; x_wconf 83' lang='lat' dir='ltr'><strong>vita,</strong></span> <span class='ocrx_word' id='word_1_278' title='bbox 981 4056 1450 4126; x_wconf 86' lang='lat' dir='ltr'><strong>quemadmodum</strong></span> <span class='ocrx_word' id='word_1_279' title='bbox 1487 4058 1548 4111; x_wconf 90' lang='lat' dir='ltr'><strong>in</strong></span> <span class='ocrx_word' id='word_1_280' title='bbox 1584 4055 1710 4111; x_wconf 86' lang='lat' dir='ltr'><strong>aliis</strong></span> <span class='ocrx_word' id='word_1_281' title='bbox 1749 4059 2125 4127; x_wconf 85' lang='lat' dir='ltr'><strong>(potissimum</strong></span> <span class='ocrx_word' id='word_1_282' title='bbox 2163 4077 2214 4114; x_wconf 87' lang='lat' dir='ltr'><strong>v.</strong></span> <span class='ocrx_word' id='word_1_283' title='bbox 2250 4051 2475 4127; x_wconf 62' lang='grc' dir='ltr'><em>Ἀριστοὲ</em></span> 
     </span>
     <span class='ocr_line' id='line_1_39' title="bbox 191 4133 2475 4206; baseline 0 -17"><span class='ocrx_word' id='word_1_284' title='bbox 191 4135 346 4206; x_wconf 78' lang='grc' dir='ltr'><em>τέλης</em></span> <span class='ocrx_word' id='word_1_285' title='bbox 393 4136 453 4190; x_wconf 90' lang='lat' dir='ltr'><strong>et</strong></span> <span class='ocrx_word' id='word_1_286' title='bbox 487 4133 840 4206; x_wconf 76' lang='grc' dir='ltr'><em>Σωκράτης),</em></span> <span class='ocrx_word' id='word_1_287' title='bbox 885 4153 1029 4206; x_wconf 84' lang='lat' dir='ltr'><strong>quae</strong></span> <span class='ocrx_word' id='word_1_288' title='bbox 1076 4137 1226 4206; x_wconf 87' lang='lat' dir='ltr'><strong>apud</strong></span> <span class='ocrx_word' id='word_1_289' title='bbox 1273 4136 1559 4190; x_wconf 87' lang='lat' dir='ltr'><strong>Laertium</strong></span> <span class='ocrx_word' id='word_1_290' title='bbox 1604 4137 2019 4205; x_wconf 85' lang='lat' dir='ltr'><strong>desiderantur,</strong></span> <span class='ocrx_word' id='word_1_291' title='bbox 2066 4154 2136 4191; x_wconf 81' lang='lat' dir='ltr'><strong>ex</strong></span> <span class='ocrx_word' id='word_1_292' title='bbox 2181 4137 2475 4206; x_wconf 79' lang='lat' dir='ltr'><strong>Porphyrii</strong></span> 
     </span>
     <span class='ocr_line' id='line_1_40' title="bbox 192 4214 1763 4287; baseline 0.002 -20"><span class='ocrx_word' id='word_1_293' title='bbox 192 4215 422 4272; x_wconf 83' lang='lat' dir='ltr'><strong>historia</strong></span> <span class='ocrx_word' id='word_1_294' title='bbox 457 4217 850 4287; x_wconf 84' lang='lat' dir='ltr'><strong>philosophica</strong></span> <span class='ocrx_word' id='word_1_295' title='bbox 884 4235 953 4272; x_wconf 88' lang='lat' dir='ltr'><strong>ea</strong></span> <span class='ocrx_word' id='word_1_296' title='bbox 988 4233 1248 4271; x_wconf 81' lang='lat' dir='ltr'><strong>manasse</strong></span> <span class='ocrx_word' id='word_1_297' title='bbox 1285 4215 1404 4270; x_wconf 82' lang='lat' dir='ltr'><strong>veri</strong></span> <span class='ocrx_word' id='word_1_298' title='bbox 1441 4214 1623 4270; x_wconf 87' lang='lat' dir='ltr'><strong>simile</strong></span> <span class='ocrx_word' id='word_1_299' title='bbox 1660 4219 1763 4271; x_wconf 86' lang='lat' dir='ltr'><strong>est.</strong></span> 
     </span>
    </p>
   </div>
   <div class='ocr_carea' id='block_1_5' title="bbox 197 4295 2472 4446">
    <p class='ocr_par' dir='ltr' id='par_1_8' title="bbox 197 4295 2472 4446">
     <span class='ocr_line' id='line_1_41' title="bbox 329 4295 2472 4368; baseline 0.003 -20"><span class='ocrx_word' id='word_1_300' title='bbox 329 4300 384 4364; x_wconf 70' lang='lat'><strong>4)</strong></span> <span class='ocrx_word' id='word_1_301' title='bbox 431 4296 516 4350; x_wconf 92' lang='lat' dir='ltr'><strong>De</strong></span> <span class='ocrx_word' id='word_1_302' title='bbox 552 4295 842 4366; x_wconf 80' lang='lat' dir='ltr'><strong>Aristippo</strong></span> <span class='ocrx_word' id='word_1_303' title='bbox 880 4297 949 4351; x_wconf 88' lang='lat' dir='ltr'><strong>cf.</strong></span> <span class='ocrx_word' id='word_1_304' title='bbox 989 4296 1196 4363; x_wconf 86' lang='lat' dir='ltr'><strong>Zeller,</strong></span> <span class='ocrx_word' id='word_1_305' title='bbox 1235 4296 1433 4351; x_wconf 86' lang='lat' dir='ltr'><strong>Gesch.</strong></span> <span class='ocrx_word' id='word_1_306' title='bbox 1471 4313 1552 4365; x_wconf 87' lang='lat' dir='ltr'><strong>gr.</strong></span> <span class='ocrx_word' id='word_1_307' title='bbox 1590 4295 1689 4350; x_wconf 88' lang='lat' dir='ltr'><strong>Ph.</strong></span> <span class='ocrx_word' id='word_1_308' title='bbox 1728 4295 1835 4367; x_wconf 89' lang='grc' dir='ltr'><em>ΙΙΙ,</em></span> <span class='ocrx_word' id='word_1_309' title='bbox 1876 4304 1903 4352; x_wconf 89' lang='grc'><strong>1</strong></span> <span class='ocrx_word' id='word_1_310' title='bbox 1944 4317 1998 4368; x_wconf 91' lang='lat' dir='ltr'><strong>p.</strong></span> <span class='ocrx_word' id='word_1_311' title='bbox 2028 4304 2135 4354; x_wconf 83' lang='lat'><strong>498</strong></span> <span class='ocrx_word' id='word_1_312' title='bbox 2172 4298 2286 4354; x_wconf 89' lang='lat' dir='ltr'><strong>not.</strong></span> <span class='ocrx_word' id='word_1_313' title='bbox 2326 4301 2386 4354; x_wconf 89' lang='lat' dir='ltr'><strong>et</strong></span> <span class='ocrx_word' id='word_1_314' title='bbox 2422 4319 2472 4356; x_wconf 89' lang='lat' dir='ltr'><strong>v.</strong></span> 
     </span>
     <span class='ocr_line' id='line_1_42' title="bbox 197 4373 1288 4446; baseline 0.003 -18"><span class='ocrx_word' id='word_1_315' title='bbox 197 4373 591 4444; x_wconf 82' lang='lat' dir='ltr'><strong>Wilamowitz,</strong></span> <span class='ocrx_word' id='word_1_316' title='bbox 631 4375 820 4444; x_wconf 80' lang='lat' dir='ltr'><strong>Antig.</strong></span> <span class='ocrx_word' id='word_1_317' title='bbox 860 4396 909 4432; x_wconf 85' lang='lat' dir='ltr'><strong>v.</strong></span> <span class='ocrx_word' id='word_1_318' title='bbox 949 4375 1078 4432; x_wconf 85' lang='lat' dir='ltr'><strong>Kar.</strong></span> <span class='ocrx_word' id='word_1_319' title='bbox 1119 4394 1172 4446; x_wconf 92' lang='lat' dir='ltr'><strong>p.</strong></span> <span class='ocrx_word' id='word_1_320' title='bbox 1204 4382 1288 4431; x_wconf 86' lang='lat'><strong>48.</strong></span> 
     </span>
    </p>
   </div>
   <div class='ocr_carea' id='block_1_6' title="bbox 1973 4468 2050 4521">
    <p class='ocr_par' dir='ltr' id='par_1_9' title="bbox 1973 4468 2050 4521">
     <span class='ocr_line' id='line_1_43' title="bbox 1973 4468 2050 4521; baseline 0 -21"><span class='ocrx_word' id='word_1_321' title='bbox 1973 4468 2050 4521; x_wconf 63' lang='lat' dir='ltr'><strong>d*</strong></span> 
     </span>
    </p>
   </div>
  </div>
 </body>
</html>
