3025 4892
1144 198 1569 255 HESYCHIUS.
1906 282 1913 289 ἱ
2371 204 2493 269 137

185 356 623 444 φιλοσόφου,
673 356 774 425 ἐπ’
825 355 1030 447 αὐτῆς
1063 356 1320 448 Ῥώμης
1363 366 1667 447 θαμίζων
1714 359 1891 454 αὐτῷ
1937 365 2047 432 καὶ
2096 367 2353 450 φοιτῶν
2392 368 2499 433 ἐπὶ

183 462 447 550 θύρας.
537 460 648 549 [ὃν
693 466 802 533 καὶ
851 465 1141 547 Λούκιός
1185 495 1284 548 τις
1331 468 1584 558 ῥήτωρ,
1644 469 1983 558 γνώριμος
2018 468 2331 559 Ἡρώδου
2375 476 2497 539 τοῦ

179 568 572 659 Ἀθηναίου
619 571 925 661 ῥήτορος,
970 572 1168 661 ἤρετο
1215 575 1540 664 προϊόντα
1586 590 1706 645 ποῖ
1742 581 2003 663 βαδίζοι
2039 579 2151 647 καὶ
2188 577 2293 665 ἐφ’
2338 576 2379 646 ὅ
2416 606 2496 646 τι.

179 679 304 745 καὶ
374 676 414 747 ὃ
461 682 744 769 Μάρκος
799 682 1068 750 εκαλόν’
1126 688 1254 770 ἔφη
1312 685 1452 752 ‘nal
1508 682 1913 772 γηράσκοντι
1959 684 2032 754 τὸ
2098 684 2498 773 μανθάνειν.

183 785 333 875 εἶμι
403 787 484 877 δὴ
539 788 705 877 πρὸς
750 790 1006 869 Σέξτον
1056 787 1178 857 τὸν
1225 790 1641 879 φιλόσοφον,
1696 793 2171 881 μαθησόμενος
2216 788 2258 860 ἃ
2308 791 2493 861 οὔπω
2525 812 2550 851 5

183 894 417 964 οἶδα’.
503 896 614 963 καὶ
673 892 708 963 ὁ
764 893 1054 973 Λούκιος
1100 895 1334 983 ἐξάρας
1378 896 1502 985 τὴν
1548 914 1733 987 χεῖρα
1780 902 1846 979 ἐς
1891 899 2012 969 τὸν
2061 898 2359 988 οὐρανόν
2407 890 2491 967 ‘ai

179 1002 386 1091 ἤλας’
434 1010 560 1091 ἔφη
618 1002 687 1072 τὁ
729 1002 1074 1092 Ῥωμαίων
1132 1004 1442 1089 βασιλεὺς
1486 1006 1845 1093 γηράσκων
1891 1006 2021 1094 ἤδη
2071 1009 2308 1075 δέλτον
2355 1008 2492 1087 ἑξα-

181 1108 502 1195 ψάμενος
554 1113 622 1189 ἐς
667 1110 1081 1179 διδασκάλου
1127 1116 1344 1202 φοιτᾷ.
1437 1109 1473 1181 ὁ
1522 1112 1597 1180 δὲ
1645 1111 1801 1200 ἐμὸς
1847 1114 2160 1199 βασιλεὺς
2198 1112 2494 1195 Ἁλέξαν-

184 1219 368 1300 δρος
427 1215 496 1303 β’
538 1219 660 1286 καὶ
719 1217 784 1285 λ’
843 1220 1008 1288 ἐτῶν
1067 1214 1488 1302 άπέθανεν’.]
1584 1212 1780 1299 οὗτος
1836 1225 2083 1307 ἔγραψε
2136 1224 2257 1288 τοῦ
2312 1224 2493 1288 ἰδίου

182 1328 362 1408 βίου
409 1321 681 1410 ἀγωγὴν
729 1326 801 1392 ἐν
848 1330 1135 1410 βιβλίοις
1181 1325 1295 1410 ιβ’.
2525 1347 2577 1385 1⁰

383 1432 555 1499 DXI.
622 1430 1006 1518 Μαρσύας
1041 1430 1476 1519 Περιάνδρου
1502 1439 1834 1513 Πελλαῖος
1876 1434 2227 1524 ἱστορικός.
2258 1434 2271 1524 Ι
2302 1425 2499 1513 οὗτος

183 1536 264 1604 δὲ
335 1528 428 1624 ἦν
494 1537 824 1628 πρότερον
888 1538 1642 1626 γραμματοδιδάσκαλος
1687 1540 1735 1630 Ι,
1781 1541 1892 1608 καὶ
1946 1539 2240 1627 ἀδελφὸς
2288 1538 2495 1609 Ἀντι-

178 1642 416 1741 γόνου
459 1648 581 1713 τοῦ
627 1642 787 1732 μετὰ
832 1649 1040 1713 ταῦτα
1087 1644 1623 1732 βασιλεύσαντος,
1670 1646 2051 1735 σύντροφος
2088 1648 2163 1715 δὲ
2194 1645 2493 1728 Ἀλεξάν-

183 1754 373 1839 δρου
418 1756 540 1820 τοῦ
587 1754 925 1839 βασιλέως.
1019 1757 1264 1841 ἔγραψε
1311 1752 1747 1821 Μακεδονικὰ
1798 1754 1871 1822 ἐν
1916 1758 2203 1839 βιβλίοις
2249 1753 2300 1822 ι’
2350 1753 2493 1842 (ἥρ·

183 1860 352 1939 ξατο
396 1858 469 1928 δὲ
506 1858 636 1928 άπὸ
677 1864 798 1929 τοῦ
836 1859 1104 1948 πρώτου
1140 1859 1661 1946 βασιλεύσαντος
1691 1859 2114 1929 Μακεδόνων
2155 1859 2490 1948 (κατιὼν)
2524 1878 2572 1919 15

181 1968 394 2054 μέχρι
438 1972 557 2054 τῆς
597 1964 1038 2053 Ἀλεξάνδρου
1081 1971 1204 2035 τοῦ
1248 1972 1590 2035 Φιλίππου
1628 1968 1732 2036 ἐπὶ
1770 1966 1895 2054 τὴν
1934 1974 2199 2053 Συρίαν
2238 1968 2495 2055 ἐφόδου

183 2077 402 2161 <τῆς>
432 2072 592 2163 μετὰ
619 2073 744 2162 τὴν
769 2073 1266 2161 Ἀλεξανδρείας
1291 2072 1559 2163 κτίσιν),
1590 2072 1603 2165 Ι
1628 2071 1880 2141 Ἀττικὰ
1912 2077 1984 2143 ἐν
2014 2080 2302 2163 βιβλίοις
2330 2075 2423 2161 ιβ’
2456 2073 2493 2166 Ι,

183 2184 302 2251 καὶ
355 2180 570 2251 αὐτοῦ
611 2178 1055 2269 Ἀλεξάνδρου
1099 2176 1391 2267 ἀγωγήν.
2057 2170 2062 2177 ’

379 2292 587 2358 DXII.
661 2286 1056 2376 Μαρσύας
1090 2287 1539 2377 Κριτοφήμου
1592 2287 1988 2373 Φιλιππεύς,
2039 2285 2399 2374 ἱστορικός,
2454 2284 2490 2353 ὁ

184 2398 540 2485 νεώτερος.
2053 2463 2060 2470 .
2516 2412 2569 2451 2⁰

376 2507 615 2574 DXIII.
656 2500 1082 2589 [Μαρσύας
1102 2501 1397 2589 Μάρσου
1428 2498 1753 2587 Ταβηνός,
1785 2487 2157 2587 ἱστορικός]
2198 2506 2488 2588 ἔγραψεν

186 2677 411 2731 delevit
445 2677 780 2747 Bernhardy
814 2674 1071 2730 Σέκστου
1106 2676 1153 2723 V
1296 2679 1327 2727 2
1367 2666 1435 2725 ὃν
1474 2703 1539 2712 -
1577 2666 1877 2727 ἀπέθανεν
1921 2670 2215 2726 inseruisse
2254 2670 2487 2725 Suidam

184 2775 252 2811 ex
293 2758 577 2828 Pffilosssr„
601 2756 716 2811 Vir.
754 2756 838 2825 Π,
877 2762 935 2826 1,
973 2760 1004 2809 9
1052 2753 1166 2807 dixi
1210 2752 1351 2807 Mus.
1390 2752 1565 2806 Rhea.
1604 2750 1811 2805 xxxv
1858 2770 1913 2817 p.
1956 2757 2057 2805 193
2249 2748 2488 2812 Λούκιος

183 2854 252 2891 ex
295 2839 439 2894 Par.
477 2839 780 2905 KusteruS,
815 2837 965 2892 idem
1002 2835 1236 2905 praebet
1267 2834 1527 2888 Philostr.
1567 2827 1777 2894 Λύκιος
1814 2833 1980 2886 antea
2014 2832 2310 2901 legebatur

185 2924 218 2971 3
257 2914 575 2988 προσιόντα
612 2923 659 2970 A
811 2922 840 2970 7
880 2911 1182 2986 ὁρωμένων
1220 2930 1322 2984 pro
1361 2908 1390 2967 ὃ
1421 2907 1710 2982 Ῥωμαίων
1747 2917 1794 2964 A
1957 2911 2149 2966 δέλτον
2190 2929 2256 2966 ex
2290 2917 2392 2964 Av
2430 2915 2487 2966 et

183 2998 455 3053 Philostr.
495 2996 782 3052 revocavit
816 2996 1116 3060 Kusteru-S,
1163 2992 1360 3047 δέλτου
1397 2993 1497 3047 rel.
1539 2988 1912 3060 ἐφαψάμενος
1948 2991 2080 3046 libri
2117 2992 2276 3046 Suid.
2319 2987 2484 3059 ἐξαψ.

187 3094 254 3131 ex
297 3079 566 3133 Philostr.
604 3078 880 3131 Kusterus
1027 3081 1092 3128 10
1130 3069 1360 3143 ἀγωγὴν
1396 3077 1497 3125 Av
1536 3068 1823 3141 διαγωγὴν
1859 3072 2002 3141 vuly.

337 3157 742 3211 DXI—DXIII
780 3156 931 3211 Eud.
970 3174 1023 3224 p.
1054 3160 1174 3208 492.
1233 3152 1313 3207 Cf.
1353 3152 1599 3221 Ritschl,
1639 3152 1739 3222 Op.
1779 3152 1805 3203 I
1849 3170 1903 3222 p.
1942 3157 2046 3206 450
2076 3168 2217 3219 seq.;
2264 3151 2483 3219 Mfiller,

189 3238 398 3308 Seript.
430 3238 516 3293 Al.
546 3256 600 3308 p.
629 3244 699 3291 40
840 3242 903 3291 11
945 3226 1106 3296 οὗτος
1145 3266 1206 3273 -
1250 3252 1452 3303 γραμμ.
1492 3233 1565 3286 ad
1601 3232 1872 3287 minorem
1909 3233 2191 3300 Marsyam
2232 3235 2484 3299 spectare

185 3317 339 3373 vidit
357 3319 679 3374 Gutschmid
757 3323 846 3370 ‘13
869 3310 964 3370 ⁹211..
995 3314 1094 3368 τοῦ
1122 3316 1348 3370 Μακεδ.
1380 3316 1501 3387 βασ.
1520 3313 1671 3367 Eud.
1775 3316 1842 3366 15
1863 3311 1968 3374 ,καὶ
1996 3309 2157 3380 μέχρι
2184 3310 2316 3365 libri
2350 3330 2483 3380 προ-

186 3397 334 3465 ῆλθε
365 3399 458 3454 vel
487 3399 604 3452 tale
633 3396 771 3465 quid
805 3398 935 3451 ante
964 3392 1125 3465 μέχρι
1156 3394 1422 3448 excidisse
1455 3393 1635 3447 visum
1666 3393 1753 3445 est
1780 3392 1998 3459 Geiero‚
2037 3390 2236 3445 melius
2274 3387 2485 3445 κατιών

189 3496 290 3546 pro
331 3478 430 3533 καὶ
457 3496 593 3534 corr.
616 3477 938 3533 Gutsehmid
1041 3481 1103 3528 17
1135 3474 1231 3542 τῆς
1259 3474 1494 3528 inseruit
1522 3473 1754 3538 Ritscm,
1783 3490 1889 3528 om.
1919 3472 2051 3528 libri
2083 3466 2291 3525 Ἀττικά
2313 3502 2377 3509 -
2401 3468 2481 3544 ιβ’

188 3576 302 3612 non
325 3558 529 3613 maiori
546 3558 800 3627 Marsyae
831 3556 928 3611 sed
947 3555 1150 3608 minori
1172 3555 1468 3609 tribuenda
1497 3554 1576 3608 sie
1605 3554 1797 3609 iuncta
1816 3548 2057 3622 Ἀττικὴν
2085 3547 2483 3620 ἀρχαιολογίαν

192 3632 252 3690 ἐν
293 3642 405 3713 βιβ.
435 3635 517 3709 ιβ’
547 3637 760 3692 iudicat
793 3635 1153 3705 Bernhardy,
1200 3633 1404 3690 minori
1439 3635 1761 3707 tribuenda,
1801 3637 1899 3691 sed
1934 3633 2167 3691 Ἄτακτα
2206 3636 2481 3705 corrigen-

189 3719 321 3773 dum
353 3720 524 3789 (quod
563 3737 701 3789 opus
739 3735 851 3771 non
884 3716 1163 3771 diversum
1193 3718 1341 3770 esset
1367 3716 1439 3769 ab
1473 3710 1755 3787 Ἄρχαιολ.)
1788 3718 1928 3776 coni.
1948 3719 2155 3775 Maller
2181 3736 2235 3788 p.
2256 3722 2322 3770 41
2354 3718 2481 3771 eoll.

189 3800 391 3856 Athen.
428 3801 506 3855 XI
541 3818 595 3869 p.
636 3805 738 3854 477
779 3805 837 3857 et
872 3806 975 3856 479
1014 3798 1072 3849 effa
1107 3795 1346 3866 Hesyssh·
1387 3812 1438 3850 V·
1478 3794 1677 3860 σκότος
1714 3802 1832 3871 (ubi
1866 3799 2148 3872 Μαρσύας
2196 3798 2258 3857 ἐν
2295 3804 2361 3873 τῇ
2404 3802 2479 3857 ια’

188 3879 499 3950 laudatur),
539 3884 685 3951 quod
724 3884 986 3952 probavit
1023 3883 1369 3952 G-utsehmid,
1417 3900 1543 3937 eum
1582 3884 1852 3939 librorum
1890 3901 2180 3939 numerum
2220 3900 2347 3938 cum
2388 3880 2482 3955 ἆρ-

191 3966 364 4026 χαιολ.
394 3961 553 4016 libris
591 3980 894 4034 congruere
929 3967 1149 4033 pateam
1190 3958 1364 4018 αὐτοῦ
1406 3964 1506 4017 τοῦ
1547 3981 1674 4033 pars
1714 3965 1873 4019 codd.

197 4120 249 4173 D
335 4042 488 4097 DXII
530 4049 594 4097 19
635 4042 738 4097 εἰσὶ
777 4041 842 4098 δὲ
882 4044 978 4098 καὶ
1015 4040 1171 4098 ἄλλοι
1209 4038 1315 4099 δύο
1355 4042 1647 4114 ἴστορικοί,
1694 4040 1723 4097 ὁ
1762 4043 1869 4115 μὲν
1903 4064 2017 4115 seq.
2054 4046 2206 4101 Eud.
2257 4043 2287 4101 ὁ
2330 4064 2477 4115 susp.

251 4125 416 4178 aubio

330 4201 510 4256 DXIII
539 4208 606 4255 21
627 4200 911 4273 Μαρσύας
931 4234 996 4243 -
1022 4199 1296 4273 ἴστορικός
1324 4206 1521 4274 utpote
1549 4205 1797 4275 glossam
1824 4206 2193 4275 marginalem
2213 4208 2481 4278 expunxit

195 4278 428 4349 Ruso-hl,
476 4298 643 4349 quem
690 4282 867 4337 secuti
909 4286 1039 4337 sunt
1082 4283 1355 4339 Westerm.
1395 4286 1633 4352 Maller,
1679 4286 1873 4355 itaque
1912 4281 2312 4357 ἀρχαιολογίαν
2350 4288 2477 4343 Phi-

195 4358 456 4429 lippensis
497 4378 613 4415 esse
649 4362 1026 4417 manifestum.
1101 4362 1359 4417 Cefierum
1399 4365 1464 4420 ef.
1487 4374 1556 4421 dv.
1594 4360 1843 4435 Ἀγάθων
