3025 4892
1156 174 1584 231 HESYCHIUS.
2390 177 2515 241 165

405 336 715 404 DCXXV.
773 339 1096 415 Παῦλος
1140 334 1381 423 Τύριος
1418 334 1665 425 ῥήτωρ,
1710 333 2003 424 γεγονώς
2035 334 2203 404 κατὰ
2246 343 2520 405 Φίλωνα

209 441 348 509 τὸν
411 441 734 527 Βύβλιον,
809 439 884 523 ὃς
949 443 1054 511 ἐπὶ
1115 442 1472 531 Ἀδριανοῦ
1535 447 1658 511 τοῦ
1720 444 2045 529 βασιλέως
2108 443 2519 530 πρεσβεύσας

209 548 626 636 μητρόπολιν
683 547 808 635 τὴν
861 547 1086 639 Τύρον
1134 552 1464 637 ἐποίησεν.
1558 555 1803 638 ἔγραψε
1849 551 2088 637 τέχνην
2133 549 2517 638 ῥητορικήν,

212 656 824 744 προγυμνάσματα,
873 659 1160 744 μελέτας.

400 771 750 838 DOXXVI.
815 774 1138 849 Παῦλος
1184 770 1580 859 φιλόσοφος.
1654 772 2028 861 εἰσαγωγὴν
2076 770 2518 862 ἀστρολογίας
2545 798 2571 839 5

207 876 330 943 καὶ
381 873 952 963 ἄπὀτελεσματικά.

397 993 779 1062 DCXXVII.
852 997 1175 1073 Παῦλος
1220 992 1569 1081 Γερμηνός
1616 994 1941 1083 σοφιστὴς
1987 993 2024 1065 ὁ
2072 995 2358 1084 γράψας,
2412 994 2514 1065 ὅτι

207 1124 289 1183 γε
343 1104 601 1178 Λυσίου
658 1099 838 1168 ἐστὶν
895 1096 930 1167 ὁ
988 1101 1137 1186 περὶ
1190 1105 1306 1186 τῆς
1347 1098 1765 1188 Ἰφικράτους
1812 1106 2095 1191 δωρεᾶς,
2150 1108 2377 1188 βιβλία
2420 1102 2514 1190 β’,

215 1203 661 1293 ὑπομνήματα
709 1210 803 1286 εἰς
847 1205 1004 1286 τοὺς
1049 1206 1324 1287 λοιποὺς
1370 1207 1615 1294 λόγους
1664 1215 1942 1278 Λυσίου.

393 1324 809 1390 DCXXVIII.
891 1326 1212 1402 Παῦλος
1271 1322 1636 1410 Αἰγύπτιος
1693 1325 1765 1391 ἐκ
1818 1327 1934 1411 τῆς
1988 1323 2267 1411 Λύκων,
2324 1344 2508 1411 σοφι-
2544 1353 2595 1391 ιο

212 1428 410 1514 στής,
463 1426 610 1509 υίὸς
657 1436 1094 1517 Βησαρίωνος
1149 1433 1269 1497 τοῦ
1324 1430 1435 1497 καὶ
1484 1429 1833 1516 Διδύμου,
1889 1429 2181 1517 γεγονώς
2237 1432 2342 1500 ἐπὶ
2392 1436 2514 1501 τοῦ

213 1538 544 1619 βασιλέως
588 1542 1135 1605 Κωνσταντίνου.

395 1654 745 1721 DOXXIX.
817 1657 1284 1730 Παυσανίας
1322 1649 1705 1737 Καισαρεὺς
1748 1650 2091 1739 σοφιστής,
2139 1651 2514 1741 σύγχρονος

197 1755 647 1846 Ἀριστείδου,
714 1750 795 1827 οὗ
853 1760 1176 1847 μέμνηται
1239 1755 1329 1838 ὦς
1384 1756 1655 1845 φαύλου
1720 1759 2001 1847 ῥήτορος
2065 1758 2514 1849 Φιλόστρατος

204 1865 284 1929 ἐν
335 1878 471 1944 τοῖς
515 1870 691 1950 βίοις
735 1870 873 1934 τῶν
921 1870 1280 1952 σοφιστῶν.
1355 1870 1603 1953 ἔγραψε
1649 1867 1800 1951 περὶ
1838 1866 2209 1948 συντάξεως
2244 1874 2511 1954 βιβλίον
2540 1896 2590 1935 15

207 1970 303 2056 α’,
353 1973 841 2061 προβλημάτων
888 1978 1154 2059 βιβλίον
1202 1971 1272 2040 α’
1317 1973 1429 2039 καὶ
1477 1975 1681 2060 ἕτερα.

388 2081 704 2149 DCXXX.
789 2085 1257 2159 Παυσανίας
1303 2079 1549 2147 Λάκων
1610 2079 1955 2163 ἱστορικός.
2047 2081 2196 2168 περὶ
2240 2078 2509 2168 Ἑλλησ-

203 2186 489 2271 πόντου,
548 2186 939 2271 Λακωνικά,
996 2185 1308 2275 χρονικά,
1368 2186 1518 2273 περὶ
1574 2182 2111 2273 Ἀμφικτυόνων,
2166 2189 2316 2275 περὶ
2370 2193 2509 2257 τῶν

209 2294 286 2359 ἐν
336 2293 653 2362 Λάκωσιν
703 2296 971 2382 ἑορτῶν.

200 2496 253 2547 p.
288 2487 419 2548 230,
458 2481 558 2535 sed
596 2498 722 2535 eum
759 2481 966 2537 Paulus
1004 2480 1283 2549 Aegineta
1319 2479 1580 2533 Heraclio
1617 2482 1885 2548 regnante
1922 2479 2147 2549 vixerit,
2195 2497 2341 2535 nune
2380 2497 2505 2535 eam

203 2576 316 2613 non
355 2559 465 2629 ipsi
491 2561 771 2629 Hesychio
809 2561 908 2615 sed.
944 2560 1302 2631 epitomatori
1337 2559 1583 2613 tribuere
1618 2559 1827 2613 malim.
1894 2559 1975 2615 Cf.
2006 2576 2149 2628 quae
2187 2560 2303 2615 dixi
2338 2561 2413 2615 ad.
2449 2581 2505 2618 v.

207 2634 490 2708 Γεώργιος
526 2643 778 2711 Πισίδης.

352 2718 606 2775 DCXXV
643 2722 794 2776 Eud.
832 2741 888 2791 p.
919 2726 1022 2777 588
1171 2727 1198 2774 1
1241 2720 1321 2777 Of.
1365 2719 1546 2773 Φίλων
1587 2716 1616 2773 ὃ
1656 2715 1894 2792 Βύβλιος

345 2800 624 2856 DCXXVI
671 2818 777 2855 om.
823 2801 1099 2857 Westerm.
1136 2802 1289 2856 Eud.
1318 2820 1372 2870 p.
1402 2806 1523 2856 604.
1589 2800 1679 2853 Ad
1704 2802 1852 2855 hunc
1882 2804 2105 2871 spectat
2142 2801 2345 2857 Leonis
2374 2801 2500 2871 phi-

204 2880 434 2951 losophi
470 2897 558 2950 ep.
597 2881 650 2935 II
794 2886 826 2936 5
867 2880 1116 2952 ἔγραψεν
1154 2876 1308 2951 άστρ.
1349 2880 1447 2935 εἰσ.
1486 2881 1639 2936 Eud.

347 2960 654 3015 DCXXVII
690 2962 842 3019 Eud.
881 2981 936 3031 p.
969 2968 1088 3017 589.
1156 2961 1236 3015 Of.
1276 2961 1464 3030 mage,
1500 2962 1619 3015 Att.
1658 2961 1781 3015 Ber.
1813 2962 1839 3015 I
1874 2979 1929 3030 p.
1960 2966 2082 3029 345,
2118 2961 2306 3031 Danh,
2348 2962 2503 3016 stud.

203 3060 256 3110 p.
292 3048 376 3097 72.
443 3041 604 3095 Hunc
641 3040 880 3097 Paulum
923 3059 1038 3096 non
1075 3042 1357 3097 diversum
1405 3058 1525 3096 esse
1572 3041 1643 3095 ab
1691 3056 1785 3106 e0,
1833 3056 1998 3109 quem
2038 3040 2249 3111 Eunap.
2288 3044 2315 3095 I
2351 3062 2405 3112 p.
2439 3048 2501 3097 11

206 3121 344 3176 dicit
382 3122 677 3189 aequalem
711 3122 1028 3192 Porphyrii,
1067 3121 1379 3191 suspicatus
1416 3123 1500 3177 est
1528 3120 1885 3191 Wyttenbach
2014 3128 2042 3177 7
2086 3123 2375 3193 Γερμῆνος
2403 3129 2504 3177 Av

208 3206 487 3271 Γερμῐνος
522 3204 696 3273 ‘020qu
743 3205 909 3258 natus
948 3204 1070 3257 erat
1108 3202 1369 3268 Germae,
1407 3200 1468 3255 in
1505 3203 1640 3256 urbe
1678 3200 1753 3256 ad.
1788 3201 2216 3271 Hellespontum
2255 3204 2389 3273 sita,
2434 3203 2503 3258 de

158 3338 166 3345 ,
211 3298 323 3348 qua
360 3302 414 3337 v.
455 3282 646 3351 Steph.
677 3284 803 3353 Byz.
845 3345 854 3351 .
913 3290 945 3337 9
983 3283 1084 3336 τοῦ
1122 3286 1257 3336 Λυσ.
1288 3281 1440 3335 Eud.

345 3361 674 3417 DCXXVIII
711 3364 862 3418 Eud.
898 3363 936 3417 l.
977 3382 1052 3431 e.,
1101 3377 1244 3431 quae
1281 3360 1486 3429 incipit
1520 3359 1619 3414 καὶ
1657 3360 1843 3431 ἕτερος
1882 3365 1953 3415 Π.
1996 3360 2263 3431 σοφιστής

209 3448 274 3494 10
311 3438 481 3495 Λυκώ
521 3442 825 3497 Fabricius
861 3442 940 3496 1V
976 3461 1029 3512 p.
1063 3448 1159 3509 92,
1197 3442 1298 3495 sed
1335 3440 1401 3495 cf.
1443 3439 1635 3507 Steph.
1674 3440 1801 3510 Byz.
1842 3460 1893 3496 v.
1930 3436 2134 3495 Λύκων
2173 3438 2367 3503 πόλεις

208 3526 267 3573 11
319 3523 711 3590 Βησσαρίωνος
755 3524 908 3577 Eud.
963 3522 1326 3591 Βησαπίωνος
1375 3522 1625 3577 Valesius
1817 3527 1881 3575 12
1928 3524 2141 3575 Κωνστ.
2179 3525 2280 3574 Av
2326 3523 2499 3591 Eud„

211 3596 518 3673 ὑπόμνημα
559 3602 687 3657 add..
726 3603 825 3659 rel.

353 3681 636 3737 DCXXIX
672 3684 823 3739 Eud.
862 3703 914 3755 p.
948 3688 1068 3738 589.
1128 3682 1206 3736 Cf.
1237 3681 1609 3750 Rindfleisch,
1648 3685 1717 3737 de
1753 3684 1915 3737 Paua.
1956 3682 2014 3736 et
2052 3681 2170 3735 Ael.
2201 3681 2363 3735 Dion.
2404 3681 2498 3737 lex

209 3762 444 3831 (Regim.
479 3765 656 3833 1866).
713 3764 876 3819 Hunc
912 3764 1060 3819 enim
1097 3763 1313 3837 lex-icon
1341 3762 1683 3818 rhetoricum
1716 3763 2002 3834 scripsisse
2033 3761 2168 3816 satis
2206 3760 2500 3831 probabile
2528 3821 2537 3829 ,

210 3846 294 3899 est
406 3849 472 3899 14
511 3834 578 3897 οὗ
611 3876 676 3883 --
710 3844 990 3913 σοφιστῶν
1026 3842 1262 3898 fortasse
1290 3844 1488 3899 lectori
1517 3844 1791 3900 debentur
1902 3850 1967 3899 15
1996 3843 2110 3898 vit.
2142 3841 2310 3911 Soph.
2340 3840 2410 3910 ΙΙ,
2435 3847 2498 3895 13

219 3930 278 3977 16
317 3923 414 3988 καὶ
455 3922 620 3994 ἕτερα
659 3942 766 3979 om.
796 3925 946 3979 Eud.

346 4002 596 4057 DCXXX
631 4004 783 4059 Eud.
821 4023 876 4073 p.
906 4008 1026 4059 584.
1087 4003 1166 4059 Cf.
1206 4004 1409 4059 Mfiller
1445 4004 1523 4059 IV
1560 4022 1614 4073 p.
1645 4010 1764 4059 467.
1824 4002 2079 4058 Fortasse
2116 4000 2355 4057 tacticus
2395 4003 2498 4070 est,

213 4100 372 4149 quem
409 4084 608 4139 laudat
634 4084 851 4140 Aelian.
893 4084 1049 4140 Tact.
1084 4091 1110 4138 1
1261 4092 1323 4139 17
1367 4082 1580 4154 ἔγραψε
1620 4084 1749 4151 περὶ
1777 4084 1945 4150 Eud„
1982 4096 2128 4150 quae
2167 4098 2210 4135 S.
2246 4080 2339 4133 fin.
2369 4080 2497 4140 add,

211 4164 303 4217 καὶ
339 4158 480 4218 ἄλλα
664 4172 728 4220 18
774 4161 1008 4235 χρονικά
1047 4165 1459 4235 chronographi
1500 4163 1841 4219 Antiocheni
1889 4178 2006 4217 esse
2053 4162 2367 4230 suspicatus
2416 4165 2502 4216 est

214 4243 554 4310 Gutschmid,
596 4238 1004 4313 Ἀμφικτιώνων
1049 4249 1094 4295 Δ
1239 4245 1478 4297 alterum
1525 4242 1655 4313 περὶ
1702 4260 1808 4297 om.
1848 4248 1893 4295 V
1940 4243 2247 4297 extremum
2292 4242 2499 4299 librum

215 4339 246 4377 a
279 4324 422 4379 libro
459 4321 766 4379 Λακωνικά
804 4342 916 4379 11011
955 4322 1236 4379 diversum
1274 4340 1395 4379 esse
1433 4326 1598 4395 putat
1632 4324 1803 4379 Daub
