<?xml version="1.0" encoding="UTF-8"?>
<!DOCTYPE html PUBLIC "-//W3C//DTD XHTML 1.0 Transitional//EN"
    "http://www.w3.org/TR/xhtml1/DTD/xhtml1-transitional.dtd">
<html xmlns="http://www.w3.org/1999/xhtml" xml:lang="en" lang="en">
 <head>
  <title>
</title>
<meta http-equiv="Content-Type" content="text/html;charset=utf-8" />
  <meta name='ocr-system' content='tesseract 3.04.00' />
  <meta name='ocr-capabilities' content='ocr_page ocr_carea ocr_par ocr_line ocrx_word'/>
</head>
<body>
  <div class='ocr_page' id='page_1' title='image "./hesychiimilesii04flacgoog_0140.png"; bbox 0 0 3025 4892; ppageno 0'>
   <div class='ocr_carea' id='block_1_1' title="bbox 407 174 1851 268">
    <p class='ocr_par' dir='ltr' id='par_1_1' title="bbox 407 174 1851 268">
     <span class='ocr_line' id='line_1_1' title="bbox 407 174 1851 268; baseline -0.006 1"><span class='ocrx_word' id='word_1_1' title='bbox 407 174 432 194; x_wconf 77' lang='lat'><em>⁰</em></span> <span class='ocrx_word' id='word_1_2' title='bbox 500 205 585 268; x_wconf 81' lang='lat'><strong><em>52</em></strong></span> <span class='ocrx_word' id='word_1_3' title='bbox 1424 201 1851 262; x_wconf 76' lang='lat' dir='ltr'><strong>HEsYchS.</strong></span> 
     </span>
    </p>
   </div>
   <div class='ocr_carea' id='block_1_2' title="bbox 414 356 3009 2138">
    <p class='ocr_par' dir='ltr' id='par_1_2' title="bbox 414 356 3009 2138">
     <span class='ocr_line' id='line_1_2' title="bbox 496 356 2808 453; baseline -0 -21"><span class='ocrx_word' id='word_1_4' title='bbox 496 366 615 444; x_wconf 88' lang='grc' dir='ltr'><strong><em>δος</em></strong></span> <span class='ocrx_word' id='word_1_5' title='bbox 660 370 813 451; x_wconf 86' lang='grc' dir='ltr'><strong><em>βίον</em></strong></span> <span class='ocrx_word' id='word_1_6' title='bbox 861 367 934 434; x_wconf 81' lang='grc' dir='ltr'><strong><em>ἐν</em></strong></span> <span class='ocrx_word' id='word_1_7' title='bbox 981 370 1265 452; x_wconf 78' lang='grc' dir='ltr'><strong><em>βιβλίοις</em></strong></span> <span class='ocrx_word' id='word_1_8' title='bbox 1312 368 1394 452; x_wconf 81' lang='grc' dir='ltr'><strong><em>γ’.</em></strong></span> <span class='ocrx_word' id='word_1_9' title='bbox 1470 356 1666 445; x_wconf 83' lang='grc' dir='ltr'><strong><em>οὗτος</em></strong></span> <span class='ocrx_word' id='word_1_10' title='bbox 1712 370 1956 453; x_wconf 83' lang='grc' dir='ltr'><strong><em>ἔγραψε</em></strong></span> <span class='ocrx_word' id='word_1_11' title='bbox 2001 365 2125 452; x_wconf 82' lang='grc' dir='ltr'><strong><em>τὴν</em></strong></span> <span class='ocrx_word' id='word_1_12' title='bbox 2172 369 2516 433; x_wconf 78' lang='grc' dir='ltr'><strong><em>πολιτείαν</em></strong></span> <span class='ocrx_word' id='word_1_13' title='bbox 2559 371 2808 452; x_wconf 88' lang='grc' dir='ltr'><strong><em>Σπαρ-</em></strong></span> 
     </span>
     <span class='ocr_line' id='line_1_3' title="bbox 495 470 2814 560; baseline -0.001 -20"><span class='ocrx_word' id='word_1_14' title='bbox 495 475 761 543; x_wconf 75' lang='grc' dir='ltr'><strong><em>τιατῶν.</em></strong></span> <span class='ocrx_word' id='word_1_15' title='bbox 837 474 972 556; x_wconf 87' lang='grc' dir='ltr'><strong><em>[καὶ</em></strong></span> <span class='ocrx_word' id='word_1_16' title='bbox 1012 471 1221 560; x_wconf 92' lang='grc' dir='ltr'><strong><em>νόμος</em></strong></span> <span class='ocrx_word' id='word_1_17' title='bbox 1259 474 1453 560; x_wconf 81' lang='grc' dir='ltr'><strong><em>ἐτέθη</em></strong></span> <span class='ocrx_word' id='word_1_18' title='bbox 1495 474 1568 540; x_wconf 86' lang='grc' dir='ltr'><strong><em>ἐν</em></strong></span> <span class='ocrx_word' id='word_1_19' title='bbox 1617 477 2073 559; x_wconf 90' lang='grc' dir='ltr'><strong><em>Λακεδαίμονι</em></strong></span> <span class='ocrx_word' id='word_1_20' title='bbox 2109 470 2268 540; x_wconf 85' lang='grc' dir='ltr'><strong><em>καθ’</em></strong></span> <span class='ocrx_word' id='word_1_21' title='bbox 2322 475 2603 540; x_wconf 81' lang='grc' dir='ltr'><strong><em>ἕκαστον</em></strong></span> <span class='ocrx_word' id='word_1_22' title='bbox 2652 475 2814 549; x_wconf 80' lang='grc' dir='ltr'><strong><em>ἔτος</em></strong></span> 
     </span>
     <span class='ocr_line' id='line_1_4' title="bbox 495 523 2999 746; baseline 0 -102"><span class='ocrx_word' id='word_1_23' title='bbox 495 574 1082 664; x_wconf 78' lang='grc' dir='ltr'><strong><em>ἀναγινώσκεσθαι</em></strong></span> <span class='ocrx_word' id='word_1_24' title='bbox 1131 578 1249 648; x_wconf 88' lang='grc' dir='ltr'><strong><em>τὸν</em></strong></span> <span class='ocrx_word' id='word_1_25' title='bbox 1288 580 1496 666; x_wconf 87' lang='grc' dir='ltr'><strong><em>λόγον</em></strong></span> <span class='ocrx_word' id='word_1_26' title='bbox 1545 583 1639 660; x_wconf 84' lang='grc' dir='ltr'><strong><em>είς</em></strong></span> <span class='ocrx_word' id='word_1_27' title='bbox 1682 578 1757 647; x_wconf 88' lang='grc' dir='ltr'><strong><em>τὸ</em></strong></span> <span class='ocrx_word' id='word_1_28' title='bbox 1804 584 1939 648; x_wconf 78' lang='grc' dir='ltr'><strong><em>τῶν</em></strong></span> <span class='ocrx_word' id='word_1_29' title='bbox 1987 578 2255 666; x_wconf 82' lang='grc' dir='ltr'><strong><em>ἐφόρων</em></strong></span> <span class='ocrx_word' id='word_1_30' title='bbox 2300 578 2592 666; x_wconf 78' lang='grc' dir='ltr'><strong><em>ἀρχεῖον,</em></strong></span> <span class='ocrx_word' id='word_1_31' title='bbox 2640 575 2815 656; x_wconf 85' lang='grc' dir='ltr'><strong><em>τοὺς</em></strong></span> <span class='ocrx_word' id='word_1_32' title='bbox 2996 523 2999 746; x_wconf 50' lang='lat'>&gt;</span> 
     </span>
     <span class='ocr_line' id='line_1_5' title="bbox 497 683 2811 774; baseline 0 -23"><span class='ocrx_word' id='word_1_33' title='bbox 497 683 572 752; x_wconf 78' lang='grc' dir='ltr'><strong><em>δὲ</em></strong></span> <span class='ocrx_word' id='word_1_34' title='bbox 609 683 731 772; x_wconf 84' lang='grc' dir='ltr'><strong><em>τὴν</em></strong></span> <span class='ocrx_word' id='word_1_35' title='bbox 769 683 1094 774; x_wconf 81' lang='grc' dir='ltr'><strong><em>ἡβ-ητικὴν</em></strong></span> <span class='ocrx_word' id='word_1_36' title='bbox 1132 692 1402 773; x_wconf 84' lang='grc' dir='ltr'><strong><em>ἔχοντας</em></strong></span> <span class='ocrx_word' id='word_1_37' title='bbox 1437 683 1707 773; x_wconf 82' lang='grc' dir='ltr'><strong><em>ἡλικίαν</em></strong></span> <span class='ocrx_word' id='word_1_38' title='bbox 1744 683 2144 774; x_wconf 77' lang='grc' dir='ltr'><strong><em>ἀκροᾶσθαι.</em></strong></span> <span class='ocrx_word' id='word_1_39' title='bbox 2217 687 2327 753; x_wconf 87' lang='grc' dir='ltr'><strong><em>καὶ</em></strong></span> <span class='ocrx_word' id='word_1_40' title='bbox 2362 689 2558 754; x_wconf 83' lang='grc' dir='ltr'><strong><em>τοῦτο</em></strong></span> <span class='ocrx_word' id='word_1_41' title='bbox 2602 684 2811 774; x_wconf 80' lang='grc' dir='ltr'><strong><em>ἐκρά-</em></strong></span> 
     </span>
     <span class='ocr_line' id='line_1_6' title="bbox 441 793 1233 882; baseline 0.003 -23"><span class='ocrx_word' id='word_1_42' title='bbox 441 813 466 854; x_wconf 77' lang='lat'>6</span> <span class='ocrx_word' id='word_1_43' title='bbox 494 811 652 880; x_wconf 88' lang='grc' dir='ltr'><strong><em>τησε</em></strong></span> <span class='ocrx_word' id='word_1_44' title='bbox 698 793 888 882; x_wconf 83' lang='grc' dir='ltr'><strong><em>μέχρι</em></strong></span> <span class='ocrx_word' id='word_1_45' title='bbox 935 797 1233 877; x_wconf 69' lang='grc' dir='ltr'><strong><em>πολλοῦ]</em></strong></span> 
     </span>
     <span class='ocr_line' id='line_1_7' title="bbox 569 896 2811 991; baseline 0 -25"><span class='ocrx_word' id='word_1_46' title='bbox 569 927 576 936; x_wconf 95' lang='grc'><strong><em>·</em></strong></span> <span class='ocrx_word' id='word_1_47' title='bbox 675 898 798 968; x_wconf 85' lang='lat' dir='ltr'><strong>CC.</strong></span> <span class='ocrx_word' id='word_1_48' title='bbox 874 899 1412 987; x_wconf 81' lang='grc' dir='ltr'><strong><em>Δικαιογένης</em></strong></span> <span class='ocrx_word' id='word_1_49' title='bbox 1469 897 1715 986; x_wconf 83' lang='grc' dir='ltr'><strong><em>[ὄνομα</em></strong></span> <span class='ocrx_word' id='word_1_50' title='bbox 1769 898 2040 986; x_wconf 87' lang='grc' dir='ltr'><strong><em>κύριον,</em></strong></span> <span class='ocrx_word' id='word_1_51' title='bbox 2099 896 2198 984; x_wconf 82' lang='grc' dir='ltr'><strong><em>ὃς]</em></strong></span> <span class='ocrx_word' id='word_1_52' title='bbox 2259 902 2636 991; x_wconf 87' lang='grc' dir='ltr'><strong><em>τραγωδίας</em></strong></span> <span class='ocrx_word' id='word_1_53' title='bbox 2686 899 2811 966; x_wconf 88' lang='grc' dir='ltr'><strong><em>καὶ</em></strong></span> 
     </span>
     <span class='ocr_line' id='line_1_8' title="bbox 494 1004 1321 1092; baseline 0.004 -21"><span class='ocrx_word' id='word_1_54' title='bbox 494 1004 965 1092; x_wconf 88' lang='grc' dir='ltr'><strong><em>διθυράμβους</em></strong></span> <span class='ocrx_word' id='word_1_55' title='bbox 1012 1011 1321 1092; x_wconf 84' lang='grc' dir='ltr'><strong><em>ἔγραψεν.</em></strong></span> 
     </span>
     <span class='ocr_line' id='line_1_9' title="bbox 671 1067 3003 1254; baseline 0 -75"><span class='ocrx_word' id='word_1_56' title='bbox 671 1113 826 1180; x_wconf 81' lang='lat' dir='ltr'><strong>CCI.</strong></span> <span class='ocrx_word' id='word_1_57' title='bbox 889 1117 1183 1192; x_wconf 85' lang='grc' dir='ltr'><strong><em>Δίκτυς</em></strong></span> <span class='ocrx_word' id='word_1_58' title='bbox 1225 1111 1575 1199; x_wconf 74' lang='grc' dir='ltr'><strong><em>ἱστορικός.</em></strong></span> <span class='ocrx_word' id='word_1_59' title='bbox 1623 1117 1921 1200; x_wconf 83' lang='grc' dir='ltr'><strong><em>ἔγραψεν</em></strong></span> <span class='ocrx_word' id='word_1_60' title='bbox 1959 1113 2327 1201; x_wconf 82' lang='grc' dir='ltr'><strong><em>ἐφημερίδα</em></strong></span> <span class='ocrx_word' id='word_1_61' title='bbox 2374 1114 2541 1199; x_wconf 81' lang='grc' dir='ltr'><strong><em>(ἔστι</em></strong></span> <span class='ocrx_word' id='word_1_62' title='bbox 2589 1113 2671 1180; x_wconf 79' lang='grc' dir='ltr'><strong><em>δὲ</em></strong></span> <span class='ocrx_word' id='word_1_63' title='bbox 2720 1111 2809 1181; x_wconf 80' lang='grc' dir='ltr'><strong><em>τὰ</em></strong></span> <span class='ocrx_word' id='word_1_64' title='bbox 3000 1067 3003 1254; x_wconf 29' lang='grc' dir='ltr'>ἱ</span> 
     </span>
     <span class='ocr_line' id='line_1_10' title="bbox 493 1214 2813 1308; baseline 0 -23"><span class='ocrx_word' id='word_1_65' title='bbox 493 1214 648 1304; x_wconf 87' lang='grc' dir='ltr'><strong><em>μεθ’</em></strong></span> <span class='ocrx_word' id='word_1_66' title='bbox 692 1215 986 1308; x_wconf 80' lang='grc' dir='ltr'><strong><em>Ὅμηρον</em></strong></span> <span class='ocrx_word' id='word_1_67' title='bbox 1033 1218 1500 1305; x_wconf 80' lang='grc' dir='ltr'><strong><em>καταλογάδην</em></strong></span> <span class='ocrx_word' id='word_1_68' title='bbox 1550 1221 1623 1286; x_wconf 82' lang='grc' dir='ltr'><strong><em>ἐν</em></strong></span> <span class='ocrx_word' id='word_1_69' title='bbox 1661 1223 1947 1305; x_wconf 83' lang='grc' dir='ltr'><strong><em>βιβλίοις</em></strong></span> <span class='ocrx_word' id='word_1_70' title='bbox 1983 1218 2114 1308; x_wconf 84' lang='grc' dir='ltr'><strong><em>θ’),</em></strong></span> <span class='ocrx_word' id='word_1_71' title='bbox 2164 1215 2440 1305; x_wconf 89' lang='grc' dir='ltr'><strong><em>Ἰλιακά,</em></strong></span> <span class='ocrx_word' id='word_1_72' title='bbox 2487 1224 2813 1306; x_wconf 78' lang='grc' dir='ltr'><strong><em>Τρωικοῦ</em></strong></span> 
     </span>
     <span class='ocr_line' id='line_1_11' title="bbox 415 1317 2811 1421; baseline 0.001 -29"><span class='ocrx_word' id='word_1_73' title='bbox 415 1354 466 1394; x_wconf 82' lang='grc' dir='ltr'><strong><em>ιο</em></strong></span> <span class='ocrx_word' id='word_1_74' title='bbox 496 1324 884 1412; x_wconf 78' lang='grc' dir='ltr'><strong><em>διακόσμου.</em></strong></span> <span class='ocrx_word' id='word_1_75' title='bbox 970 1317 1177 1421; x_wconf 40' lang='grc' dir='ltr'><strong><em>οὗτος.</em></strong></span> <span class='ocrx_word' id='word_1_76' title='bbox 1225 1331 1471 1412; x_wconf 81' lang='grc' dir='ltr'><strong><em>ἔγραψε</em></strong></span> <span class='ocrx_word' id='word_1_77' title='bbox 1528 1324 1607 1393; x_wconf 82' lang='grc' dir='ltr'><strong><em>τὰ</em></strong></span> <span class='ocrx_word' id='word_1_78' title='bbox 1664 1326 1812 1411; x_wconf 89' lang='grc' dir='ltr'><strong><em>περὶ</em></strong></span> <span class='ocrx_word' id='word_1_79' title='bbox 1869 1329 1983 1412; x_wconf 82' lang='grc' dir='ltr'><strong><em>τῆς</em></strong></span> <span class='ocrx_word' id='word_1_80' title='bbox 2030 1323 2329 1414; x_wconf 82' lang='grc' dir='ltr'><strong><em>ἁρπαγῆς</em></strong></span> <span class='ocrx_word' id='word_1_81' title='bbox 2365 1324 2640 1413; x_wconf 81' lang='grc' dir='ltr'><strong><em>Ἑλένης</em></strong></span> <span class='ocrx_word' id='word_1_82' title='bbox 2687 1327 2811 1394; x_wconf 83' lang='grc' dir='ltr'><strong><em>καὶ</em></strong></span> 
     </span>
     <span class='ocr_line' id='line_1_12' title="bbox 491 1339 3005 1578; baseline 0.002 -80"><span class='ocrx_word' id='word_1_83' title='bbox 491 1430 642 1520; x_wconf 86' lang='grc' dir='ltr'><strong><em>περὶ</em></strong></span> <span class='ocrx_word' id='word_1_84' title='bbox 689 1433 1051 1502; x_wconf 81' lang='grc' dir='ltr'><strong><em>Μενελάου</em></strong></span> <span class='ocrx_word' id='word_1_85' title='bbox 1087 1436 1198 1502; x_wconf 86' lang='grc' dir='ltr'><strong><em>καὶ</em></strong></span> <span class='ocrx_word' id='word_1_86' title='bbox 1243 1434 1458 1520; x_wconf 92' lang='grc' dir='ltr'><strong><em>πάσης</em></strong></span> <span class='ocrx_word' id='word_1_87' title='bbox 1496 1431 1785 1519; x_wconf 85' lang='grc' dir='ltr'><strong><em>Ἰλιακῆς</em></strong></span> <span class='ocrx_word' id='word_1_88' title='bbox 1828 1431 2231 1513; x_wconf 81' lang='grc' dir='ltr'><strong><em>ὑποθέσεως.</em></strong></span> <span class='ocrx_word' id='word_1_89' title='bbox 3000 1339 3005 1578; x_wconf 50' lang='lat'>⁴</span> 
     </span>
     <span class='ocr_line' id='line_1_13' title="bbox 674 1537 2807 1629; baseline 0 -21"><span class='ocrx_word' id='word_1_90' title='bbox 674 1537 806 1626; x_wconf 80' lang='grc' dir='ltr'><strong><em>[ὅτι</em></strong></span> <span class='ocrx_word' id='word_1_91' title='bbox 843 1543 945 1608; x_wconf 84' lang='grc' dir='ltr'><strong><em>ἐπὶ</em></strong></span> <span class='ocrx_word' id='word_1_92' title='bbox 976 1546 1328 1610; x_wconf 82' lang='grc' dir='ltr'><strong><em>Κλαυδίου</em></strong></span> <span class='ocrx_word' id='word_1_93' title='bbox 1355 1545 1470 1628; x_wconf 85' lang='grc' dir='ltr'><strong><em>τῆς</em></strong></span> <span class='ocrx_word' id='word_1_94' title='bbox 1499 1542 1768 1627; x_wconf 80' lang='grc' dir='ltr'><strong><em>Κρήτης</em></strong></span> <span class='ocrx_word' id='word_1_95' title='bbox 1796 1537 1925 1608; x_wconf 84' lang='grc' dir='ltr'><strong><em>ὑπὸ</em></strong></span> <span class='ocrx_word' id='word_1_96' title='bbox 1956 1544 2234 1627; x_wconf 84' lang='grc' dir='ltr'><strong><em>σεισμοῦ</em></strong></span> <span class='ocrx_word' id='word_1_97' title='bbox 2263 1547 2807 1629; x_wconf 81' lang='grc' dir='ltr'><strong><em>κατενεχθείσης,</em></strong></span> 
     </span>
     <span class='ocr_line' id='line_1_14' title="bbox 492 1611 3007 1818; baseline 0.001 -104"><span class='ocrx_word' id='word_1_98' title='bbox 492 1648 602 1714; x_wconf 89' lang='grc' dir='ltr'><strong><em>καὶ</em></strong></span> <span class='ocrx_word' id='word_1_99' title='bbox 655 1651 923 1717; x_wconf 79' lang='grc' dir='ltr'><strong><em>πολλῶν</em></strong></span> <span class='ocrx_word' id='word_1_100' title='bbox 984 1646 1220 1736; x_wconf 87' lang='grc' dir='ltr'><strong><em>τάφων</em></strong></span> <span class='ocrx_word' id='word_1_101' title='bbox 1268 1645 1784 1736; x_wconf 82' lang='grc' dir='ltr'><strong><em>άνεωχθέντων,</em></strong></span> <span class='ocrx_word' id='word_1_102' title='bbox 1842 1644 2087 1736; x_wconf 81' lang='grc' dir='ltr'><strong><em>εὑρέθη</em></strong></span> <span class='ocrx_word' id='word_1_103' title='bbox 2136 1649 2210 1716; x_wconf 81' lang='grc' dir='ltr'><strong><em>ἐν</em></strong></span> <span class='ocrx_word' id='word_1_104' title='bbox 2259 1649 2361 1716; x_wconf 79' lang='grc' dir='ltr'><strong><em>ἑνὶ</em></strong></span> <span class='ocrx_word' id='word_1_105' title='bbox 2407 1647 2673 1717; x_wconf 86' lang='grc' dir='ltr'><strong><em>τούτων</em></strong></span> <span class='ocrx_word' id='word_1_106' title='bbox 2697 1647 2805 1716; x_wconf 86' lang='grc' dir='ltr'><strong><em>-τὸ</em></strong></span> <span class='ocrx_word' id='word_1_107' title='bbox 3004 1611 3007 1818; x_wconf 50' lang='lat'>&gt;</span> 
     </span>
     <span class='ocr_line' id='line_1_15' title="bbox 493 1752 2808 1843; baseline 0.002 -23"><span class='ocrx_word' id='word_1_108' title='bbox 493 1753 840 1842; x_wconf 87' lang='grc' dir='ltr'><strong><em>σύνταγμα</em></strong></span> <span class='ocrx_word' id='word_1_109' title='bbox 891 1759 1007 1843; x_wconf 80' lang='grc' dir='ltr'><strong><em>τῆς</em></strong></span> <span class='ocrx_word' id='word_1_110' title='bbox 1047 1758 1340 1842; x_wconf 74' lang='grc' dir='ltr'><strong><em>ἱστορίας</em></strong></span> <span class='ocrx_word' id='word_1_111' title='bbox 1379 1759 1691 1839; x_wconf 82' lang='grc' dir='ltr'><strong><em>Δίκτυος,</em></strong></span> <span class='ocrx_word' id='word_1_112' title='bbox 1741 1752 1865 1822; x_wconf 87' lang='grc' dir='ltr'><strong><em>τὸν</em></strong></span> <span class='ocrx_word' id='word_1_113' title='bbox 1911 1752 2213 1841; x_wconf 87' lang='grc' dir='ltr'><strong><em>Τρωικὸν</em></strong></span> <span class='ocrx_word' id='word_1_114' title='bbox 2256 1755 2565 1842; x_wconf 83' lang='grc' dir='ltr'><strong><em>περιέχον</em></strong></span> <span class='ocrx_word' id='word_1_115' title='bbox 2602 1755 2808 1824; x_wconf 90' lang='grc' dir='ltr'><strong><em>πόλε-</em></strong></span> 
     </span>
     <span class='ocr_line' id='line_1_16' title="bbox 414 1857 3009 2138; baseline 0.002 -213"><span class='ocrx_word' id='word_1_116' title='bbox 414 1887 464 1928; x_wconf 77' lang='lat'><strong><em>15</em></strong></span> <span class='ocrx_word' id='word_1_117' title='bbox 497 1887 650 1948; x_wconf 85' lang='grc' dir='ltr'><strong><em>μον,</em></strong></span> <span class='ocrx_word' id='word_1_118' title='bbox 699 1857 860 1949; x_wconf 81' lang='grc' dir='ltr'><strong><em>ὅπερ</em></strong></span> <span class='ocrx_word' id='word_1_119' title='bbox 908 1859 1135 1948; x_wconf 74' lang='grc' dir='ltr'><strong><em>λαβὼν</em></strong></span> <span class='ocrx_word' id='word_1_120' title='bbox 1183 1862 1525 1940; x_wconf 82' lang='grc' dir='ltr'><strong><em>Κλαύδιος</em></strong></span> <span class='ocrx_word' id='word_1_121' title='bbox 1571 1861 1844 1942; x_wconf 82' lang='grc' dir='ltr'><strong><em>ἐξέδωκε</em></strong></span> <span class='ocrx_word' id='word_1_122' title='bbox 1890 1860 2318 1949; x_wconf 85' lang='grc' dir='ltr'><strong><em>γράφεσθαι.]</em></strong></span> <span class='ocrx_word' id='word_1_123' title='bbox 3004 1881 3009 2138; x_wconf 52' lang='grc' dir='ltr'>Ι</span> 
     </span>
    </p>
   </div>
   <div class='ocr_carea' id='block_1_3' title="bbox 494 2015 918 2026">
    <p class='ocr_par' dir='ltr' id='par_1_3' title="bbox 494 2015 918 2026">
     <span class='ocr_line' id='line_1_17' title="bbox 494 2015 918 2026; baseline 0 2866"><span class='ocrx_word' id='word_1_124' title='bbox 494 2015 918 2026; x_wconf 95' lang='lat' dir='ltr'><strong><em> </em></strong></span> 
     </span>
    </p>
   </div>
   <div class='ocr_carea' id='block_1_4' title="bbox 485 2109 2810 4426">
    <p class='ocr_par' dir='ltr' id='par_1_4' title="bbox 644 2109 2515 2181">
     <span class='ocr_line' id='line_1_18' title="bbox 644 2109 2515 2181; baseline 0 -15"><span class='ocrx_word' id='word_1_125' title='bbox 644 2117 675 2166; x_wconf 82' lang='lat'>2</span> <span class='ocrx_word' id='word_1_126' title='bbox 715 2111 853 2168; x_wconf 86' lang='lat' dir='ltr'><strong><em>haec</em></strong></span> <span class='ocrx_word' id='word_1_127' title='bbox 892 2111 1116 2168; x_wconf 81' lang='lat' dir='ltr'>aliunde</span> <span class='ocrx_word' id='word_1_128' title='bbox 1153 2110 1376 2166; x_wconf 74' lang='lat' dir='ltr'>fluxisse</span> <span class='ocrx_word' id='word_1_129' title='bbox 1414 2109 1646 2179; x_wconf 84' lang='lat' dir='ltr'>exposui</span> <span class='ocrx_word' id='word_1_130' title='bbox 1682 2110 1822 2164; x_wconf 70' lang='lat' dir='ltr'><strong><em>Mne.</em></strong></span> <span class='ocrx_word' id='word_1_131' title='bbox 1862 2111 2038 2166; x_wconf 86' lang='lat' dir='ltr'>Rhen.</span> <span class='ocrx_word' id='word_1_132' title='bbox 2075 2110 2285 2166; x_wconf 90' lang='lat' dir='ltr'>XXXV</span> <span class='ocrx_word' id='word_1_133' title='bbox 2320 2130 2372 2181; x_wconf 89' lang='lat' dir='ltr'><strong><em>p.</em></strong></span> <span class='ocrx_word' id='word_1_134' title='bbox 2412 2117 2515 2166; x_wconf 80' lang='lat'><strong><em>209</em></strong></span> 
     </span>
    </p>

    <p class='ocr_par' dir='ltr' id='par_1_5' title="bbox 494 2189 2810 2408">
     <span class='ocr_line' id='line_1_19' title="bbox 641 2189 2810 2262; baseline 0 -16"><span class='ocrx_word' id='word_1_135' title='bbox 641 2189 726 2246; x_wconf 87' lang='lat' dir='ltr'><strong><em>CC</em></strong></span> <span class='ocrx_word' id='word_1_136' title='bbox 766 2193 917 2248; x_wconf 79' lang='lat' dir='ltr'><strong>Eud.</strong></span> <span class='ocrx_word' id='word_1_137' title='bbox 954 2211 1010 2262; x_wconf 89' lang='lat' dir='ltr'><strong><em>p.</em></strong></span> <span class='ocrx_word' id='word_1_138' title='bbox 1049 2197 1169 2247; x_wconf 79' lang='lat'><strong>228.</strong></span> <span class='ocrx_word' id='word_1_139' title='bbox 1237 2191 1316 2245; x_wconf 82' lang='lat' dir='ltr'><strong>Of.</strong></span> <span class='ocrx_word' id='word_1_140' title='bbox 1349 2191 1676 2259; x_wconf 82' lang='lat' dir='ltr'>Harpocrat.</span> <span class='ocrx_word' id='word_1_141' title='bbox 1706 2208 1744 2246; x_wconf 81' lang='lat' dir='ltr'><strong><em>e.</em></strong></span> <span class='ocrx_word' id='word_1_142' title='bbox 1777 2209 1847 2259; x_wconf 56' lang='grc' dir='ltr'><strong><em>ι,</em></strong></span> <span class='ocrx_word' id='word_1_143' title='bbox 1885 2209 2050 2260; x_wconf 87' lang='lat' dir='ltr'>quem</span> <span class='ocrx_word' id='word_1_144' title='bbox 2089 2193 2401 2262; x_wconf 80' lang='lat' dir='ltr'><strong>Hesychius</strong></span> <span class='ocrx_word' id='word_1_145' title='bbox 2436 2192 2556 2246; x_wconf 79' lang='lat' dir='ltr'>sive</span> <span class='ocrx_word' id='word_1_146' title='bbox 2594 2191 2810 2247; x_wconf 81' lang='lat' dir='ltr'>Suidas</span> 
     </span>
     <span class='ocr_line' id='line_1_20' title="bbox 494 2265 2807 2343; baseline 0.001 -17"><span class='ocrx_word' id='word_1_147' title='bbox 494 2271 824 2341; x_wconf 76' lang='lat' dir='ltr'><strong>compilavit</strong></span> <span class='ocrx_word' id='word_1_148' title='bbox 1005 2279 1035 2326; x_wconf 85' lang='grc'><strong>6</strong></span> <span class='ocrx_word' id='word_1_149' title='bbox 1075 2265 1138 2334; x_wconf 78' lang='grc' dir='ltr'><strong><em>ὃς</em></strong></span> <span class='ocrx_word' id='word_1_150' title='bbox 1174 2270 1374 2326; x_wconf 81' lang='lat' dir='ltr'>melius</span> <span class='ocrx_word' id='word_1_151' title='bbox 1413 2287 1521 2326; x_wconf 88' lang='lat' dir='ltr'><strong><em>om.</em></strong></span> <span class='ocrx_word' id='word_1_152' title='bbox 1562 2269 1712 2324; x_wconf 76' lang='lat' dir='ltr'><strong>Eud.</strong></span> <span class='ocrx_word' id='word_1_153' title='bbox 1752 2273 2068 2342; x_wconf 78' lang='grc' dir='ltr'><strong><em>τραγῳδίας</em></strong></span> <span class='ocrx_word' id='word_1_154' title='bbox 2104 2266 2269 2333; x_wconf 78' lang='grc' dir='ltr'><strong><em>οὗτος</em></strong></span> <span class='ocrx_word' id='word_1_155' title='bbox 2309 2267 2543 2340; x_wconf 84' lang='grc' dir='ltr'><strong><em>ποιητής</em></strong></span> <span class='ocrx_word' id='word_1_156' title='bbox 2578 2273 2807 2343; x_wconf 83' lang='lat' dir='ltr'>Harpo-</span> 
     </span>
     <span class='ocr_line' id='line_1_21' title="bbox 494 2353 946 2408; baseline 0 -2"><span class='ocrx_word' id='word_1_157' title='bbox 494 2355 630 2408; x_wconf 86' lang='lat' dir='ltr'>crat.</span> <span class='ocrx_word' id='word_1_158' title='bbox 674 2353 946 2408; x_wconf 77' lang='lat' dir='ltr'><strong><em>Wecterm.</em></strong></span> 
     </span>
    </p>

    <p class='ocr_par' dir='ltr' id='par_1_6' title="bbox 485 2429 2805 4426">
     <span class='ocr_line' id='line_1_22' title="bbox 637 2429 2805 2503; baseline 0 -15"><span class='ocrx_word' id='word_1_159' title='bbox 637 2431 747 2488; x_wconf 90' lang='lat' dir='ltr'><strong><em>CCI</em></strong></span> <span class='ocrx_word' id='word_1_160' title='bbox 785 2433 934 2488; x_wconf 81' lang='lat' dir='ltr'><strong>Eud.</strong></span> <span class='ocrx_word' id='word_1_161' title='bbox 975 2452 1028 2503; x_wconf 91' lang='lat' dir='ltr'><strong><em>p.</em></strong></span> <span class='ocrx_word' id='word_1_162' title='bbox 1060 2438 1155 2487; x_wconf 77' lang='lat'><strong><em>221</em></strong></span> <span class='ocrx_word' id='word_1_163' title='bbox 1191 2431 1251 2485; x_wconf 91' lang='lat' dir='ltr'><strong><em>in</em></strong></span> <span class='ocrx_word' id='word_1_164' title='bbox 1279 2429 1470 2484; x_wconf 86' lang='lat' dir='ltr'>multis</span> <span class='ocrx_word' id='word_1_165' title='bbox 1501 2429 1844 2500; x_wconf 70' lang='lat' dir='ltr'><strong><em>disci-epam,</em></strong></span> <span class='ocrx_word' id='word_1_166' title='bbox 1889 2448 2127 2501; x_wconf 90' lang='lat' dir='ltr'><strong>quacum</strong></span> <span class='ocrx_word' id='word_1_167' title='bbox 2158 2431 2441 2501; x_wconf 73' lang='lat' dir='ltr'><strong>conspirat</strong></span> <span class='ocrx_word' id='word_1_168' title='bbox 2468 2432 2587 2486; x_wconf 90' lang='lat' dir='ltr'><strong><em>cod.</em></strong></span> <span class='ocrx_word' id='word_1_169' title='bbox 2618 2431 2805 2490; x_wconf 81' lang='lat' dir='ltr'>Paris,</span> 
     </span>
     <span class='ocr_line' id='line_1_23' title="bbox 491 2509 2805 2582; baseline 0 -16"><span class='ocrx_word' id='word_1_170' title='bbox 491 2517 631 2568; x_wconf 82' lang='lat'>2600</span> <span class='ocrx_word' id='word_1_171' title='bbox 670 2514 819 2582; x_wconf 86' lang='lat' dir='ltr'>apud</span> <span class='ocrx_word' id='word_1_172' title='bbox 850 2514 1048 2570; x_wconf 80' lang='lat' dir='ltr'><strong>Miller.</strong></span> <span class='ocrx_word' id='word_1_173' title='bbox 1107 2512 1327 2581; x_wconf 74' lang='lat' dir='ltr'>Periple</span> <span class='ocrx_word' id='word_1_174' title='bbox 1366 2529 1419 2580; x_wconf 90' lang='lat' dir='ltr'><strong><em>p.</em></strong></span> <span class='ocrx_word' id='word_1_175' title='bbox 1457 2515 1579 2564; x_wconf 82' lang='lat'><strong>311.</strong></span> <span class='ocrx_word' id='word_1_176' title='bbox 1648 2509 1727 2564; x_wconf 87' lang='lat' dir='ltr'><strong><em>cf.</em></strong></span> <span class='ocrx_word' id='word_1_177' title='bbox 1770 2512 1973 2566; x_wconf 77' lang='lat' dir='ltr'>Zonar.</span> <span class='ocrx_word' id='word_1_178' title='bbox 2014 2531 2067 2580; x_wconf 90' lang='lat' dir='ltr'><strong><em>p.</em></strong></span> <span class='ocrx_word' id='word_1_179' title='bbox 2100 2518 2217 2568; x_wconf 78' lang='lat'><strong>507.</strong></span> <span class='ocrx_word' id='word_1_180' title='bbox 2274 2510 2589 2565; x_wconf 83' lang='lat' dir='ltr'>Librarium</span> <span class='ocrx_word' id='word_1_181' title='bbox 2627 2513 2805 2567; x_wconf 87' lang='lat' dir='ltr'>huius</span> 
     </span>
     <span class='ocr_line' id='line_1_24' title="bbox 491 2589 2803 2660; baseline -0 -11"><span class='ocrx_word' id='word_1_182' title='bbox 491 2593 698 2649; x_wconf 79' lang='lat' dir='ltr'><strong><em>codicis</em></strong></span> <span class='ocrx_word' id='word_1_183' title='bbox 737 2611 804 2648; x_wconf 86' lang='lat' dir='ltr'><strong><em>ex</em></strong></span> <span class='ocrx_word' id='word_1_184' title='bbox 842 2593 1089 2649; x_wconf 84' lang='lat' dir='ltr'>Violario</span> <span class='ocrx_word' id='word_1_185' title='bbox 1128 2611 1229 2648; x_wconf 81' lang='lat' dir='ltr'><strong><em>sua</em></strong></span> <span class='ocrx_word' id='word_1_186' title='bbox 1264 2591 1514 2647; x_wconf 79' lang='lat' dir='ltr'><strong>hausisse</strong></span> <span class='ocrx_word' id='word_1_187' title='bbox 1563 2590 1678 2645; x_wconf 86' lang='lat' dir='ltr'>dixi</span> <span class='ocrx_word' id='word_1_188' title='bbox 1715 2591 1931 2645; x_wconf 83' lang='lat' dir='ltr'>Unters.</span> <span class='ocrx_word' id='word_1_189' title='bbox 1971 2609 2023 2660; x_wconf 90' lang='lat' dir='ltr'><strong><em>p.</em></strong></span> <span class='ocrx_word' id='word_1_190' title='bbox 2066 2597 2149 2645; x_wconf 88' lang='grc'><strong><em>91.</em></strong></span> <span class='ocrx_word' id='word_1_191' title='bbox 2224 2589 2573 2645; x_wconf 80' lang='lat' dir='ltr'>Contrarium</span> <span class='ocrx_word' id='word_1_192' title='bbox 2616 2594 2803 2660; x_wconf 85' lang='lat' dir='ltr'>putat</span> 
     </span>
     <span class='ocr_line' id='line_1_25' title="bbox 490 2670 2801 2744; baseline -0 -19"><span class='ocrx_word' id='word_1_193' title='bbox 490 2703 558 2714; x_wconf 91' lang='lat'><em>-</em></span> <span class='ocrx_word' id='word_1_194' title='bbox 598 2673 659 2726; x_wconf 89' lang='lat' dir='ltr'><strong><em>at</em></strong></span> <span class='ocrx_word' id='word_1_195' title='bbox 694 2672 920 2728; x_wconf 77' lang='lat' dir='ltr'>minime</span> <span class='ocrx_word' id='word_1_196' title='bbox 967 2674 1232 2744; x_wconf 87' lang='lat' dir='ltr'>probavit</span> <span class='ocrx_word' id='word_1_197' title='bbox 1279 2705 1341 2712; x_wconf 93' lang='lat'>—</span> <span class='ocrx_word' id='word_1_198' title='bbox 1386 2673 1565 2726; x_wconf 83' lang='lat' dir='ltr'><strong>Pulch</strong></span> <span class='ocrx_word' id='word_1_199' title='bbox 1608 2690 1663 2741; x_wconf 90' lang='lat' dir='ltr'><strong><em>p.</em></strong></span> <span class='ocrx_word' id='word_1_200' title='bbox 1704 2676 1770 2724; x_wconf 81' lang='lat'><strong><em>54</em></strong></span> <span class='ocrx_word' id='word_1_201' title='bbox 1800 2687 1915 2739; x_wconf 82' lang='lat' dir='ltr'><strong>seq.</strong></span> <span class='ocrx_word' id='word_1_202' title='bbox 1989 2670 2247 2726; x_wconf 87' lang='lat' dir='ltr'>Ceterum</span> <span class='ocrx_word' id='word_1_203' title='bbox 2296 2671 2447 2739; x_wconf 81' lang='lat' dir='ltr'>quod</span> <span class='ocrx_word' id='word_1_204' title='bbox 2490 2671 2640 2739; x_wconf 88' lang='lat' dir='ltr'>apud</span> <span class='ocrx_word' id='word_1_205' title='bbox 2682 2671 2801 2742; x_wconf 84' lang='lat' dir='ltr'><strong><em>Cy-</em></strong></span> 
     </span>
     <span class='ocr_line' id='line_1_26' title="bbox 488 2749 2797 2824; baseline 0.001 -20"><span class='ocrx_word' id='word_1_206' title='bbox 488 2753 619 2806; x_wconf 84' lang='lat' dir='ltr'>riac.</span> <span class='ocrx_word' id='word_1_207' title='bbox 649 2753 979 2808; x_wconf 84' lang='lat' dir='ltr'>Anconitan.</span> <span class='ocrx_word' id='word_1_208' title='bbox 1007 2754 1349 2824; x_wconf 85' lang='lat' dir='ltr'>Epigramm.</span> <span class='ocrx_word' id='word_1_209' title='bbox 1371 2752 1575 2822; x_wconf 86' lang='lat' dir='ltr'>repert.</span> <span class='ocrx_word' id='word_1_210' title='bbox 1607 2767 1707 2820; x_wconf 83' lang='lat' dir='ltr'>per</span> <span class='ocrx_word' id='word_1_211' title='bbox 1732 2750 1980 2818; x_wconf 84' lang='lat' dir='ltr'>Illyriam</span> <span class='ocrx_word' id='word_1_212' title='bbox 2007 2768 2061 2820; x_wconf 91' lang='lat' dir='ltr'><strong>p.</strong></span> <span class='ocrx_word' id='word_1_213' title='bbox 2084 2749 2344 2804; x_wconf 89' lang='lat' dir='ltr'>XXXXII</span> <span class='ocrx_word' id='word_1_214' title='bbox 2366 2749 2597 2818; x_wconf 86' lang='lat' dir='ltr'>(Romae</span> <span class='ocrx_word' id='word_1_215' title='bbox 2623 2755 2797 2822; x_wconf 81' lang='lat'>1645)</span> 
     </span>
     <span class='ocr_line' id='line_1_27' title="bbox 490 2824 2801 2903; baseline 0 -17"><span class='ocrx_word' id='word_1_216' title='bbox 490 2831 698 2902; x_wconf 82' lang='lat' dir='ltr'>legitur</span> <span class='ocrx_word' id='word_1_217' title='bbox 728 2835 969 2896; x_wconf 81' lang='grc' dir='ltr'><strong><em>Δίκτυος</em></strong></span> <span class='ocrx_word' id='word_1_218' title='bbox 1003 2829 1037 2902; x_wconf 84' lang='grc' dir='ltr'>ἢ</span> <span class='ocrx_word' id='word_1_219' title='bbox 1069 2832 1288 2888; x_wconf 79' lang='grc' dir='ltr'><strong><em>Ὀδίτου</em></strong></span> <span class='ocrx_word' id='word_1_220' title='bbox 1319 2834 1633 2903; x_wconf 84' lang='lat' dir='ltr'>significare</span> <span class='ocrx_word' id='word_1_221' title='bbox 1663 2828 1806 2884; x_wconf 84' lang='lat' dir='ltr'>illud</span> <span class='ocrx_word' id='word_1_222' title='bbox 1844 2824 2059 2894; x_wconf 84' lang='grc' dir='ltr'><strong><em>ὄπαδὸς</em></strong></span> <span class='ocrx_word' id='word_1_223' title='bbox 2092 2826 2255 2900; x_wconf 81' lang='grc' dir='ltr'><strong><em>Ἰδομ.</em></strong></span> <span class='ocrx_word' id='word_1_224' title='bbox 2286 2829 2571 2886; x_wconf 82' lang='lat' dir='ltr'>Eudociae</span> <span class='ocrx_word' id='word_1_225' title='bbox 2600 2834 2801 2902; x_wconf 81' lang='lat' dir='ltr'>suspi-</span> 
     </span>
     <span class='ocr_line' id='line_1_28' title="bbox 491 2906 2793 2985; baseline -0 -18"><span class='ocrx_word' id='word_1_226' title='bbox 491 2915 648 2967; x_wconf 82' lang='lat' dir='ltr'>catus</span> <span class='ocrx_word' id='word_1_227' title='bbox 679 2915 763 2968; x_wconf 80' lang='lat' dir='ltr'><strong><em>est</em></strong></span> <span class='ocrx_word' id='word_1_228' title='bbox 783 2913 966 2984; x_wconf 77' lang='lat' dir='ltr'><strong>Daub.</strong></span> <span class='ocrx_word' id='word_1_229' title='bbox 1014 2915 1131 2970; x_wconf 91' lang='lat' dir='ltr'><strong><em>Nec</em></strong></span> <span class='ocrx_word' id='word_1_230' title='bbox 1162 2915 1340 2984; x_wconf 76' lang='lat' dir='ltr'>magis</span> <span class='ocrx_word' id='word_1_231' title='bbox 1369 2911 1736 2985; x_wconf 80' lang='lat' dir='ltr'>probabiliter</span> <span class='ocrx_word' id='word_1_232' title='bbox 1768 2911 1946 2965; x_wconf 77' lang='lat' dir='ltr'><strong>Pulch</strong></span> <span class='ocrx_word' id='word_1_233' title='bbox 1974 2930 2027 2981; x_wconf 95' lang='lat' dir='ltr'><strong>p.</strong></span> <span class='ocrx_word' id='word_1_234' title='bbox 2059 2917 2127 2965; x_wconf 89' lang='lat'><strong><em>58</em></strong></span> <span class='ocrx_word' id='word_1_235' title='bbox 2158 2906 2221 2965; x_wconf 93' lang='grc' dir='ltr'><em>Ὁ</em></span> <span class='ocrx_word' id='word_1_236' title='bbox 2257 2911 2411 2978; x_wconf 81' lang='grc' dir='ltr'><strong><em>δίτης</em></strong></span> <span class='ocrx_word' id='word_1_237' title='bbox 2440 2909 2576 2980; x_wconf 89' lang='lat' dir='ltr'>olim</span> <span class='ocrx_word' id='word_1_238' title='bbox 2613 2928 2721 2980; x_wconf 89' lang='lat' dir='ltr'>pro</span> <span class='ocrx_word' id='word_1_239' title='bbox 2760 2909 2793 2966; x_wconf 84' lang='grc' dir='ltr'><strong>ὁ</strong></span> 
     </span>
     <span class='ocr_line' id='line_1_29' title="bbox 492 2989 2799 3064; baseline 0 -16"><span class='ocrx_word' id='word_1_240' title='bbox 492 2995 700 3055; x_wconf 81' lang='grc' dir='ltr'><strong><em>Δίκτυς</em></strong></span> <span class='ocrx_word' id='word_1_241' title='bbox 729 2995 1000 3064; x_wconf 79' lang='lat' dir='ltr'>scriptum</span> <span class='ocrx_word' id='word_1_242' title='bbox 1028 2993 1198 3050; x_wconf 80' lang='lat' dir='ltr'>fuisse</span> <span class='ocrx_word' id='word_1_243' title='bbox 1227 2995 1453 3064; x_wconf 88' lang='lat' dir='ltr'>putavit</span> <span class='ocrx_word' id='word_1_244' title='bbox 1480 2993 1607 3047; x_wconf 87' lang='lat' dir='ltr'><strong>coll.</strong></span> <span class='ocrx_word' id='word_1_245' title='bbox 1638 2990 1758 3046; x_wconf 87' lang='lat' dir='ltr'><strong><em>cod.</em></strong></span> <span class='ocrx_word' id='word_1_246' title='bbox 1780 2989 2046 3045; x_wconf 83' lang='lat' dir='ltr'>Bernensi</span> <span class='ocrx_word' id='word_1_247' title='bbox 2074 2991 2224 3061; x_wconf 82' lang='lat' dir='ltr'>apud</span> <span class='ocrx_word' id='word_1_248' title='bbox 2250 2989 2396 3045; x_wconf 88' lang='lat' dir='ltr'><strong><em>Dict.</em></strong></span> <span class='ocrx_word' id='word_1_249' title='bbox 2427 2991 2513 3044; x_wconf 91' lang='lat' dir='ltr'><strong><em>ed.</em></strong></span> <span class='ocrx_word' id='word_1_250' title='bbox 2540 2991 2799 3051; x_wconf 79' lang='lat' dir='ltr'>Meister.</span> 
     </span>
     <span class='ocr_line' id='line_1_30' title="bbox 494 3066 2793 3144; baseline 0 -16"><span class='ocrx_word' id='word_1_251' title='bbox 494 3091 541 3142; x_wconf 84' lang='lat' dir='ltr'><strong>p.</strong></span> <span class='ocrx_word' id='word_1_252' title='bbox 572 3071 622 3125; x_wconf 93' lang='lat' dir='ltr'><strong>V</strong></span> <span class='ocrx_word' id='word_1_253' title='bbox 731 3077 764 3126; x_wconf 88' lang='grc'><strong>8</strong></span> <span class='ocrx_word' id='word_1_254' title='bbox 802 3067 1018 3135; x_wconf 82' lang='grc' dir='ltr'><strong><em>όπαδὸς</em></strong></span> <span class='ocrx_word' id='word_1_255' title='bbox 1053 3069 1376 3144; x_wconf 80' lang='grc' dir='ltr'><strong><em>Ἰδομενέως</em></strong></span> <span class='ocrx_word' id='word_1_256' title='bbox 1403 3073 1530 3127; x_wconf 81' lang='lat' dir='ltr'><strong>add.</strong></span> <span class='ocrx_word' id='word_1_257' title='bbox 1552 3071 1703 3125; x_wconf 81' lang='lat' dir='ltr'><strong>Eud.</strong></span> <span class='ocrx_word' id='word_1_258' title='bbox 1736 3066 2085 3139; x_wconf 78' lang='grc' dir='ltr'><strong><em>ἐφημερίδας</em></strong></span> <span class='ocrx_word' id='word_1_259' title='bbox 2114 3089 2179 3125; x_wconf 80' lang='lat' dir='ltr'><strong><em>ex</em></strong></span> <span class='ocrx_word' id='word_1_260' title='bbox 2210 3071 2394 3126; x_wconf 85' lang='lat' dir='ltr'><strong>Schol.</strong></span> <span class='ocrx_word' id='word_1_261' title='bbox 2427 3071 2485 3124; x_wconf 88' lang='lat' dir='ltr'><strong><em>in</em></strong></span> <span class='ocrx_word' id='word_1_262' title='bbox 2512 3071 2793 3144; x_wconf 83' lang='lat' dir='ltr'>Hermog.</span> 
     </span>
     <span class='ocr_line' id='line_1_31' title="bbox 489 3147 2799 3222; baseline 0.001 -17"><span class='ocrx_word' id='word_1_263' title='bbox 489 3158 523 3205; x_wconf 90' lang='lat'>4</span> <span class='ocrx_word' id='word_1_264' title='bbox 552 3171 603 3222; x_wconf 93' lang='lat' dir='ltr'><strong>p.</strong></span> <span class='ocrx_word' id='word_1_265' title='bbox 635 3159 702 3206; x_wconf 81' lang='lat'><strong><em>43</em></strong></span> <span class='ocrx_word' id='word_1_266' title='bbox 741 3152 882 3208; x_wconf 87' lang='lat' dir='ltr'>rhet.</span> <span class='ocrx_word' id='word_1_267' title='bbox 921 3171 1002 3222; x_wconf 80' lang='lat' dir='ltr'><strong><em>gr.</em></strong></span> <span class='ocrx_word' id='word_1_268' title='bbox 1043 3152 1184 3208; x_wconf 89' lang='lat' dir='ltr'><strong><em>coni.</em></strong></span> <span class='ocrx_word' id='word_1_269' title='bbox 1225 3154 1506 3208; x_wconf 80' lang='lat' dir='ltr'>Meursius</span> <span class='ocrx_word' id='word_1_270' title='bbox 1545 3149 1627 3206; x_wconf 79' lang='grc' dir='ltr'><strong><em>ἔτι</em></strong></span> <span class='ocrx_word' id='word_1_271' title='bbox 1664 3147 1728 3204; x_wconf 78' lang='grc' dir='ltr'><strong><em>δὲ</em></strong></span> <span class='ocrx_word' id='word_1_272' title='bbox 1767 3155 1889 3204; x_wconf 78' lang='lat' dir='ltr'><strong><em>vat.</em></strong></span> <span class='ocrx_word' id='word_1_273' title='bbox 1929 3157 2198 3221; x_wconf 57' lang='lat' dir='ltr'><strong><em>hai-son„</em></strong></span> <span class='ocrx_word' id='word_1_274' title='bbox 2238 3153 2388 3222; x_wconf 81' lang='lat' dir='ltr'>quod</span> <span class='ocrx_word' id='word_1_275' title='bbox 2424 3152 2799 3207; x_wconf 75' lang='lat' dir='ltr'><strong>commendat</strong></span> 
     </span>
     <span class='ocr_line' id='line_1_32' title="bbox 489 3231 2803 3299; baseline 0.001 -13"><span class='ocrx_word' id='word_1_276' title='bbox 489 3233 779 3289; x_wconf 70' lang='lat' dir='ltr'>KusteruS.</span> <span class='ocrx_word' id='word_1_277' title='bbox 823 3231 1109 3287; x_wconf 88' lang='lat' dir='ltr'><strong>-Codicum</strong></span> <span class='ocrx_word' id='word_1_278' title='bbox 1148 3233 1315 3287; x_wconf 89' lang='lat' dir='ltr'>lectio</span> <span class='ocrx_word' id='word_1_279' title='bbox 1356 3250 1520 3287; x_wconf 79' lang='lat' dir='ltr'>sensu</span> <span class='ocrx_word' id='word_1_280' title='bbox 1558 3249 1683 3286; x_wconf 89' lang='lat' dir='ltr'><strong><em>cum</em></strong></span> <span class='ocrx_word' id='word_1_281' title='bbox 1714 3233 1927 3299; x_wconf 81' lang='lat' dir='ltr'>careat,</span> <span class='ocrx_word' id='word_1_282' title='bbox 1965 3232 2122 3286; x_wconf 82' lang='lat' dir='ltr'>varia</span> <span class='ocrx_word' id='word_1_283' title='bbox 2148 3232 2399 3288; x_wconf 84' lang='lat' dir='ltr'>remedia</span> <span class='ocrx_word' id='word_1_284' title='bbox 2432 3233 2803 3288; x_wconf 87' lang='lat' dir='ltr'>tentaverunt</span> 
     </span>
     <span class='ocr_line' id='line_1_33' title="bbox 491 3306 2797 3384; baseline -0 -18"><span class='ocrx_word' id='word_1_285' title='bbox 491 3311 695 3367; x_wconf 88' lang='lat' dir='ltr'>critici:</span> <span class='ocrx_word' id='word_1_286' title='bbox 747 3308 1064 3381; x_wconf 83' lang='grc' dir='ltr'><strong><em>ἐφημερίδα</em></strong></span> <span class='ocrx_word' id='word_1_287' title='bbox 1103 3310 1240 3381; x_wconf 79' lang='grc' dir='ltr'><strong><em>(ἔστι</em></strong></span> <span class='ocrx_word' id='word_1_288' title='bbox 1270 3311 1334 3367; x_wconf 74' lang='grc' dir='ltr'><strong><em>δὲ</em></strong></span> <span class='ocrx_word' id='word_1_289' title='bbox 1365 3309 1433 3367; x_wconf 73' lang='grc' dir='ltr'><strong><em>τὰ</em></strong></span> <span class='ocrx_word' id='word_1_290' title='bbox 1468 3306 1607 3384; x_wconf 84' lang='grc' dir='ltr'><strong><em>μεθ’</em></strong></span> <span class='ocrx_word' id='word_1_291' title='bbox 1636 3308 1885 3380; x_wconf 86' lang='grc' dir='ltr'><strong><em>Ὅμηρον</em></strong></span> <span class='ocrx_word' id='word_1_292' title='bbox 1912 3310 2309 3382; x_wconf 77' lang='grc' dir='ltr'><strong><em>καταλογάδην</em></strong></span> <span class='ocrx_word' id='word_1_293' title='bbox 2346 3308 2409 3366; x_wconf 80' lang='grc' dir='ltr'><strong><em>ἐν</em></strong></span> <span class='ocrx_word' id='word_1_294' title='bbox 2438 3313 2672 3384; x_wconf 83' lang='grc' dir='ltr'><strong><em>βιβλίοις</em></strong></span> <span class='ocrx_word' id='word_1_295' title='bbox 2696 3310 2797 3380; x_wconf 80' lang='grc' dir='ltr'><strong><em>θ’,</em></strong></span> 
     </span>
     <span class='ocr_line' id='line_1_34' title="bbox 485 3386 2795 3462; baseline 0.001 -18"><span class='ocrx_word' id='word_1_296' title='bbox 485 3387 713 3459; x_wconf 83' lang='grc' dir='ltr'><strong><em>Ἰλιακά)</em></strong></span> <span class='ocrx_word' id='word_1_297' title='bbox 758 3392 1013 3461; x_wconf 80' lang='grc' dir='ltr'><strong><em>Τρωικοῦ</em></strong></span> <span class='ocrx_word' id='word_1_298' title='bbox 1052 3387 1365 3462; x_wconf 86' lang='grc' dir='ltr'><strong><em>διακόσμου</em></strong></span> <span class='ocrx_word' id='word_1_299' title='bbox 1403 3393 1732 3448; x_wconf 76' lang='lat' dir='ltr'><strong><em>Perizonius</em></strong></span> <span class='ocrx_word' id='word_1_300' title='bbox 1770 3386 2113 3461; x_wconf 82' lang='grc' dir='ltr'><strong><em>έφημερίδα,</em></strong></span> <span class='ocrx_word' id='word_1_301' title='bbox 2163 3390 2244 3448; x_wconf 81' lang='grc' dir='ltr'><strong><em>ἔτι</em></strong></span> <span class='ocrx_word' id='word_1_302' title='bbox 2292 3391 2357 3447; x_wconf 77' lang='grc' dir='ltr'><strong><em>δὲ</em></strong></span> <span class='ocrx_word' id='word_1_303' title='bbox 2400 3424 2469 3434; x_wconf 84' lang='grc'>-</span> <span class='ocrx_word' id='word_1_304' title='bbox 2507 3388 2711 3446; x_wconf 80' lang='grc' dir='ltr'><strong><em>Ἰλιακά</em></strong></span> <span class='ocrx_word' id='word_1_305' title='bbox 2758 3387 2795 3462; x_wconf 83' lang='grc' dir='ltr'>ἢ</span> 
     </span>
     <span class='ocr_line' id='line_1_35' title="bbox 489 3468 2794 3544; baseline 0.002 -21"><span class='ocrx_word' id='word_1_306' title='bbox 489 3469 617 3539; x_wconf 79' lang='grc' dir='ltr'><strong><em>περὶ</em></strong></span> <span class='ocrx_word' id='word_1_307' title='bbox 643 3475 842 3538; x_wconf 88' lang='grc' dir='ltr'><strong><em>Τρωικ.</em></strong></span> <span class='ocrx_word' id='word_1_308' title='bbox 867 3473 1016 3527; x_wconf 87' lang='grc' dir='ltr'><strong><em>διακ.</em></strong></span> <span class='ocrx_word' id='word_1_309' title='bbox 1033 3473 1322 3541; x_wconf 72' lang='grc' dir='ltr'><strong><em>Καείενιιε,</em></strong></span> <span class='ocrx_word' id='word_1_310' title='bbox 1359 3468 1677 3543; x_wconf 79' lang='grc' dir='ltr'><strong><em>ἔφημερίδα</em></strong></span> <span class='ocrx_word' id='word_1_311' title='bbox 1712 3473 1967 3540; x_wconf 82' lang='grc' dir='ltr'><strong><em>Τρωικοῦ</em></strong></span> <span class='ocrx_word' id='word_1_312' title='bbox 1988 3469 2327 3544; x_wconf 88' lang='grc' dir='ltr'><strong><em>διακόσμου·</em></strong></span> <span class='ocrx_word' id='word_1_313' title='bbox 2360 3471 2474 3527; x_wconf 74' lang='grc' dir='ltr'><strong><em>ἔστι</em></strong></span> <span class='ocrx_word' id='word_1_314' title='bbox 2495 3471 2558 3527; x_wconf 74' lang='grc' dir='ltr'><strong><em>δὲ</em></strong></span> <span class='ocrx_word' id='word_1_315' title='bbox 2577 3468 2794 3528; x_wconf 80' lang='grc' dir='ltr'><strong><em>Ἰλιακά</em></strong></span> 
     </span>
     <span class='ocr_line' id='line_1_36' title="bbox 488 3545 2791 3624; baseline 0.001 -20"><span class='ocrx_word' id='word_1_316' title='bbox 488 3545 557 3604; x_wconf 74' lang='grc' dir='ltr'><strong><em>τὰ</em></strong></span> <span class='ocrx_word' id='word_1_317' title='bbox 588 3545 726 3620; x_wconf 79' lang='grc' dir='ltr'><strong><em>μεθ’</em></strong></span> <span class='ocrx_word' id='word_1_318' title='bbox 753 3545 997 3621; x_wconf 70' lang='grc' dir='ltr'><strong><em>’Όμηρον</em></strong></span> <span class='ocrx_word' id='word_1_319' title='bbox 1027 3553 1125 3607; x_wconf 80' lang='grc' dir='ltr'><strong><em>καὶ</em></strong></span> <span class='ocrx_word' id='word_1_320' title='bbox 1153 3549 1222 3607; x_wconf 78' lang='grc' dir='ltr'><strong><em>τὰ</em></strong></span> <span class='ocrx_word' id='word_1_321' title='bbox 1253 3553 1380 3620; x_wconf 82' lang='grc' dir='ltr'><strong><em>περὶ</em></strong></span> <span class='ocrx_word' id='word_1_322' title='bbox 1407 3554 1505 3622; x_wconf 87' lang='grc' dir='ltr'><strong><em>τῆς</em></strong></span> <span class='ocrx_word' id='word_1_323' title='bbox 1536 3551 1793 3623; x_wconf 80' lang='grc' dir='ltr'><strong><em>ἁρπαγῆς</em></strong></span> <span class='ocrx_word' id='word_1_324' title='bbox 1806 3554 2155 3624; x_wconf 58' lang='grc' dir='ltr'><strong><em>,Βεννιίιανᾶῃ</em></strong></span> <span class='ocrx_word' id='word_1_325' title='bbox 2262 3561 2295 3608; x_wconf 86' lang='grc'>9</span> <span class='ocrx_word' id='word_1_326' title='bbox 2324 3548 2466 3608; x_wconf 82' lang='grc' dir='ltr'><strong><em>καθ’</em></strong></span> <span class='ocrx_word' id='word_1_327' title='bbox 2493 3547 2615 3622; x_wconf 77' lang='grc' dir='ltr'><strong><em>”Ομ.</em></strong></span> <span class='ocrx_word' id='word_1_328' title='bbox 2648 3554 2791 3607; x_wconf 80' lang='lat' dir='ltr'><strong><em>Gut-</em></strong></span> 
     </span>
     <span class='ocr_line' id='line_1_37' title="bbox 487 3627 2794 3704; baseline 0.001 -19"><span class='ocrx_word' id='word_1_329' title='bbox 487 3633 696 3686; x_wconf 83' lang='lat' dir='ltr'><strong><em>schmid</em></strong></span> <span class='ocrx_word' id='word_1_330' title='bbox 764 3627 970 3686; x_wconf 82' lang='grc' dir='ltr'><strong><em>Ἰλιακὰ</em></strong></span> <span class='ocrx_word' id='word_1_331' title='bbox 1007 3650 1108 3703; x_wconf 81' lang='lat' dir='ltr'>pro</span> <span class='ocrx_word' id='word_1_332' title='bbox 1145 3628 1379 3688; x_wconf 80' lang='grc' dir='ltr'><strong><em>Ἰταλικὰ</em></strong></span> <span class='ocrx_word' id='word_1_333' title='bbox 1417 3652 1556 3689; x_wconf 87' lang='lat' dir='ltr'>corr.</span> <span class='ocrx_word' id='word_1_334' title='bbox 1597 3634 1711 3688; x_wconf 86' lang='lat' dir='ltr'><strong><em>Leo</em></strong></span> <span class='ocrx_word' id='word_1_335' title='bbox 1744 3635 1992 3690; x_wconf 82' lang='lat' dir='ltr'><strong><em>Allatius</em></strong></span> <span class='ocrx_word' id='word_1_336' title='bbox 2068 3639 2163 3702; x_wconf 87' lang='grc' dir='ltr'><strong><em>Τρ.</em></strong></span> <span class='ocrx_word' id='word_1_337' title='bbox 2203 3629 2516 3704; x_wconf 78' lang='grc' dir='ltr'><strong><em>διακόσμου</em></strong></span> <span class='ocrx_word' id='word_1_338' title='bbox 2543 3631 2612 3688; x_wconf 86' lang='grc' dir='ltr'><strong><em>θ’</em></strong></span> <span class='ocrx_word' id='word_1_339' title='bbox 2650 3633 2794 3688; x_wconf 75' lang='lat' dir='ltr'><strong><em>Gut-</em></strong></span> 
     </span>
     <span class='ocr_line' id='line_1_38' title="bbox 487 3712 2790 3784; baseline 0.002 -17"><span class='ocrx_word' id='word_1_340' title='bbox 487 3714 694 3767; x_wconf 78' lang='lat' dir='ltr'><strong><em>schmid</em></strong></span> <span class='ocrx_word' id='word_1_341' title='bbox 828 3718 896 3767; x_wconf 91' lang='lat'><strong><em>10</em></strong></span> <span class='ocrx_word' id='word_1_342' title='bbox 923 3713 1067 3768; x_wconf 86' lang='lat' dir='ltr'><strong><em>hanc</em></strong></span> <span class='ocrx_word' id='word_1_343' title='bbox 1094 3712 1432 3768; x_wconf 74' lang='lat' dir='ltr'>narrationis</span> <span class='ocrx_word' id='word_1_344' title='bbox 1462 3713 1699 3769; x_wconf 86' lang='lat' dir='ltr'>formam</span> <span class='ocrx_word' id='word_1_345' title='bbox 1730 3715 2070 3784; x_wconf 83' lang='lat' dir='ltr'>Hesychium</span> <span class='ocrx_word' id='word_1_346' title='bbox 2100 3731 2211 3769; x_wconf 91' lang='lat' dir='ltr'><strong><em>non</em></strong></span> <span class='ocrx_word' id='word_1_347' title='bbox 2250 3715 2447 3769; x_wconf 86' lang='lat' dir='ltr'>decere</span> <span class='ocrx_word' id='word_1_348' title='bbox 2485 3713 2603 3768; x_wconf 86' lang='lat' dir='ltr'>dixi</span> <span class='ocrx_word' id='word_1_349' title='bbox 2632 3714 2704 3768; x_wconf 85' lang='lat' dir='ltr'><strong><em>ad</em></strong></span> <span class='ocrx_word' id='word_1_350' title='bbox 2734 3733 2790 3771; x_wconf 84' lang='lat' dir='ltr'><strong>v.</strong></span> 
     </span>
     <span class='ocr_line' id='line_1_39' title="bbox 488 3786 2790 3863; baseline 0.002 -19"><span class='ocrx_word' id='word_1_351' title='bbox 488 3786 820 3861; x_wconf 77' lang='grc' dir='ltr'><strong><em>Ἀνακρέων,</em></strong></span> <span class='ocrx_word' id='word_1_352' title='bbox 863 3794 1209 3862; x_wconf 85' lang='grc' dir='ltr'><strong><em>Δικαίαρχος</em></strong></span> <span class='ocrx_word' id='word_1_353' title='bbox 1238 3794 1308 3848; x_wconf 83' lang='lat' dir='ltr'><strong><em>al.</em></strong></span> <span class='ocrx_word' id='word_1_354' title='bbox 1425 3800 1486 3848; x_wconf 83' lang='lat'><strong><em>12</em></strong></span> <span class='ocrx_word' id='word_1_355' title='bbox 1526 3797 1734 3858; x_wconf 88' lang='grc' dir='ltr'><strong><em>Δίκτυς</em></strong></span> <span class='ocrx_word' id='word_1_356' title='bbox 1770 3796 1980 3850; x_wconf 77' lang='lat' dir='ltr'>lemma</span> <span class='ocrx_word' id='word_1_357' title='bbox 2007 3796 2242 3850; x_wconf 80' lang='lat' dir='ltr'>iteratur</span> <span class='ocrx_word' id='word_1_358' title='bbox 2268 3794 2327 3848; x_wconf 89' lang='lat' dir='ltr'><strong><em>in</em></strong></span> <span class='ocrx_word' id='word_1_359' title='bbox 2356 3795 2514 3849; x_wconf 85' lang='lat' dir='ltr'><strong>codd.</strong></span> <span class='ocrx_word' id='word_1_360' title='bbox 2555 3789 2644 3848; x_wconf 75' lang='grc' dir='ltr'><strong><em>ὅτι</em></strong></span> <span class='ocrx_word' id='word_1_361' title='bbox 2671 3811 2790 3863; x_wconf 80' lang='lat' dir='ltr'><strong>seq.</strong></span> 
     </span>
     <span class='ocr_line' id='line_1_40' title="bbox 488 3872 2791 3944; baseline 0.002 -18"><span class='ocrx_word' id='word_1_362' title='bbox 488 3872 566 3926; x_wconf 83' lang='lat' dir='ltr'><strong><em>sic</em></strong></span> <span class='ocrx_word' id='word_1_363' title='bbox 613 3874 685 3926; x_wconf 86' lang='lat' dir='ltr'><strong><em>ab</em></strong></span> <span class='ocrx_word' id='word_1_364' title='bbox 726 3872 1004 3940; x_wconf 83' lang='lat' dir='ltr'><strong><em>Hesychio</em></strong></span> <span class='ocrx_word' id='word_1_365' title='bbox 1051 3874 1251 3942; x_wconf 85' lang='lat' dir='ltr'>exponi</span> <span class='ocrx_word' id='word_1_366' title='bbox 1294 3890 1407 3928; x_wconf 91' lang='lat' dir='ltr'><strong><em>non</em></strong></span> <span class='ocrx_word' id='word_1_367' title='bbox 1453 3875 1740 3944; x_wconf 83' lang='lat' dir='ltr'>poterant,</span> <span class='ocrx_word' id='word_1_368' title='bbox 1787 3874 2020 3929; x_wconf 87' lang='lat' dir='ltr'>meliora</span> <span class='ocrx_word' id='word_1_369' title='bbox 2066 3877 2318 3944; x_wconf 79' lang='lat' dir='ltr'>praestat</span> <span class='ocrx_word' id='word_1_370' title='bbox 2353 3875 2534 3929; x_wconf 77' lang='lat' dir='ltr'><strong>Eud..</strong></span> <span class='ocrx_word' id='word_1_371' title='bbox 2522 3897 2535 3910; x_wconf 92' lang='lat'><strong>·</strong></span> <span class='ocrx_word' id='word_1_372' title='bbox 2583 3872 2791 3930; x_wconf 80' lang='grc' dir='ltr'><strong><em>τούτου</em></strong></span> 
     </span>
     <span class='ocr_line' id='line_1_41' title="bbox 491 3947 2793 4026; baseline 0.002 -21"><span class='ocrx_word' id='word_1_373' title='bbox 491 3949 705 4018; x_wconf 80' lang='grc' dir='ltr'><strong><em>ιστορία</em></strong></span> <span class='ocrx_word' id='word_1_374' title='bbox 736 3947 953 4021; x_wconf 77' lang='grc' dir='ltr'><strong><em>εὑρέθη</em></strong></span> <span class='ocrx_word' id='word_1_375' title='bbox 985 3950 1080 4006; x_wconf 78' lang='grc' dir='ltr'><strong><em>ἐπὶ</em></strong></span> <span class='ocrx_word' id='word_1_376' title='bbox 1107 3955 1414 4022; x_wconf 83' lang='grc' dir='ltr'><strong><em>Κλαυδίου,</em></strong></span> <span class='ocrx_word' id='word_1_377' title='bbox 1444 3973 1498 4007; x_wconf 91' lang='grc' dir='ltr'><strong><em>οι</em></strong></span> <span class='ocrx_word' id='word_1_378' title='bbox 1528 3949 1585 4006; x_wconf 90' lang='grc' dir='ltr'><strong><em>δ’</em></strong></span> <span class='ocrx_word' id='word_1_379' title='bbox 1619 3948 1711 4007; x_wconf 78' lang='grc' dir='ltr'><strong><em>ἐπὶ</em></strong></span> <span class='ocrx_word' id='word_1_380' title='bbox 1745 3955 2028 4022; x_wconf 81' lang='grc' dir='ltr'><strong><em>Νέρωνος,</em></strong></span> <span class='ocrx_word' id='word_1_381' title='bbox 2065 3953 2335 4026; x_wconf 80' lang='grc' dir='ltr'><strong><em>βασιλέως</em></strong></span> <span class='ocrx_word' id='word_1_382' title='bbox 2354 3951 2661 4024; x_wconf 81' lang='grc' dir='ltr'><strong><em>Ῥωμαίων,</em></strong></span> <span class='ocrx_word' id='word_1_383' title='bbox 2689 3957 2793 4026; x_wconf 88' lang='grc' dir='ltr'><strong><em>τῆς</em></strong></span> 
     </span>
     <span class='ocr_line' id='line_1_42' title="bbox 489 4028 2793 4127; baseline 0.002 -41"><span class='ocrx_word' id='word_1_384' title='bbox 489 4029 714 4127; x_wconf 81' lang='grc' dir='ltr'><strong><em>Κρήτης</em></strong></span> <span class='ocrx_word' id='word_1_385' title='bbox 751 4028 862 4086; x_wconf 76' lang='grc' dir='ltr'><strong><em>ὑπὸ</em></strong></span> <span class='ocrx_word' id='word_1_386' title='bbox 907 4033 1136 4104; x_wconf 84' lang='grc' dir='ltr'><strong><em>σεισμοῦ</em></strong></span> <span class='ocrx_word' id='word_1_387' title='bbox 1175 4035 1615 4103; x_wconf 77' lang='grc' dir='ltr'><strong><em>κατενεχθείσης</em></strong></span> <span class='ocrx_word' id='word_1_388' title='bbox 1654 4035 1751 4089; x_wconf 84' lang='grc' dir='ltr'><strong><em>καὶ</em></strong></span> <span class='ocrx_word' id='word_1_389' title='bbox 1788 4035 2004 4090; x_wconf 81' lang='grc' dir='ltr'><strong><em>πολλῶν</em></strong></span> <span class='ocrx_word' id='word_1_390' title='bbox 2040 4035 2324 4105; x_wconf 81' lang='grc' dir='ltr'><strong><em>μνημείων</em></strong></span> <span class='ocrx_word' id='word_1_391' title='bbox 2358 4030 2793 4106; x_wconf 85' lang='grc' dir='ltr'><strong><em>άνεωχθέντων,</em></strong></span> 
     </span>
     <span class='ocr_line' id='line_1_43' title="bbox 490 4102 2791 4208; baseline 0.001 -43"><span class='ocrx_word' id='word_1_392' title='bbox 490 4102 569 4166; x_wconf 77' lang='grc' dir='ltr'><strong><em>ὧν</em></strong></span> <span class='ocrx_word' id='word_1_393' title='bbox 611 4108 674 4166; x_wconf 76' lang='grc' dir='ltr'><strong><em>ἐν</em></strong></span> <span class='ocrx_word' id='word_1_394' title='bbox 715 4108 802 4167; x_wconf 80' lang='grc' dir='ltr'><strong><em>ἕνὶ</em></strong></span> <span class='ocrx_word' id='word_1_395' title='bbox 842 4132 1040 4208; x_wconf 79' lang='grc' dir='ltr'><strong><em>ευρητο</em></strong></span> <span class='ocrx_word' id='word_1_396' title='bbox 1071 4112 1459 4185; x_wconf 74' lang='grc' dir='ltr'><strong><em>γεγραμμένον</em></strong></span> <span class='ocrx_word' id='word_1_397' title='bbox 1497 4117 1712 4186; x_wconf 80' lang='grc' dir='ltr'><strong><em>βιβλίον</em></strong></span> <span class='ocrx_word' id='word_1_398' title='bbox 1752 4113 2039 4185; x_wconf 89' lang='grc' dir='ltr'><strong><em>γράμμασι</em></strong></span> <span class='ocrx_word' id='word_1_399' title='bbox 2067 4115 2345 4168; x_wconf 87' lang='grc' dir='ltr'><strong><em>Φοινίκων</em></strong></span> <span class='ocrx_word' id='word_1_400' title='bbox 2374 4113 2473 4168; x_wconf 86' lang='grc' dir='ltr'><strong><em>καὶ</em></strong></span> <span class='ocrx_word' id='word_1_401' title='bbox 2501 4118 2791 4185; x_wconf 85' lang='grc' dir='ltr'><strong><em>μεθερμη-</em></strong></span> 
     </span>
     <span class='ocr_line' id='line_1_44' title="bbox 489 4185 2792 4266; baseline 0.002 -21"><span class='ocrx_word' id='word_1_402' title='bbox 489 4189 676 4260; x_wconf 85' lang='grc' dir='ltr'><strong><em>νεύθη</em></strong></span> <span class='ocrx_word' id='word_1_403' title='bbox 716 4188 779 4246; x_wconf 80' lang='grc' dir='ltr'><strong><em>ἐν</em></strong></span> <span class='ocrx_word' id='word_1_404' title='bbox 815 4193 883 4262; x_wconf 83' lang='grc' dir='ltr'><strong><em>τῇ</em></strong></span> <span class='ocrx_word' id='word_1_405' title='bbox 917 4189 1121 4265; x_wconf 79' lang='grc' dir='ltr'><strong><em>Ἀττικῇ</em></strong></span> <span class='ocrx_word' id='word_1_406' title='bbox 1159 4191 1401 4265; x_wconf 82' lang='grc' dir='ltr'><strong><em>γλωσσῃ,</em></strong></span> <span class='ocrx_word' id='word_1_407' title='bbox 1448 4193 1721 4265; x_wconf 75' lang='grc' dir='ltr'><strong><em>πεμφθὲν</em></strong></span> <span class='ocrx_word' id='word_1_408' title='bbox 1756 4196 1832 4265; x_wconf 80' lang='grc' dir='ltr'><strong><em>τῷ</em></strong></span> <span class='ocrx_word' id='word_1_409' title='bbox 1874 4196 2115 4264; x_wconf 87' lang='grc' dir='ltr'><strong><em>βασιλει,</em></strong></span> <span class='ocrx_word' id='word_1_410' title='bbox 2166 4185 2234 4247; x_wconf 79' lang='grc' dir='ltr'><strong><em>οὗ</em></strong></span> <span class='ocrx_word' id='word_1_411' title='bbox 2281 4193 2357 4266; x_wconf 78' lang='grc' dir='ltr'><strong><em>τῷ</em></strong></span> <span class='ocrx_word' id='word_1_412' title='bbox 2404 4191 2792 4264; x_wconf 85' lang='grc' dir='ltr'><strong><em>προστάγματι</em></strong></span> 
     </span>
     <span class='ocr_line' id='line_1_45' title="bbox 491 4267 2787 4347; baseline 0.004 -26"><span class='ocrx_word' id='word_1_413' title='bbox 491 4267 850 4340; x_wconf 80' lang='grc' dir='ltr'><strong><em>Σεπτημῖνός</em></strong></span> <span class='ocrx_word' id='word_1_414' title='bbox 887 4293 968 4335; x_wconf 87' lang='grc' dir='ltr'><strong><em>τις</em></strong></span> <span class='ocrx_word' id='word_1_415' title='bbox 998 4269 1290 4342; x_wconf 82' lang='grc' dir='ltr'><strong><em>Ρωμαῖος,</em></strong></span> <span class='ocrx_word' id='word_1_416' title='bbox 1329 4269 1506 4342; x_wconf 87' lang='grc' dir='ltr'><strong><em>σοφὸς</em></strong></span> <span class='ocrx_word' id='word_1_417' title='bbox 1546 4271 1825 4343; x_wconf 78' lang='grc' dir='ltr'><strong><em>ἑκατέραν</em></strong></span> <span class='ocrx_word' id='word_1_418' title='bbox 1854 4271 1957 4344; x_wconf 79' lang='grc' dir='ltr'><strong><em>τὴν</em></strong></span> <span class='ocrx_word' id='word_1_419' title='bbox 1986 4275 2265 4344; x_wconf 81' lang='grc' dir='ltr'><strong><em>γλῶτταν,</em></strong></span> <span class='ocrx_word' id='word_1_420' title='bbox 2306 4272 2385 4338; x_wconf 81' lang='grc' dir='ltr'><strong><em>εἰς</em></strong></span> <span class='ocrx_word' id='word_1_421' title='bbox 2421 4272 2527 4344; x_wconf 86' lang='grc' dir='ltr'><strong><em>τὴν</em></strong></span> <span class='ocrx_word' id='word_1_422' title='bbox 2556 4271 2787 4347; x_wconf 80' lang='grc' dir='ltr'><strong><em>Ῥωμαϊ-</em></strong></span> 
     </span>
     <span class='ocr_line' id='line_1_46' title="bbox 491 4344 2613 4426; baseline 0.005 -28"><span class='ocrx_word' id='word_1_423' title='bbox 491 4344 599 4414; x_wconf 84' lang='grc' dir='ltr'><strong><em>κὴν</em></strong></span> <span class='ocrx_word' id='word_1_424' title='bbox 639 4346 840 4416; x_wconf 85' lang='grc' dir='ltr'><strong><em>φωνὴν</em></strong></span> <span class='ocrx_word' id='word_1_425' title='bbox 880 4349 1224 4419; x_wconf 85' lang='grc' dir='ltr'><strong><em>μετήνεγκεν</em></strong></span> <span class='ocrx_word' id='word_1_426' title='bbox 1356 4359 1419 4406; x_wconf 84' lang='lat'><strong><em>12</em></strong></span> <span class='ocrx_word' id='word_1_427' title='bbox 1461 4349 1555 4406; x_wconf 75' lang='grc' dir='ltr'><strong><em>ἐπὶ</em></strong></span> <span class='ocrx_word' id='word_1_428' title='bbox 1584 4357 1867 4408; x_wconf 83' lang='grc' dir='ltr'><strong><em>Κλταδίου</em></strong></span> <span class='ocrx_word' id='word_1_429' title='bbox 1895 4359 2015 4410; x_wconf 71' lang='lat' dir='ltr'><strong>Ala.</strong></span> <span class='ocrx_word' id='word_1_430' title='bbox 2155 4361 2222 4409; x_wconf 85' lang='lat'><strong><em>14</em></strong></span> <span class='ocrx_word' id='word_1_431' title='bbox 2258 4352 2537 4426; x_wconf 79' lang='grc' dir='ltr'><strong><em>περιέχων</em></strong></span> <span class='ocrx_word' id='word_1_432' title='bbox 2566 4360 2613 4409; x_wconf 78' lang='grc' dir='ltr'><strong>Δ</strong></span> 
     </span>
    </p>
   </div>
  </div>
 </body>
</html>
