3025 4892
1183 220 1609 277 HESYCHIUS.
2406 222 2535 286 219

202 382 390 466 λέγει
467 380 700 469 ἄτομα
753 380 876 468 μὲν
929 379 1102 449 εἶναι
1155 378 1234 449 τὰ
1291 379 1490 469 κύρια
1546 380 1873 471 ὀνόματα,
1941 381 2267 470 θεματικὰ
2324 380 2401 449 δὲ
2453 381 2534 451 τὰ

201 486 730 575 προσηγορικά,
787 484 1092 575 ἆθέματα
1150 486 1224 556 δὲ
1269 486 1348 556 τὰ
1395 488 1767 577 μετοχικᾶ),
1822 490 1973 577 περὶ
2016 493 2135 576 τῆς
2169 486 2538 575 Ῥωμαϊκῆς

201 593 625 677 διαλέκτου,
692 591 793 661 ὅτι
845 598 1026 661 ἔστιν
1073 594 1144 661 ἐκ
1198 596 1344 693 τῆς]
1359 591 1749 682 Ἑλληνικῆς
1800 592 1994 663 κὀὐκ
2050 591 2419 682 αὐθιγενής
2467 594 2535 683 [ἡ

191 695 566 785 Ῥωμαϊκὴ
623 699 1022 785 διάλεκτος],
1088 696 1188 768 ὅτι
1245 704 1713 787 διαφωνοῦσιν
1770 705 1840 769 οἱ
1894 701 2207 789 νεώτεροι
2267 703 2536 788 ποιηταὶ

200 803 380 894 πρὸς
423 803 771 895 “Ομηρον,
837 805 1146 894 ἐξήγησιν
1209 810 1331 875 τοῦ
1397 812 1869 895 Τυραννίωνος
1932 811 2289 896 μερισμοῦ,
2355 805 2534 895 διόρ-
2562 830 2589 870 ⁵

203 921 452 980 θωσιν
497 910 894 1001 Ὁμηρικήν,
943 910 1434 1002 ὀρθογραφίαν.

397 1020 760 1089 DOGOXI.
840 1028 1312 1106 Τυραννίων
1369 1020 1764 1107 Μεσσήνιος
1817 1020 2207 1110 φιλόσοφος.
2303 1024 2537 1090 οἰωνο-

199 1125 524 1195 σκοπικὰ
584 1129 659 1195 ἐν
714 1124 1000 1213 βιβλίοὶς
1046 1126 1134 1214 γ’.
1207 1128 1352 1219 Ικαὶ
1399 1126 1568 1196 ἄλλα
1615 1128 1692 1197 δὲ
1734 1134 1965 1217 βιβλία
2011 1126 2220 1198 αὐτοῦ
2266 1130 2539 1216 φέρεται

202 1232 595 1325 zemma!-

400 1340 790 1409 DOGOXII.
873 1338 1278 1428 Τύραννος
1337 1340 1677 1429 σοφιστής.
1758 1341 1909 1430 περὶ
1973 1341 2303 1429 στάσεων,
2367 1347 2537 1411 διαι-
2564 1362 2618 1405 1⁰

206 1448 488 1531 ρέσεως
533 1446 744 1534 λόγου
788 1452 1014 1532 βιβλία
1061 1444 1132 1515 ι’.

404 1554 828 1623 DGCOXJII.
913 1558 1296 1639 Τυρταῖος
1348 1550 1866 1643 Ἀρχεμβρότου,
1924 1554 2171 1623 Λάκων
2226 1551 2267 1641 ἢ
2320 1555 2536 1643 Μιλή-

207 1676 408 1745 σιος,
466 1657 907 1745 ἐλεγειοποιὸς
949 1660 1063 1726 καὶ
1108 1654 1422 1746 αὐλητής,
1471 1655 1554 1728 ὃν
1601 1659 1801 1746 λόγος
1842 1673 1983 1741 τοῖς
2028 1663 2251 1749 μέλεσι
2296 1661 2539 1749 χρησοί-

212 1752 448 1850 μενου
512 1769 926 1855 παροτρῦναι
983 1769 1561 1852 Λακεδαιμονίους
1612 1771 2069 1855 πολεμοῦντας
2125 1772 2541 1854 Μεσσηνίοις

211 1873 332 1939 καὶ
385 1873 604 1963 ταύτῃ
642 1873 1223 1961 ἐπικρατεστέρους
1257 1876 1550 1959 ποιῆσαι.
1634 1878 1771 1942 ἔστι
1809 1874 1884 1943 δὲ
1919 1880 2352 1961 παλαίτατος,·
2386 1874 2539 1961 σύγ·
2568 1898 2620 1939 15

217 2006 487 2066 χρονος
541 1992 678 2061 τοῖς
735 1979 794 2061 ζ’
853 1986 1162 2065 κληθεῖσι
1223 1992 1462 2066 σοφοῖς
1526 1975 1567 2066 ἢ
1622 1980 1732 2047 καὶ
1789 1988 2199 2069 παλαίτερος.
2297 1980 2539 2069 ἤκμαζε

215 2089 404 2169 γοῦν
467 2088 633 2156 κατὰ
697 2086 819 2175 τὴν
879 2086 976 2155 λε’
1037 2084 1434 2174 ὀλυμπιάδα.
1528 2091 1774 2175 ἔγραψε
1826 2095 2169 2157 πολιτείαν
2214 2092 2539 2157 Λακεδαι-

218 2196 506 2276 μονίοις
569 2194 681 2261 καὶ
750 2192 1098 2281 ὑποθήκας
1160 2191 1249 2260 δι’
1312 2195 1601 2280 ἐλεγείας
1668 2194 1780 2261 καὶ
1840 2196 2002 2282 μέλη
2063 2195 2539 2283 πολεμιστήρια

221 2302 472 2385 βιβλία
518 2299 595 2368 ε’.
2412 2307 2416 2311 ·

417 2409 821 2477 DOGGXIV.
866 2405 1182 2477 Ὑπατία
1228 2404 1272 2495 ἡ
1317 2406 1585 2486 Θέωνος
1621 2409 1743 2475 τοῦ
1786 2408 2167 2497 γεωμέτρου
2207 2407 2539 2497 θυγάτηρ,
2565 2432 2619 2473 ω

383 2701 419 2748 3
465 2694 641 2749 verba
677 2692 1005 2763 corruptelis
1042 2691 1338 2761 inquinata
1371 2692 1529 2758 sunt3
1570 2688 1635 2747 ἐκ
1670 2693 1772 2748 τοῦ
1800 2687 2153 2761 Ἀντιγένους
2191 2685 2279 2747 ὅτι
2311 2687 2539 2762 Ἀντιγέ-

227 2792 334 2841 νης
363 2778 536 2841 ARV,
575 2773 674 2829 ubi
711 2768 798 2828 ὅτι
820 2791 931 2842 seq.
963 2774 1299 2843 glossemate
1328 2768 1484 2826 vocis
1509 2765 1851 2842 Ἀντιγένους
1879 2790 1999 2827 esse
2029 2775 2213 2828 ortum
2245 2774 2419 2842 patet,
2450 2766 2540 2828 ὅτι

227 2847 540 2925 ἄρτιγενὴς
577 2851 611 2924 ἡ
644 2850 802 2925 Ῥωμ.
843 2856 985 2910 διαλ.
1023 2851 1118 2907 vix
1153 2851 1525 2922 probabiliter
1561 2853 1804 2909 tentavit
1838 2854 2105 2919 Gai-§ford
2140 2847 2201 2906 κ’
2243 2848 2349 2908 οῦκ
2388 2851 2539 2909 οἰκο-

230 2930 414 3003 γενὴς
453 2936 594 2991 eoni.
627 2936 903 2991 Westerm.
943 2929 999 2988 κ’
1040 2928 1146 2987 οῦκ
1190 2928 1505 3001 αὐθιγενὴς
1547 2933 1755 2987 Planer
1793 2935 1850 2987 et
1884 2932 2102 2999 Rohde,
2149 2933 2299 3001 quod
2335 2932 2537 3002 recepi.

230 3011 396 3068 Duas
434 3014 900 3083 interpolationes
947 3006 1016 3067 ἐκ
1055 3013 1156 3067 τοῦ
1196 3006 1541 3080 αὖτογενοῦς
1588 3015 1647 3067 et
1693 3006 1782 3065 ὅτι
1818 3006 1948 3067 αὐτ.
1982 3028 2054 3065 ee.
2096 3006 2248 3065 ἐστίν
2284 3012 2541 3081 agnoseit

232 3091 444 3159 Daub,
483 3086 826 3162 αὐτογενοῦς
858 3094 916 3147 et
947 3092 1067 3161 ipse
1095 3091 1442 3147 conieceram
1550 3087 1586 3160 ἡ
1619 3086 1783 3162 Ῥωμ.
1810 3095 1951 3147 διαλ.
1982 3092 2323 3163 glossemate
2351 3094 2536 3147 ortum

384 3170 652 3228 DCCCXI
713 3178 743 3226 7
783 3164 818 3240 ἢ
855 3172 987 3241 post
1027 3176 1158 3241 Τυρ.
1197 3173 1327 3227 add.
1357 3177 1512 3225 AVB
1556 3175 1887 3242 Τυραννίων
1926 3171 2048 3243 μέν,
2085 3166 2408 3241 Μεσσήνιος
2444 3174 2539 3242 φί-

237 3253 518 3387 zzgffzb
619 3256 652 3305 8
691 3252 790 3305 καὶ
825 3248 966 3306 ἄλλα
1005 3268 1117 3321 seq.
1157 3253 1229 3306 ad
1255 3251 1690 3322 grammaticum
1727 3254 1914 3324 potius
1941 3251 2179 3308 reiciunt
2205 3252 2539 3326 Bernhardy

242 3348 272 3385 e
407 3348 443 3386 a
835 3349 837 3352 ·

389 3409 680 3465 DOCOXII
756 3416 822 3465 10
859 3409 1186 3481 διαιρέσεως
1220 3416 1266 3463 Δ
1302 3412 1434 3483 περὶ
1471 3416 1639 3483 διαιρ.
1677 3418 1828 3466 BVE
1866 3412 1963 3467 καὶ
2000 3412 2167 3482 διαιρ.
2205 3412 2305 3467 rel.
2510 3446 2513 3449 ·

387 3492 702 3548 DCOCXIII
740 3490 820 3546 Of.
851 3492 1063 3561 Bergk,
1100 3492 1255 3546 Poet.
1285 3493 1386 3563 lyr.
1417 3512 1471 3563 p.
1494 3500 1597 3547 393
1618 3510 1731 3561 seq.
1771 3493 2038 3547 Eiusdem
2065 3492 2245 3545 vitam
2273 3508 2308 3547 a
2335 3494 2536 3549 Proclo

241 3574 559 3629 enarratam
597 3573 843 3629 servavit
888 3574 1063 3629 schol.
1101 3572 1320 3629 Platon.
1360 3573 1436 3626 VI
1474 3592 1527 3643 p.
1558 3577 1689 3628 375:
1737 3568 1767 3628 ὁ
1813 3577 1977 3642 Τυρτ.
2028 3563 2194 3634 οὗτος
2236 3568 2532 3643 Ἀθηναῖος

243 3648 498 3723 ἐγένετο,
547 3649 773 3723 εὐτελὴς
807 3652 910 3723 τὴν
947 3650 1144 3723 τύχην·
1183 3648 1601 3722 γραμματιστὴς
1636 3648 1745 3722 γὰρ
1783 3643 1855 3721 ἦν
1902 3652 2000 3705 καὶ
2036 3649 2210 3721 χωλὸς
2255 3651 2319 3708 τὸ
2360 3655 2539 3724 σῶμα,

241 3729 782 3803 καταφρονούμενος
821 3729 882 3789 ἐν
917 3728 1194 3803 Ἀθήναις.
1268 3733 1470 3787 τοῦτον
1505 3734 1979 3801 Λακεδαιμονίοις
2022 3728 2255 3801 ἔχρησεν
2292 3728 2322 3786 ὁ
2356 3727 2541 3788 Ἀπόλ-

243 3816 358 3867 λων
395 3812 883 3884 μεταπέμψασθαι
917 3814 1022 3869 ete.
1183 3818 1250 3867 12
1289 3813 1368 3867 sie
1403 3817 1552 3865 BVE
1586 3806 1817 3885 Ἀρχιμβ.
1854 3814 1997 3882 vuly.
2168 3817 2233 3866 15
2272 3813 2371 3867 καὶ
2408 3815 2538 3868 ante

244 3888 424 3963 ταύτῃ
462 3897 612 3945 BVE
649 3894 780 3947 ante
817 3892 1202 3962 πολεμοῦντας
1237 3893 1336 3947 rel.
1473 3898 1539 3947 16
1576 3892 1660 3947 De
1696 3895 1882 3947 aetate
1921 3893 1990 3948 of.
2028 3911 2079 3948 v.
2122 3889 2389 3964 Δράκων,
2428 3896 2501 3949 al.

247 3977 312 4027 17
361 3975 650 4027 πολιτείαν
696 3990 862 4042 quam
909 3973 1008 4027 alii
1053 3968 1348 4043 Εὐνομίαν
1393 3972 1614 4040 dieunt,
1662 3971 1732 4028 al.
1770 3988 1883 4026 non
1928 3972 2207 4028 diversam
2248 3973 2419 4029 fuisse
2466 3977 2538 4030 ab

246 4047 571 4120 ὑποθήκαις
605 4052 829 4121 putavit
854 4052 1188 4125 Bernhardy
1225 4052 1322 4107 καὶ
1360 4050 1539 4109 ὑποθ.
1557 4054 2032 4122 Λακεδαιμονίοις
2068 4054 2355 4123 eleganter
2393 4054 2535 4109 coni.

208 4171 218 4182 .
247 4132 568 4188 Gutschmid
725 4138 788 4186 18
835 4129 915 4187 δι’
969 4128 1216 4203 ἐλεγείας
1260 4136 1332 4189 ad
1377 4133 1803 4204 inscriptionem
1850 4134 2158 4189 carminum
2202 4134 2425 4190 rettulit
2474 4136 2534 4189 Ο.

251 4214 478 4283 Man-er,
515 4214 624 4268 Lit.
665 4212 808 4267 Hist.
847 4212 900 4266 Ι8
933 4232 990 4283 p.
1024 4220 1125 4269 184

392 4292 709 4349 DCCCXIV
753 4294 956 4348 Totam
993 4293 1169 4349 vitam
1204 4310 1240 4347 a
1269 4295 1567 4350 Damasoio
1596 4296 1842 4365 pendere
1869 4294 1987 4350 veri
2017 4293 2197 4349 simile
2228 4297 2328 4350 est.
2386 4296 2538 4352 Non-

251 4374 406 4428 nulla
452 4373 801 4443 deprompsit
849 4374 1342 4447 Pseudo-Hesych.
1391 4392 1437 4431 e.
1478 4381 1565 4429 69.
1638 4375 1933 4432 Diversam
1987 4392 2103 4431 esse
2156 4374 2228 4431 ab
2274 4376 2539 4446 Hypatia,

2984 4562 2991 4600 s—
2986 4442 2991 4555 l——.
2986 4224 2991 4423 μ-ῌ-ᾼᾼ
2989 4212 2990 4215 Α
