3025 4892
599 221 728 283 144
1521 220 1887 275 HESYCHIU
1896 219 1952 275 S.

770 381 1061 446 DXLIII.
1136 386 1382 447 Μυῖα
1431 379 1855 467 Πυθαγόρου
1902 382 2025 447 τοῦ
2070 379 2363 464 μεγάλου
2406 380 2516 447 καὶ
2560 383 2858 461 Θεανοῦς,

593 481 836 563 Σαμία.

765 585 1060 653 DXLIV.
1124 590 1531 669 Μυρτίλος
1568 582 1925 670 Ἀθηναῖος
1961 581 2271 670 κωμικός,
2318 581 2468 662 υίὸς
2513 582 2631 669 μὲν
2666 580 2857 649 Λύσι-

596 694 742 775 δος,
811 686 1104 777 ἀδελφὸς
1160 691 1234 757 δὲ
1288 694 1411 758 τοῦ
1469 694 1766 778 κωμικοῦ
1814 687 2206 778 Ἑρμίππου.
2309 688 2609 776 δράματα
2660 686 2857 756 αὐτοῦ

539 817 564 855 5
602 797 1081 882 Τιτανόπανες,
1109 794 1411 885 ”Ερωτες.

765 906 1028 972 DXLV.
1111 903 1359 990 Μυρὼ
1406 908 1768 987 Βυζαντία,
1824 902 2132 989 ποιήτρια
2182 905 2359 971 ἐπι-ὄν
2414 902 2524 970 καὶ
2573 904 2858 989 ἐλεγείων

585 1011 696 1079 καὶ
734 1013 976 1097 μελῶν,
1003 1008 1296 1098 Ὁμήρου
1332 1014 1452 1077 τοῦ
1489 1013 1808 1096 τραγικοῦ
1843 1008 2081 1097 μήτηρ,
2118 1008 2291 1097 γυνὴ
2322 1009 2399 1078 δὲ
2420 1008 2859 1098 Ἀνδρομάχου

587 1127 710 1185 τοῦ
755 1118 1230 1203 ἐπικληθέντος
1281 1115 1680 1200 Φιλολόγου.
2339 1170 2348 1178 .

765 1225 1056 1291 DXLVI.
1150 1231 1238 1290 Μ
1244 1221 1418 1309 υρώ
1472 1208 1699 1291 Ῥοδία
1760 1222 2153 1312 φιλόσοφος.
2257 1228 2481 1311 χρείας
2537 1226 2859 1309 γυναικῶν

516 1351 567 1388 10
596 1334 966 1415 βασιλίδων
1013 1332 1123 1397 καὶ
1170 1329 1449 1417 μύθους.

765 1440 1094 1506 DXLVII.
1142 1439 1708 1524 Ναυσικράτης
1739 1436 2048 1524 κωμικός.
2114 1441 2250 1506 τῶν
2281 1437 2637 1526 δραμάτων
2666 1435 2860 1503 αὐτοῦ

591 1547 727 1641 ἐστι
776 1543 1205 1630 Ναύκληροι,
1255 1548 1521 1632 Περσίς.
1648 1596 1653 1601 -

763 1654 1123 1720 DXLVIII.
1208 1650 1583 1737 Νεάνθης
1635 1648 2008 1737 Κυζικηνὸς
2054 1649 2297 1738 ῥήτωρ,
2342 1648 2647 1737 μαθητὴς
2698 1653 2861 1717 Φιλί-

588 1778 761 1827 σκου
805 1764 927 1828 τοῦ
980 1763 1341 1846 Μιλησίου.

509 1882 558 1920 15
768 1868 1058 1936 DXLIX.
1132 1870 1487 1951 Νεοκλῆς
1519 1863 1879 1961 Ἀθηναῖος
1928 1864 2332 1952 φιλόσοφος,
2380 1863 2668 1949 ἀδελφὸς
2708 1861 2861 1929 Ἐπι-

584 1974 858 2062 κούρου.
903 1971 1069 2057 ὑπὲρ
1108 1976 1223 2060 τῆς
1261 1976 1436 2052 ι’δίας
1463 1974 1798 2059 αἱρέσεως.
1848 1970 1978 2056 [ὅτι
2008 1974 2386 2051 Νεοκλέους
2413 1972 2551 2040 ἐστὶ
2576 1970 2653 2040 τὸ
2686 1970 2863 2039 ‘avios

584 2082 915 2167 βιώσας’.]

676 2222 685 2229 ’
727 2223 953 2277 DXLuI
991 2240 1100 2277 om.
1134 2222 1406 2277 Westm.
1520 2228 1545 2275 1
1589 2222 1687 2276 καὶ
1722 2217 1860 2290 ἄλλη
1891 2224 2085 2293 Σαμία
2112 2222 2264 2278 Eud.
2302 2227 2468 2277 Μυῖα
2497 2219 2639 2291 γυνὴ
2675 2213 2743 2290 ἦν
2770 2221 2861 2275 τοῦ

576 2306 852 2365 .Μίλωνος
889 2298 1291 2372 Κροτωνιάτου
1329 2301 1527 2356 Iambl.
1568 2302 1666 2356 viii.
1706 2302 1871 2373 Pyth.
1903 2308 1950 2357 1.
2018 2302 2101 2357 Cf.
2140 2321 2191 2357 V.
2232 2299 2434 2357 Θεανὼ
2476 2304 2701 2372 Θρῆσσα
2976 2298 2978 2301 ⁴

727 2382 954 2439 DXLIV
1001 2383 1152 2437 Eud.
1191 2400 1247 2451 Ρ.
1286 2388 1406 2436 501.
1482 2381 1564 2435 Cf.
1603 2380 1861 2437 Meineke
1898 2381 1923 2434 I
1960 2401 2014 2452 p.
2050 2389 2151 2437 100
2330 2388 2365 2436 4
2403 2377 2557 2451 Ἑρμ.
2602 2382 2700 2436 τοῦ
2738 2403 2861 2452 κωμ.

583 2465 732 2520 Eud.
791 2462 872 2518 Cf.
902 2481 952 2518 V.
980 2457 1296 2533 ’Ἕρμιππος
1405 2469 1436 2517 5
1479 2467 1597 2518 Τιτ.
1629 2478 1766 2518 corr.
1800 2462 2051 2516 Meineke
2086 2459 2470 2524 τετανοπάνες
2496 2467 2550 2514 u
2577 2467 2694 2517 Ala.
2722 2462 2861 2516 Eud.

495 2606 508 2615 ‚
582 2545 954 2606 τιτανοπᾶνες
990 2544 1089 2598 rel.
1124 2533 1537 2604 Τιτανόπαιδές
1571 2558 1638 2595 ex
1668 2543 1863 2609 Aspas.
1896 2540 1968 2595 ad
1998 2543 2091 2595 Ar.
2123 2540 2250 2597 Eth.
2282 2540 2403 2597 Nic.
2436 2542 2512 2596 IV
2541 2560 2587 2596 c.
2619 2549 2651 2596 2
2684 2542 2863 2597 Meur-

580 2626 710 2679 είιιε.
779 2623 859 2677 De
897 2624 1132 2677 accentu
1171 2621 1427 2677 consulas
1466 2622 1895 2691 grammaticum
1937 2622 2089 2692 apud
2121 2622 2358 2677 Bekker.
2389 2622 2596 2695 Anecd.
2635 2641 2689 2693 p.
2722 2628 2862 2676 1198.

584 2703 827 2758 Lobeck.
868 2702 1110 2772 Paralip.
1151 2721 1204 2772 p.
1239 2708 1341 2757 190

726 2781 927 2837 DXLV
965 2783 1116 2839 Eud.
1146 2802 1200 2853 p.
1231 2789 1350 2838 501.
1418 2782 1495 2837 Cf.
1529 2782 1793 2851 Diintzer,
1834 2780 1930 2851 Ep.
1960 2783 2110 2838 fr.11
2145 2802 2200 2853 p.
2232 2790 2264 2837 6
2378 2791 2406 2838 '1
2444 2780 2705 2852 θυγάτηρ
2730 2784 2862 2851 vuly.

582 2863 734 2918 Eud.
773 2859 952 2933 μήτηρ
993 2879 1130 2919 corr.
1170 2863 1282 2917 Leo
1308 2862 1556 2918 Allatius
1592 2863 1719 2919 coll.
1758 2884 1809 2919 v.
1834 2858 2078 2934 Ὅμηρος
2220 2863 2285 2919 δὲ
2325 2864 2451 2920 add
2483 2868 2585 2917 Av

723 2942 950 2997 DXLVI
987 2944 1139 2999 Eud.
1178 2962 1232 3013 p.
1263 2949 1368 2997 495
1479 2950 1510 2997 9
1552 2941 1765 3013 ἔγραψε
1804 2966 1885 3015 χρ.
1918 2945 2089 3014 Eud„
2128 2961 2270 3012 quae
2308 2963 2348 2999 s.
2379 2945 2471 3000 fin.
2502 2944 2631 2998 add..
2669 2940 2898 3021 νόμουςκ
2970 3012 2972 3017 1

582 3025 767 3095 μαιῶν
802 3024 901 3078 καὶ
936 3020 1213 3093 διαταγὰς
1251 3018 1465 3092 αὐτῶν,
1513 3019 1789 3087 ἕπαοιδάς
1834 3045 1892 3080 τε
1944 3024 2043 3079 καὶ
2090 3022 2306 3092 ἰατρίας
2353 3020 2714 3086 ἕντεινούσας
2752 3030 2865 3085 ταῖς

580 3109 761 3175 λεχοῖς
808 3103 903 3159 καὶ
951 3104 1233 3175 μητρικῶν
1280 3100 1541 3172 στρόφων
1586 3106 1927 3173 θεραπειᾛας
1980 3122 2120 3173 quae
2170 3122 2510 3173 quamquam
2564 3104 2756 3159 eodem
2805 3104 2865 3156 de

580 3186 734 3239 fonte
772 3200 1028 3237 manasse
1069 3184 1287 3237 censuit
1320 3183 1677 3255 Bernhardy,
1725 3187 1914 3240 tamen
1962 3202 2075 3239 non
2113 3184 2187 3238 ad
2233 3184 2632 3253 philosophum
2670 3185 2764 3238 sed
2804 3182 2863 3237 ad
2968 3250 2970 3253 .

581 3264 855 3318 medicum
897 3262 1158 3317 videniur
1185 3263 1404 3332 referri.
1464 3264 1546 3318 cf.
1585 3264 1803 3321 Unters.
1843 3284 1895 3335 p.
1934 3272 2030 3333 40,
2077 3264 2254 3320 Pulch
2290 3284 2343 3335 p.
2376 3272 2459 3321 86.
2526 3264 2865 3333 Quapropter

579 3362 783 3399 nomen
821 3345 1050 3399 alkerius
1089 3344 1328 3399 auctoris
1365 3347 1496 3399 ante
1535 3344 1675 3398 haec
1718 3347 1893 3400 verba
1936 3346 1995 3400 in
2032 3344 2301 3414 Hesychii
2336 3346 2741 3413 exemplaribus
2780 3362 2860 3399 ex-

581 3424 779 3480 cidisse
817 3425 1091 3494 suspicor‚
1138 3425 1376 3479 fortasse
1414 3420 1659 3493 Μύρων,
1707 3443 1832 3479 cum
1870 3426 2168 3493 insequens
2208 3424 2410 3479 Suidae
2452 3426 2644 3493 glossa
2680 3424 2863 3479 offerat
2966 3478 2968 3489 ,

583 3499 818 3571 Μύρων.
858 3502 1153 3574 Μύρωνος.
1172 3506 1180 3515 “
1226 3505 1532 3560 Obstetrici
1570 3504 1793 3558 cuidam
1813 3503 2153 3575 cognomini
2189 3504 2439 3559 vindicat
2470 3504 2791 3559 Gutschmid

724 3585 980 3639 DXLVII
1017 3587 1166 3643 Eud.
1196 3605 1251 3665 p.
1283 3593 1402 3641 511.
1443 3585 1524 3639 Cf.
1553 3583 1811 3639 Meineke
1842 3585 1865 3636 I
1894 3602 1948 3652 p.
1976 3590 2082 3637 494
2102 3601 2216 3652 seq.
2328 3589 2393 3636 12
2434 3585 2642 3651 Περσίς
2668 3585 2863 3637 rectius

577 3667 722 3735 ναῖς.
755 3667 926 3734 Eud„
964 3667 1230 3722 laudatur
1257 3665 1430 3720 etiam
1458 3666 1660 3719 Athen.
1692 3661 1769 3715 IX
1797 3682 1848 3731 p.
1880 3668 1983 3717 399
2023 3664 2118 3717 ubi
2148 3658 2548 3750 Ναυσικράτης
2580 3680 2683 3732 pro
2711 3666 2862 3716 Ναν-

579 3742 789 3814 κράτης
828 3764 966 3803 coi-,r
997 3747 1252 3812 Gratim,
1292 3743 1531 3813 Πέρσις,
1563 3747 1626 3799 ut
1664 3744 1903 3808 videtur,
1942 3744 2012 3798 al.

721 3824 1004 3881 DXLVlII
1042 3826 1191 3880 Eud.
1231 3844 1284 3895 p.
1317 3830 1421 3879 510
1570 3831 1637 3878 14
1679 3825 1965 3891 Μελησίου
2005 3827 2049 3874 Δ
2087 3840 2129 3878 s.
2172 3824 2260 3877 fin.
2298 3822 2423 3876 add.
2464 3823 2617 3878 Eud.
2659 3821 2862 3892 ἔγραψε

576 3904 706 3975 περὶ
744 3906 1079 3973 κακοζηλίας
1115 3902 1412 3973 ρητορικῆς
1449 3903 1548 3958 καὶ
1584 3900 1785 3971 λόγους
1812 3899 2053 3965 πολλους
2081 3899 2527 3972 πανηγυρικούς,
2564 3903 2635 3957 de
2674 3904 2865 3971 quibus

577 3984 696 4039 dixi
732 3986 953 4041 Unters.
992 4004 1046 4055 p.
1087 3992 1171 4039 41.
1248 3985 1402 4050 Quae
1441 4001 1508 4038 ex
1553 3984 1803 4052 pleniore
1842 3985 2047 4039 Suidae
2096 3983 2401 4052 exemplari
2456 4000 2715 4038 manasse
2760 4002 2866 4038 non

576 4065 841 4133 probavit
873 4066 1070 4133 Daub,
1106 4064 1234 4133 περὶ
1272 4068 1463 4131 κακοζ.
1495 4062 1613 4143 ᾆητ.
1654 4083 1721 4119 ex
1757 4066 1947 4133 glossa
1976 4065 2232 4120 Callinici
2262 4064 2619 4130 translatum,
2657 4064 2865 4133 reliqua

575 4143 786 4199 ficticia
824 4161 945 4198 esse
983 4144 1290 4199 hariolatus
1330 4146 1418 4199 est
1453 4145 1629 4199 Pulch
1664 4162 1717 4213 p.
1749 4152 1817 4200 86
2960 4214 2962 4219 .

721 4224 948 4277 DXLIX
989 4224 1138 4279 Eud.
1168 4243 1222 4294 p.
1253 4228 1356 4277 508
1470 4230 1537 4277 16
1569 4220 1784 4292 ἔγραψε
1815 4225 1945 4294 περὶ
1973 4226 2125 4280 Eud.
2167 4222 2416 4294 ἔγραψεν
2443 4220 2588 4294 ὑπὲρ
2617 4226 2864 4295 plerique

577 4302 739 4357 Suid.
771 4303 928 4357 codd.
961 4302 1173 4372 ἔγραψε
1205 4322 1313 4360 om.
1345 4308 1446 4357 Av
1558 4297 1644 4358 ὅτι
1674 4309 1773 4358 Av
1830 4304 1927 4359 καὶ
1960 4308 2101 4375 vuly.
2134 4306 2285 4359 Eud.
2361 4300 2446 4360 ὅτι
2484 4322 2600 4373 seq.
2638 4307 2867 4361 fortasse

579 4382 776 4438 lectori
811 4384 1099 4452 debentur,
1140 4385 1406 4454 expunxit
1446 4384 1719 4438 Westerm.
1790 4385 1870 4441 Cf.
1911 4386 2048 4439 Mus,
2088 4385 2261 4440 Rhen.
2304 4385 2508 4439 XXXV
2544 4404 2598 4454 p.
2631 4392 2737 4441 218
