3025 4892
1073 250 1500 308 HESYchs.
1950 238 1961 249 ’
2344 250 2429 315 83

171 412 398 496 πρῶτος
446 402 604 497 ἦρξε
657 414 782 478 τοῦ
833 409 992 495 παρ’
1054 410 1282 493 αὐτοῖς
1333 412 1859 500 πολιτευομένου
1909 410 2240 499 ὀνόματος
2292 415 2429 479 τῶν

169 514 414 601 Μάγων.
517 518 779 603 ἐγένετο
842 518 916 586 δὲ
975 518 1106 607 πρὸ
1166 524 1302 588 τῶν
1369 522 1689 604 Τρωικῶν
1744 524 1913 587 ἔτεσι
1960 518 2059 606 φ’.
2158 519 2429 606 φέρεται

166 621 226 689 δὲ
280 620 479 691 αὐτοῦ
543 622 694 707 περὶ
758 623 1024 711 φύσεως
1086 631 1315 713 βιβλία
1384 628 1474 713 δ’,
1543 626 1691 710 περὶ
1756 630 1975 694 λίθων
2030 631 2267 713 τιμίων
2333 627 2430 709 ἓν,

166 727 693 818 ἀστεροσκοπικά,
739 728 1303 819 ἆποτελεσματικᾶ
1350 737 1579 820 βιβλία
1626 732 1702 801 ε’.

315 847 650 915 CCCXIII.
744 846 1420 935 Ζωρομάσὸρης
1477 852 1814 929 Χαλδαῖος
1877 848 2106 936 σοφός.
2182 852 2483 935 ἔγραψε-ο

168 950 566 1040 μαθηματικὰ
613 953 724 1021 καὶ
772 952 1042 1040 φυσικά.

312 1070 650 1139 CCCXIV.
708 1069 1075 1157 Ζώσιμος
1107 1066 1580 1159 Ἀλεξανδρεὺς
1607 1069 1998 1157 φιλόσοφος.
2055 1068 2432 1158 Χημευτικὰ

163 1173 300 1263 πρὸς
363 1182 732 1264 Θεοσεβίαν
796 1174 919 1265 τὴν
985 1175 1286 1264 ἀδελφήν
1355 1178 1522 1267 (ἔστι
1589 1176 1663 1245 δὲ
1726 1175 1891 1247 κατὰ
1957 1192 2287 1265 στοιχεῖον
2358 1180 2430 1247 ἐν

163 1288 418 1369 βιβλίοις
473 1286 598 1371 κη’,
655 1282 1086 1373 ἐπιγράφεται
1147 1283 1221 1352 δὲ
1266 1280 1398 1353 ὑπό
1445 1310 1654 1353 τινων
1702 1283 2180 1373 Χειρόκμητα),
2234 1283 2345 1351 καὶ
2394 1280 2429 1351 6

164 1388 504 1469 Πλάτωνος
539 1396 704 1477 βίος.
2458 1424 2509 1461 ιο

313 1507 616 1576 CCCXV.
691 1507 1054 1596 Ζω’σιμος
1100 1514 1378 1591 Γαζαῖος
1431 1502 1474 1596 ἢ
1518 1504 2027 1595 Ἀσκαλωνίτης,
2085 1507 2428 1595 σοφιστής,

48 1710 50 1713 γ
161 1610 306 1680 κατὰ
349 1611 507 1692 τοὺς
551 1612 842 1701 χρόνους
883 1611 1321 1683 Ἀναστασίου
1356 1618 1478 1683 τοῦ
1525 1617 1867 1701 βασιλέως.
1958 1618 2205 1703 ἔγραψε
2252 1616 2430 1695 λέξιν

165 1720 502 1809 ῥητορικὴν
538 1718 703 1791 κατὰ
742 1736 1071 1809 στοιχεῖον
1109 1722 1219 1790 καὶ
1265 1718 1628 1810 ὑπόμνημα
1682 1727 1776 1803 εἰς
1811 1718 1933 1792 τὸν
1972 1722 2430 1809 Δημοσθένην

161 1826 256 1893 καὶ
299 1832 390 1909 εἰς
436 1833 718 1897 Λυσίαν.
970 1824 976 1829 ”

319 1944 652 2012 CCCXVI.
706 1942 1066 2033 Ἡγήμων
1113 1940 1148 2011 6
1189 1943 1454 2033 Θάσιος,
1501 1941 1538 2013 6
1590 1946 1973 2033 ἐπικληθεὶς
2014 1948 2221 2032 Φακῆ.
2292 1947 2428 2012 τῶν
2462 1967 2513 2007 15

161 2049 492 2135 δραμάτων
552 2048 764 2119 αὐτοῦ
819 2051 955 2118 ἐστι
1007 2055 1326 2135 Φίλιννα,
1381 2046 1471 2129 ὡς
1525 2048 1887 2137 Ἀθήναιος
1941 2053 2014 2119 ἐν
2064 2060 2431 2120 Δειπνοσο-

48 2184 50 2187 ’
160 2170 422 2238 φισταῐς.

319 2264 686 2333 CCCXVII.
759 2260 1328 2351 Ἡγήσιππος.
1435 2256 1663 2349 [οὗτός
1728 2265 1909 2333 ἐστιν
1968 2262 2003 2333 6
2064 2265 2434 2354 Κρωβύλος

160 2369 686 2460 ἐπικαλούμενος,
747 2362 830 2439 οὗ
888 2374 1075 2439 δοκεῖ
1123 2391 1300 2438 τισιν
1349 2367 1523 2439 εἶναι
1571 2369 1607 2439 6
1658 2370 1713 2453 ζ’
1760 2372 2157 2453 Φιλιππικὸς
2205 2381 2432 2459 Δημο-

161 2478 429 2558 σθένους
479 2478 1036 2566 ἑπιγραφόμενος]
1085 2482 1221 2547 τῶν
1271 2477 1633 2567 δραμάτων
1681 2475 1891 2548 αὐτοῦ
1939 2482 2077 2547 ἐστι
2129 2480 2429 2547 Φιλέται-
2458 2520 2511 2560 20

153 2608 286 2669 ρος,
331 2581 420 2665 ὥς
459 2583 836 2674 Ἀθήναιος.

315 2693 717 2762 CCCXVIII.
786 2690 1206 2780 Ἡνίοχος
1250 2689 1643 2781 Ἀθηναῖος,
1709 2694 1999 2783 κωμικὸς
2061 2699 2178 2784 τῆς
2231 2695 2435 2782 μέσης

149 2804 504 2889 κωμῳδίας.
597 2805 732 2868 ἔστι
780 2804 918 2868 τῶν
966 2798 1325 2887 δραμάτων
1374 2799 1583 2870 αὐτοῦ
1629 2802 1813 2872 τάδε·
1868 2808 2217 2892 Τροχίλος,
2260 2799 2433 2870 Ἐπί-

163 2996 314 3069 νομίᾳ
351 2996 503 3053 Eud.
558 2989 623 3061 ὃς
670 2997 767 3052 καὶ
806 3028 872 3038 -
911 2994 1058 3052 ἔτεσι
1113 2992 1184 3063 φ’
1230 3013 1337 3051 om.
1377 2996 1530 3053 Eud.
1584 3016 1823 3069 pergens
1870 2996 2084 3070 ἔγραψε
2132 2998 2265 3068 περὶ
2302 3016 2433 3067 φυσ.

48 3120 50 3123 ,
165 3090 208 3125 κ.
239 3094 283 3131 τ.
315 3079 378 3143 L,
417 3072 476 3147 φ’
517 3077 782 3133 vitiosum
822 3094 942 3131 esse
981 3076 1252 3147 probatur
1287 3075 1453 3147 Diog.
1492 3080 1543 3147 I,
1578 3084 1610 3133 2

285 3166 544 3221 CCCXIII
581 3168 732 3223 Eud.
761 3186 818 3238 p.
847 3174 977 3235 325,
1015 3183 1158 3236 quae
1195 3167 1372 3221 verba
1407 3170 1549 3237 μαθ.
1590 3170 1648 3222 et
1669 3186 1814 3240 yvo.
1852 3168 2085 3225 invertit
2193 3174 2226 3223 5
2256 3171 2435 3237 Ζωρο-

168 3240 330 3314 μάδης
363 3252 456 3300 ΒΕ
497 3244 869 3320 Ζωροβάσδης
904 3254 948 3301 Ἴ

288 3334 545 3391 CCCXIV
581 3336 732 3391 Eud.
770 3353 824 3405 p.
865 3342 968 3391 325
1079 3343 1112 3392 8
1154 3332 1376 3407 ἔγραψε
1407 3331 1716 3407 χυμευτικά
1755 3332 2258 3407 Εαᾶ.ῗχυμευτικά
2290 3336 2436 3405 vulg.

163 3412 460 3482 κειμευτικά
490 3421 585 3469 ΑΒ
625 3417 918 3485 sequentia
944 3433 1054 3471 om.
1082 3422 1126 3469 V
1236 3423 1268 3471 9
1307 3412 1705 3488 ὑπογράφεται
1731 3422 1831 3471 BE
1854 3418 2005 3473 Eud.
2083 3412 2113 3471 ὁ
2146 3433 2253 3471 om.
2282 3415 2435 3469 Eud.

286 3496 517 3552 CCCXV
555 3496 704 3553 Eud.
743 3513 798 3565 p.
838 3502 940 3551 322
1109 3502 1176 3552 12
1213 3496 1366 3552 idem
1403 3496 1649 3567 lexicon,
1698 3499 1850 3566 quod
1896 3497 2066 3553 etiam
2106 3495 2305 3551 Suidas
2343 3495 2437 3549 ad-

167 3568 388 3632 hibuisse
423 3578 668 3633 traditur

287 3664 543 3721 CCCXVI
581 3664 666 3719 De
695 3666 812 3721 vita
840 3665 908 3721 cf.
938 3665 1118 3735 Danh,
1148 3666 1216 3721 de
1247 3666 1398 3721 Suid.
1428 3685 1482 3737 p.
1513 3672 1635 3722 484.
1676 3667 1908 3723 Tractat
1925 3664 2179 3721 Meineke
2203 3667 2227 3719 I
2255 3681 2309 3733 p.
2331 3670 2437 3718 214

167 3741 222 3791 16
256 3741 576 3815 δραμόντων
611 3750 658 3797 Ἴ
705 3746 998 3815 sequentia.
1032 3748 1205 3802 verba
1243 3745 1448 3801 Suidae
1485 3746 1617 3801 libri
1664 3751 1795 3817 post
1838 3748 2225 3816 insequentem
2260 3744 2437 3799 vitam

165 3819 429 3880 exhibent:
463 3827 704 3882 fortasse
743 3842 882 3881 corr.
925 3827 1144 3895 Φιλίνηε
1183 3826 1251 3881 cf.
1290 3828 1494 3883 Athen.
1533 3826 1636 3881 XV
1672 3846 1725 3897 p.
1763 3834 1895 3897 699,
1936 3830 2163 3881 Φίλλινα
2199 3832 2242 3878 Ε

291 3912 568 3972 CCCXVII
623 3916 894 3985 Hesychii
937 3915 1113 3971 vitam
1169 3918 1373 3986 poetae
1425 3915 1627 3971 comici
1677 3915 2031 3984 inquinatam
2082 3932 2203 3971 esse
2256 3915 2439 3969 altera.

165 3984 269 4043 vita
301 3994 557 4064 rhetoris,
597 4013 741 4065 quae
781 3997 935 4052 extet
971 3996 1122 4066 apud
1159 3995 1665 4067 Harpocrationem
1702 3997 1795 4066 (cf.
1823 3997 1987 4052 Phot.
2016 3996 2122 4051 lez.
2164 3999 2223 4051 et
2248 3995 2434 4063 Etym.

167 4063 276 4137 M.)‚
308 4071 416 4128 iam
449 4076 594 4131 vidit
628 4076 1091 4147 Ruhnken.‚hist.
1131 4076 1253 4131 erit.
1293 4094 1370 4133 or.
1411 4096 1465 4147 p.
1494 4075 1749 4131 LXXIX:
1789 4076 1859 4133 ef.
1888 4075 2145 4131 Meineke
2184 4075 2210 4127 I
2246 4093 2301 4144 p.
2332 4079 2437 4128 475

170 4159 269 4212 seq.
305 4155 360 4205 et
395 4172 532 4222 quae
573 4154 690 4209 dixi
724 4154 865 4210 Mus.
904 4156 1080 4210 R-hen.
1129 4158 1167 4214 l.
1207 4175 1252 4213 ο.
1291 4175 1346 4227 p.
1388 4163 1490 4212 211
1686 4161 1755 4210 18
1793 4151 1823 4209 ὁ
1864 4150 2151 4225 ἄρῶβυλος
2177 4159 2224 4206 V

175 4226 229 4275 19
263 4226 460 4287 Iniuria
493 4235 668 4289 verba
703 4236 816 4289 τῶν
845 4238 1074 4291 -—·exit.
1115 4238 1344 4292 seclusit
1382 4236 1655 4292 Westerm.
1767 4240 1834 4289 21
1864 4235 2068 4289 Athen.
2098 4233 2202 4289 VII
2227 4252 2283 4305 p.
2314 4240 2436 4290 279.

177 4303 475 4381 Φιλαίτερος
510 4320 565 4367 1
592 4320 712 4371 Am.
732 4321 776 4368 V

297 4388 603 4450 CCCXVIII
642 4396 720 4451 cf.
751 4415 801 4452 v.
825 4394 1200 4459 Πολύευκτος.
1240 4400 1323 4454 De
1353 4414 1420 4453 eo
1450 4394 1767 4467 disputavit
1792 4393 2049 4451 Meineke
2077 4397 2103 4452 I
2130 4414 2185 4465 p.
2204 4401 2309 4451 422
2325 4412 2437 4463 seq.

1940 4488 2013 4539 6*
