3025 4892
520 211 608 275 32
1455 210 1882 268 HESYCHIUS.

701 371 966 440 CXXII.
1027 369 1454 458 ’Ἀρχιππος
1501 369 1891 458 Ἀθηναῖος,
1948 367 2238 458 κωμικὸς
2289 365 2581 457 ἀρχαῖος.
2688 372 2829 439 ἐνί-

513 497 718 565 κησεν
764 474 936 559 ἅπαξ
984 478 1088 545 ἐπὶ
1133 481 1250 565 τῆς
1287 477 1396 558 (ια’
1444 476 1877 566 ὀλυμπιάδος.

697 583 1052 654 ΟΧΧΧΙΠ.
1104 580 1475 672 Ἀρχύτας
1519 591 1953 672 Ταραντῖνος,
1979 582 2319 654 Ἑστιαίου
2353 585 2501 665 υίὸς
2536 579 2581 672 ἢ
2618 592 2829 671 Μνη·

515 690 771 778 σάρχου
825 686 868 777 ἢ
917 690 1370 777 Μνασαγέτου
1413 687 1457 778 ἢ
1504 691 2005 778 Μνασαγόρου,
2062 691 2439 778 φιλόσοφος
2482 699 2827 776 Πυθαγο-

461 827 488 867 5
515 798 717 886 ρικός.
791 789 988 878 οὗτος
1024 796 1360 867 Πλάτωνα
1409 804 1616 868 ἔσωσε
1658 797 1756 887 μὴ
1794 801 2223 885 φονευθῆναι
2258 795 2390 868 ὑπὸ
2432 801 2829 868 Δίονυσίου

514 911 635 975 τοῦ
665 903 1028 993 τυράννου.
1082 909 1205 974 τοῦ
1231 909 1468 976 κοινοῦ
1499 904 1574 974 δὲ
1600 909 1741 975 των
1760 903 2155 974 Ἰταλιωτῶν
2182 906 2491 993 προέστη,
2532 924 2827 990 στρατη-

514 1011 631 1100 γὸς
696 1011 992 1101 αἱρεθεὶς
1055 1010 1483 1099 αὐτοκράτωρ
1548 1008 1681 1080 ὑπὸ
1746 1014 1884 1080 τῶν
1942 1015 2235 1081 πολιτῶν
2289 1012 2403 1080 καὶ
2460 1015 2595 1080 τῶν
2656 1011 2826 1096 περὶ

515 1121 774 1188 ἐκεῖνον
839 1117 961 1187 τὸν
1025 1117 1235 1190 τόπον
1287 1115 1649 1205 Ἑλλήνων.
1748 1115 1885 1206 ἅμα
1942 1117 2017 1186 δὲ
2068 1117 2181 1186 καὶ
2237 1123 2649 1204 φιλοσοφίαν
2709 1120 2827 1185 ἐκ-

513 1224 856 1294 παιδεύων
921 1225 1230 1312 μαθητάς
1286 1222 1345 1292 τ’
1407 1225 1727 1306 ἐνδόξους
1781 1230 1929 1313 ἔσχε
1982 1225 2093 1294 καὶ
2150 1230 2378 1311 βιβλία
2432 1225 2827 1310 συνέγραψε

436 1363 488 1400 ιο
513 1331 746 1401 πολλά.
821 1336 1088 1416 [τοῦτον
1127 1335 1436 1418 φανερῶς
1463 1332 1785 1417 γενέσθαι
1824 1330 2235 1400 διδάσκαλον
2270 1329 2823 1419 Ἐμπεδοκλέους.

513 1439 625 1508 καὶ
697 1443 1018 1526 παροιμία
1079 1436 1424 1525 “Ἀρχύτου
1491 1435 1845 1525 πλαταγή’,
1918 1435 2021 1506 ὅτι
2083 1435 2399 1525 Ἀρχύτας
2460 1438 2821 1526 πλαταγὴν

513 1538 733 1633 εὗρεν,
762 1543 908 1632 ἥτις
934 1545 1114 1613 ἐστὶν
1141 1541 1322 1624 εἶδος
1351 1540 1653 1632 ὀργάνου
1681 1535 1850 1630 ἦχον
1876 1545 1988 1612 καὶ
2016 1545 2253 1630 ψόφον
2272 1542 2814 1629 άποτελοῦντος.]

692 1654 982 1720 CXXIV.
1032 1647 1381 1728 Ἀσίνιος
1419 1654 1713 1717 Πωλίων
1738 1646 2076 1737 Ῥωμαῖος.
2133 1653 2428 1739 ἱστορίας
2442 1649 2826 1738 Ῥωμαϊκὰς

512 1762 868 1841 συνέταξεν
917 1758 990 1826 ἐν
1037 1760 1324 1843 βιβλίοις
1369 1753 1472 1837 ιζ’.
1550 1745 1747 1836 οὗτος
1792 1759 2054 1843 πρῶτος
2099 1757 2453 1845 ἑλληνικὴν
2502 1761 2821 1845 ιστορίαν

459 1896 484 1936 5
515 1868 864 1954 ρωμαϊκως
909 1861 1395 1952 συνεγράψατο.

691 1972 951 2041 CXXV.
1010 1966 1581 2056 Ἀσκληπιάδης
1629 1973 1962 2056 Διοτίμου
2008 1970 2416 2060 Μυρλεανὸς
2460 1971 2681 2062 (πόλις
2732 1975 2823 2042 δέ

511 2200 679 2253 hosce
716 2211 1001 2265 nunquam
1039 2190 1292 2248 extitisse
1331 2187 1635 2254 somniavit
1674 2190 1854 2248 Pulch
1886 2209 1942 2262 Ρ.
1972 2199 2041 2249 82
2160 2199 2227 2250 26
2264 2194 2549 2266 μηχανικὰ
2586 2199 2817 2256 mathe—

511 2276 706 2332 matici
749 2292 868 2331 esse
905 2276 1099 2330 monet
1134 2272 1457 2327 Gutschmid

653 2355 854 2413 CXXII
890 2355 1040 2410 Eud
1079 2372 1134 2446 p.
1168 2357 1287 2407 117.
1361 2349 1595 2405 Tractat
1628 2349 1887 2407 Meineke
1924 2353 1950 2406 I
1985 2371 2041 2424 p.
2072 2359 2176 2410 205
2317 2361 2343 2409 1
2388 2353 2649 2426 ἐνίκησεν
2687 2374 2814 2426 seq.

509 2455 618 2494 om.
657 2437 838 2503 Επεὶ·
875 2435 1050 2490 vitam
1088 2430 1390 2487 inseruisse
1426 2429 1486 2484 in
1524 2429 1837 2486 Violarium
1883 2431 2303 2504 interpolatoris
2350 2454 2577 2492 manum
2614 2437 2821 2493 docuit

521 2518 856 2578 Volkmann,
897 2515 1122 2580 Quaest.
1161 2530 1287 2567 nov.
1325 2529 1382 2581 p.
1413 2511 1491 2566 VI

655 2596 880 2652 CXXIII
917 2594 998 2650 Cf.
1039 2594 1231 2663 Steph.
1269 2594 1401 2661 Byz.
1436 2610 1490 2648 v.
1534 2588 1749 2661 Τάραςς
1796 2592 1960 2664 Diog.
1991 2594 2148 2663 VIII,
2189 2601 2255 2650 79
2421 2603 2455 2652 3
2491 2591 2527 2668 ἢ
2566 2600 2816 2654 Μνασα-

509 2679 677 2749 γε’του
716 2696 782 2733 ex
819 2681 1022 2731 ABVE
1060 2673 1187 2729 add.
1229 2673 1547 2740 Gai-asor&
1615 2679 1648 2728 8
1690 2669 1924 2730 ἐκείνων
1961 2677 2061 2731 sed
2097 2694 2130 2731 o
2169 2693 2442 2746 suprascr.
2481 2683 2527 2731 A
2634 2683 2668 2731 9
2706 2678 2817 2733 καὶ

509 2762 640 2814 ante
670 2760 808 2832 βιβλ.
841 2773 946 2812 om.
976 2760 1038 2808 A.
1083 2752 1163 2808 Cf.
1193 2753 1335 2808 Mun.
1363 2753 1542 2808 Rhen.
1572 2753 1779 2809 XXXV
1805 2773 1863 2825 p.
1892 2761 1997 2811 205
2110 2763 2177 2811 10
2203 2758 2403 2812 τοῦτον
2429 2789 2503 2798 —
2530 2758 2662 2814 exit.
2692 2775 2817 2812 non

509 2838 579 2894 ab
608 2838 888 2907 Hesychio
925 2837 1180 2906 profecta
1217 2835 1370 2900 sunt3
1410 2835 1657 2890 ceterum
1696 2837 1960 2905 φανερῶς
1990 2837 2319 2892 mendosum
2358 2854 2481 2894 esse
2517 2840 2817 2908 perspexit

507 2919 864 2989 Bernhardy,
905 2917 1000 2972 sed
1029 2915 1180 2986 quod
1205 2913 1500 2986 proposuit
1528 2915 1667 2986 φησὶ
1698 2918 1912 2980 Φανίας
1948 2913 1979 2972 ὁ
2013 2911 2264 2986 Ἐρέσιος
2299 2917 2392 2972 vix
2423 2917 2558 2972 ferri
2584 2920 2809 2988 potest3

507 2995 715 3053 τοῦτόν
753 3016 894 3067 φασι
931 3017 1066 3066 φαν.
1095 2996 1266 3050 Daub
1303 2995 1504 3050 τοῦτον
1544 2992 1799 3065 φανερὸν
1836 2994 2162 3052 Gutschmid
2343 3002 2406 3051 11
2448 2997 2517 3052 de
2556 2997 2805 3068 crepita-

509 3080 636 3135 culo
672 3080 837 3134 Arch.
869 3069 947 3132 cf.
986 3076 1153 3132 Arist
1193 3075 1311 3130 Pol.
1341 3074 1498 3140 VIII,
1536 3081 1569 3131 6
1717 3081 1783 3130 12
1821 3078 1886 3132 εἴ
1910 3097 1994 3140 τις
2030 3082 2076 3130 A
2112 3069 2148 3146 ἢ
2186 3076 2470 3147 vu19.uoe2
2506 3081 2611 3131 AV

650 3157 874 3214 CXXIV
904 3156 984 3213 Cf.
1007 3156 1207 3211 Suidas
1227 3174 1277 3211 v.
1301 3157 1555 3210 Πωλίων.
1574 3155 1726 3212 Eud.
1746 3176 1802 3227 p.
1814 3163 1945 3226 5923
1978 3159 2245 3226 Thouret,
2267 3158 2335 3212 de
2356 3156 2467 3212 Cic.
2487 3157 2639 3212 Asin.
2657 3158 2806 3213 Poll.

509 3243 614 3296 etc.
645 3237 817 3310 (Lips.
851 3238 1024 3306 1878)
1064 3235 1144 3290 cf.
1175 3251 1320 3304 quae
1357 3235 1426 3288 de
1455 3233 1802 3292 Pollionibus
1839 3236 1957 3292 dixi
1985 3235 2126 3292 Mus.
2154 3200 2329 3295 Rh’en.
2360 3237 2595 3293 XXXVI
2622 3257 2677 3309 Ρ.
2698 3246 2808 3294 316

508 3337 620 3388 seq.
711 3325 776 3374 13
801 3313 1161 3380 ἈσσίννιοςΔ
1195 3311 1452 3378 Ἀσίννιος
1479 3317 1783 3386 vwly.14
1812 3307 2064 3380 οὖτος-
2086 3317 2215 3373 exit.
2247 3333 2314 3372 ex
2344 3317 2599 3373 uberiore
2629 3335 2801 3389 expo-

508 3401 708 3455 sitione
738 3397 1042 3470 compilata
1069 3399 1127 3452 et
1150 3397 1218 3451 de
1243 3395 1511 3466 Pompeio
1542 3397 1723 3468 Trogo
1752 3396 2137 3468 intellegenda
2164 3413 2284 3452 esse
2316 3397 2454 3452 coni.
2478 3397 2807 3454 Θαιεοὴηιιᾱ

650 3478 849 3535 CXXV
885 3478 1036 3533 Eud.
1075 3495 1130 3546 Ρ.
1164 3482 1290 3543 109,
1330 3494 1474 3545 quae
1510 3494 1621 3533 om.
1658 3478 1757 3532 καὶ
1786 3473 2081 3548 Εὐμενοῦς
2119 3509 2187 3518 -·
2228 3475 2503 3551 βασιλέων
2539 3479 2599 3532 et
2637 3473 2806 3534 ἐπαί-

506 3563 671 3615 δευσε
722 3590 792 3600 -
839 3558 970 3614 exit.
1053 3557 1310 3612 Ceterum
1365 3556 1434 3609 cf.
1485 3556 1676 3627 Steph.
1724 3558 1856 3628 Byz.
1909 3577 1961 3614 v.
2009 3554 2295 3627 Μύρλειας
2348 3558 2547 3625 Lem-3,
2598 3559 2807 3616 Herod.

505 3660 560 3711 p.
589 3647 718 3706 4293
756 3639 972 3705 Rome,
1008 3637 1148 3692 Mus,
1187 3635 1362 3690 Rhen.
1399 3635 1635 3690 XXXIII
1669 3656 1723 3708 p.
1758 3644 1859 3694 173
1898 3641 2012 3693 not.
2042 3644 2105 3706 4,
2143 3637 2378 3693 XXXIV
2412 3657 2467 3708 p.
2498 3644 2619 3695 571.
2676 3639 2809 3709 Ipse

507 3722 577 3777 de
612 3721 734 3776 vita
769 3719 863 3789 egi
889 3718 1030 3774 Mus.
1057 3715 1234 3773 Bhen.
1264 3714 1471 3769 XXXV
1497 3735 1553 3786 Ρ.
1584 3723 1689 3772 206
1720 3735 1833 3789 seq.
1900 3719 2389 3776 Perturbationem
2416 3718 2646 3774 articuli
2671 3719 2807 3774 inde

507 3803 692 3860 ortam
729 3815 874 3869 esse,
920 3796 1071 3866 quod
1105 3794 1419 3864 Hesychius
1457 3797 1609 3866 apud
1644 3797 1940 3854 Philonem
1978 3800 2118 3854 duos
2156 3798 2435 3854 invenerit
2472 3798 2805 3868 grammati-

507 3897 599 3935 cos
639 3879 887 3934 eiusdem
925 3875 1189 3944 nominiS,
1226 3892 1398 3930 unum
1435 3877 1804 3933 Nicaeensem
1840 3878 2057 3948 (Steph.
2086 3877 2219 3946 Byz.
2250 3876 2524 3947 Νίκαια),
2561 3877 2805 3946 Myrlea·-

504 3979 639 4016 num
666 3960 926 4028 alterum,
962 3973 1199 4026 quorum
1228 3954 1375 4011 vitas
1405 3972 1597 4011 errans
1624 3957 1957 4028 confuderit,
1984 3957 2131 4013 vidit
2157 3957 2362 4012 Rohde.
2410 3957 2539 4027 Ipse
2565 3957 2805 4013 iunioris

503 4041 680 4096 vitam
709 4039 789 4094 sic
816 4037 1064 4094 restitui:
1098 4032 1262 4092 Ἅσκλ.
1293 4067 1359 4076 -
1388 4039 1523 4093 Νικ.
1553 4057 1755 4107 γραμμ.
1797 4033 2231 4108 (Κρατήτειοςῖ).
2272 4036 2473 4106 γέγονε
2505 4033 2600 4093 ἐπὶ
2624 4033 2807 4094 'Anci-

503 4126 606 4177 λου
642 4121 984 4191 (138—133)
1023 4117 1121 4172 καὶ
1160 4114 1496 4173 ἐπαίδευσεν
1536 4113 1599 4173 ἐν
1636 4112 1937 4189 Περγάμῳ.
1996 4113 2298 4172 ἐπαίδευσε
2337 4116 2436 4172 καὶ
2473 4115 2555 4180 εἰς
2583 4112 2805 4187 Ῥώμην

507 4197 603 4256 ἐπὶ
631 4200 932 4270 Πομπηίου
961 4199 1062 4253 τοῦ
1097 4216 1216 4268 μεγ.
1249 4195 1463 4266 ἔγραψε
1491 4195 1698 4269 πολλά,
1736 4197 2069 4268 antiquioris
2106 4195 2466 4267 grammatici
2494 4197 2598 4252 sic:
2633 4192 2805 4253 Ἆσκλ.

507 4313 574 4320 —-
611 4284 793 4349 Μυρλ.
832 4299 1055 4349 ιγραμμ.,
1093 4274 1356 4348 μαθητὴς
1387 4274 1492 4332 'Am
1525 4276 1723 4347 γέγονε
1762 4275 1827 4332 δὲ
1866 4274 1963 4332 ἐπὶ
1990 4272 2285 4347 Εὐμενοῦς
2321 4278 2652 4347 (197—159)
2689 4279 2797 4334 τοῦ

509 4356 572 4414 ἒν
601 4356 883 4432 Περγάμῳ
911 4353 1180 4431 βασιλέως
1207 4358 1304 4413 καὶ
1335 4355 1673 4414 ἐπαίδευσεν
1703 4353 1764 4413 ἐν
1798 4353 2195 4433 Ἀλεξανδρείᾳ,
2236 4352 2332 4411 ἐπὶ
2364 4357 2466 4411 τοῦ
2497 4355 2557 4410 δ’
2589 4360 2803 4414 Πτολε-
