3025 4892
583 240 712 304 194
1506 239 1936 297 HESYCHIUS.

585 404 725 468 κῶν
768 405 994 488 βιβλία
1039 400 1134 487 η’,
1180 400 1539 486 περιόδους
1583 401 1674 487 β’,
1722 400 1871 487 περὶ
1910 402 2151 488 Πάρου
2188 398 2278 484 α’,
2325 402 2474 487 περὶ
2513 399 2865 486 Περγάμου

582 506 673 591 α’,
719 508 869 593 περὶ
906 505 1228 573 παιάνων.
1312 508 1412 589 [ἐν
1447 506 1663 597 τούτῳ
1703 508 1776 575 δὲ
1824 506 2230 594 μνημονεύει
2277 509 2619 593 μουσικῶν
2663 532 2864 573 τινων

581 614 782 679 ἰδεῶν
827 611 1103 698 τούτων,
1144 610 1689 699 αὐτοκαβδάλων,
1738 612 2163 699 ίθυφάλλων,
2211 611 2679 699 φαλλοφόρων.
2761 612 2865 677 καὶ

579 721 649 785 οἱ
701 719 852 804 μέν,
920 725 1116 805 φησί,
1173 724 1398 787 κιττοῦ
1454 720 1792 807 στέφανον
1846 719 2179 807 ἐφόρουν,
2235 717 2739 805 ὠνομάσθησαν
2796 718 2865 785 δὲ

527 853 550 891 5
581 822 864 911 ὕστερον
903 831 1160 912 ἴαμβοι·
1199 826 1376 894 οἶδὲ
1414 826 1787 913 ἰθύφαλλοι
1826 840 2211 914 προσωπεῖα
2249 824 2651 912 μεθυόντων
2690 823 2865 912 εἶχον

572 933 684 997 καὶ
743 934 1040 1016 χειρῖδας
1083 930 1375 1011 ἀνθινὰς
1419 933 1531 1000 καὶ
1576 936 1826 1019 χιτῶνα
1873 935 2060 1020 με’χρι
2108 936 2245 1000 τῶν
2293 936 2595 1019 σφυρῶν.
2688 935 2757 998 οί
2799 931 2866 997 δὲ

575 1038 1000 1125 φαλλοφόροι
1058 1036 1141 1105 ού
1200 1038 1400 1126 χωρὶς
1456 1041 1523 1120 ἐξ
1580 1038 1916 1126 ἑρπύλλου
1966 1039 2077 1107 καὶ
2138 1040 2549 1125 παιδέρωτος
2595 1044 2862 1105 ἔσκεπον

584 1140 699 1222 τὰς
745 1141 959 1229 ὄψεις,
1005 1150 1202 1237 κιττῷ
1249 1146 1358 1213 καὶ
1407 1152 1539 1224 ἴοις
1584 1144 2160 1233 στεφανούμενοι.]

752 1269 1162 1337 DOOXVIII.
1249 1273 1609 1353 Σίβυλλα
1664 1274 1949 1355 Δελφίς,
2014 1265 2102 1355 ἣν
2155 1268 2265 1335 καὶ
2297 1268 2613 1356 ’Ἄρτεμιν
2668 1286 2857 1354 προσ-

507 1403 557 1441 ιο
583 1370 979 1459 ηγόρευσαν.
1068 1375 1304 1459 γέγονε
1345 1374 1418 1441 δὲ
1473 1372 1642 1460 αὕτη
1698 1373 1826 1462 πρὸ
1873 1379 2010 1443 τῶν
2064 1379 2411 1463 Τρωικῶν,
2466 1375 2579 1441 καὶ
2626 1380 2853 1460 ἔγραψε

580 1477 919 1565 χρησμοὺς
966 1479 1055 1547 δι’
1109 1481 1303 1548 ἐπῶν.

758 1604 1102 1671 DCCXIX.
1179 1609 1538 1690 Σίβυλλα
1593 1603 2008 1686 ’Λπόλλωνος
2064 1607 2173 1673 καὶ
2223 1611 2517 1691 Λαμίας,
2574 1603 2731 1671 κατὰ
2786 1605 2853 1669 δέ

580 1736 766 1789 τινας
807 1708 1349 1798 Ἀριστοκράτους
1395 1711 1504 1778 καὶ
1548 1708 1860 1798 Ὑδάλης,
1920 1708 2010 1791 ῶς
2058 1711 2130 1778 δὲ
2177 1709 2367 1778 ἄλλοι
2417 1710 2842 1797 Κριναγόρον,

582 1812 671 1894 ῶς
705 1815 792 1884 δὲ
821 1813 1212 1903 ”Ερμιππος,
1260 1816 1644 1904 Θεοδώρου,
1686 1815 2057 1903 Ἐρυθραία
2103 1816 2279 1905 παρὰ
2327 1816 2401 1884 τὸ
2440 1822 2750 1903 τεχθῆναι
2783 1816 2841 1880 ἐν

501 1951 549 1989 1⁶
581 1928 799 2012 χωρίῳ
847 1926 986 1989 τῶν
1025 1920 1400 2008 Ἐρυθρῶν,
1449 1916 1484 1988 ὃ
1534 1920 2063 2008 προσηγορεύετο
2113 1920 2378 2005 Βάττοι,
2427 1925 2557 1989 νῦν
2598 1921 2668 1988 δὲ
2703 1918 2837 1986 αὐτὸ

576 2026 652 2095 τὸ
725 2034 977 2115 χωρίον
1041 2026 1370 2095 πολισθὲν
1433 2026 2051 2113 προσαγορεύονται
2108 2025 2451 2116 Ἐρυθραί.
2514 2015 2518 2019 ’
2564 2027 2728 2106 τινὲς
2780 2024 2837 2092 δὲ

577 2132 790 2220 αὐτὴν
828 2133 1144 2221 Σικελήν,
1192 2132 1384 2201 ἄλλοι
1422 2132 1847 2219 Σαρδιανήν,
1894 2131 2086 2201 ἄλλοι
2126 2139 2517 2222 Γεργιθίαν,
2564 2133 2741 2201 ἄλλοι
2779 2132 2834 2197 δὲ

566 2238 864 2328 Ῥοδίαν,
911 2240 1095 2309 ἄλλοι
1144 2240 1218 2306 δὲ
1265 2245 1649 2326 Λίβυσσαν,
1698 2237 1887 2307 ἄλλοι
1937 2240 2314 2327 Λευκανήν,
2360 2240 2555 2310 ἄλλοι
2603 2245 2833 2326 Σαμίαν

576 2350 923 2430 ἐδόξασαν.
992 2348 1225 2433 γέγονε
1267 2345 1340 2412 δὲ
1387 2360 1525 2424 τοῖς
1561 2345 1833 2433 χρόνοις
1876 2350 1993 2432 τῆς
2038 2351 2332 2434 Τρωικῆς
2368 2346 2675 2426 ἁλώσεως
2706 2343 2833 2433 μετὰ

499 2481 552 2520 20
579 2460 688 2543 ἔτη
735 2455 895 2541 υπγ’
943 2453 1052 2521 καὶ
1100 2451 1503 2533 συνετάξατο
1549 2457 1777 2537 βιβλία
1826 2457 2061 2520 ταῦτα·
2118 2454 2269 2540 περὶ
2316 2458 2625 2541 παλμῶν,
2678 2456 2827 2540 μέλη,

577 2562 934 2649 χρησμούς.
1013 2560 1265 2645 λέγεται
1314 2557 1388 2625 δὲ
1433 2558 1544 2626 καὶ
1591 2563 1926 2644 τρίγωνον
1974 2557 2153 2637 εἶδος
2198 2558 2405 2646 λύρας
2449 2559 2661 2647 αὐτὴν
2692 2558 2831 2645 πρώ-

575 2695 698 2754 την
746 2666 990 2754 εὑρεῖν.

577 2928 679 3000 μὸς
714 2934 857 3001 vulq.
917 2928 1122 3000 Δήλιος
1150 2948 1217 2987 ex
1252 2931 1428 3001 ipsius
1470 2929 1676 2983 Suidae
1715 2929 1901 2998 glossa
1938 2950 1989 2985 v.
2026 2930 2318 3003 Πράμνιος
2356 2931 2513 2996 οἶνος
2546 2934 2636 3001 (ef.
2663 2931 2822 2985 Athen.

576 3011 702 3066 XIV
741 3030 794 3080 p.
827 3014 951 3080 622)
987 3028 1126 3067 corr.
1167 3011 1441 3079 Toupius,
1475 3004 1688 3072 Ἠλεῖος
1719 3008 1851 3063 libri
1880 3012 1939 3063 ei.
1964 3011 2116 3067 Eud.
2228 3015 2529 3082 Δηλιακῶν
2566 3019 2708 3067 Avr.
2740 3017 2823 3076 Δη-

575 3085 743 3143 λιακά
773 3092 916 3161 vuly.
947 3091 1097 3145 Eud.
1209 3096 1240 3143 2
1281 3086 1344 3143 ἑν
1381 3084 1561 3161 τούτῳ
1600 3121 1663 3129 --
1696 3090 1823 3144 exit.
1864 3090 2120 3158 expunxi,
2157 3094 2355 3160 utpote
2392 3093 2683 3148 manifesto
2709 3107 2821 3144 com-

577 3170 755 3238 pilata
793 3187 860 3224 ex
897 3170 1099 3225 Athen.
1130 3170 1256 3223 XIV
1288 3187 1340 3238 p.
1373 3174 1493 3234 622,
1534 3169 1788 3237 quamvis
1826 3170 2020 3223 eadem
2058 3173 2310 3239 praestet·
2348 3171 2523 3226 etiam
2562 3170 2785 3225 Eudocia

577 3255 608 3301 3
649 3244 1057 3323 αὖτοκαβάλων
1096 3239 1240 3316 lib'ri,
1281 3266 1420 3304 corr.
1464 3248 1735 3317 Gaisford
1857 3254 1891 3301 4
1929 3250 2075 3317 φησί
2102 3251 2246 3319 vuly.
2278 3250 2429 3306 Eud.
2470 3254 2619 3321 φασί
2638 3258 2679 3304 V

578 3333 610 3381 5
647 3324 921 3396 πρόσωπα
957 3335 1003 3383 Δ
1138 3335 1167 3383 ’1
1208 3324 1277 3383 οὖ
1316 3332 1481 3399 χωρίς
1520 3362 1587 3370 —-
1627 3329 1869 3385 ἔσκεπον
1906 3328 2122 3384 incuria.
2157 3347 2261 3384 om.
2294 3329 2442 3398 Vin„
2479 3347 2551 3384 ex
2586 3329 2750 3384 codiee
2779 3326 2818 3378 in

581 3405 827 3462 Violario
864 3409 1056 3464 addidi
1097 3404 1436 3478 ἔξερπῦλλου
1473 3414 1520 3462 Δ
1557 3410 1722 3480 χωρὶς
1762 3402 2005 3476 ἕρπύλου
2043 3413 2161 3464 Ala.
2192 3410 2343 3463 Eud.

716 3486 1426 3545 DCCXVIlI—DCCXXV
1474 3490 1555 3544 Cf.
1586 3490 1836 3553 Cramer,
1877 3478 2081 3541 Anecd.
2124 3490 2145 3542 I
2183 3507 2237 3557 p.
2278 3495 2399 3557 332,
2440 3488 2611 3544 schol.
2649 3488 2815 3540 Platon.

578 3564 655 3618 VI
682 3584 735 3635 p.
767 3573 869 3622 269
901 3585 1017 3638 seq.
1076 3568 1333 3623 Ceterum
1372 3568 1442 3622 de
1482 3568 1711 3639 Sibyllis
1751 3567 1819 3621 cf.
1850 3567 2063 3635 MaaSS,
2102 3568 2170 3621 de
2189 3568 2397 3639 Sibyll.
2428 3568 2545 3622 ind.
2575 3586 2627 3636 p.
2647 3571 2704 3619 53
2720 3580 2815 3629 seq„

575 3644 761 3715 Biogr.
791 3666 845 3716 p.
881 3655 980 3703 123
1002 3666 1134 3716 seq.,
1165 3651 1222 3702 et
1248 3665 1392 3717 quae
1423 3648 1539 3703 dixi
1566 3647 1767 3703 Annal.
1796 3644 1944 3701 Phil.
1970 3652 2106 3703 1880
2135 3666 2187 3717 p.
2214 3654 2314 3704 106
2336 3664 2449 3717 seq.
2570 3654 2601 3701 9
2628 3644 2816 3697 Han0·et

583 3724 989 3796 Colophoniam
1029 3728 1278 3783 omisisse
1315 3728 1622 3783 Eudoeiam
1660 3747 1718 3798 p.
1750 3736 1851 3783 643
1892 3728 2007 3783 dixi
2033 3728 2174 3782 Mus.
2207 3727 2381 3782 Rhen.
2422 3727 2625 3781 XXXV
2660 3745 2704 3795 p.
2729 3727 2816 3777 222.

717 3814 988 3870 DCCXIX
1027 3822 1090 3870 12
1121 3818 1361 3885 Λαμίας,
1385 3811 1720 3888 Ἐρυθραία,
1751 3814 1809 3873 οἴ
1833 3816 1897 3871 δὲ
1927 3813 2190 3886 Σικελήν,
2220 3812 2378 3870 ἄλλοι
2406 3812 2723 3883 Σαρδιανὴν
2746 3811 2819 3865 καὶ

573 3892 734 3950 ἄλλοι
759 3893 937 3959 ἄλλως
965 3897 1116 3951 Eud.
1233 3903 1298 3951 13
1333 3892 1544 3959 Ἰδαίας
1580 3914 1718 3952 corr.
1754 3898 1980 3965 Μααεε,
2019 3896 2148 3966 Syb.
2180 3914 2233 3966 p.
2264 3900 2333 3949 28
2370 3900 2485 3949 not.
2519 3902 2603 3965 66,
2631 3890 2826 3961 Ὓδάλης

573 3992 684 4030 non
729 3991 994 4045 graecum
1041 3994 1165 4031 esse
1207 3975 1549 4047 perspiciens
1691 3982 1758 4030 14
1802 3977 2174 4045 Hermippum
2219 3976 2510 4045 Berytium
2556 3992 2671 4030 esse
2710 3975 2829 4027 recte

571 4056 787 4110 iudicat
817 4058 1028 4111 Micller
1055 4056 1136 4110 ΠΙ
1162 4076 1217 4127 p.
1239 4063 1306 4112 35
1337 4060 1472 4122 not„
1511 4055 1611 4111 sed
1645 4056 1873 4110 ubinam
1901 4056 1998 4110 ille
2028 4057 2097 4110 de
2128 4056 2243 4110 Sib.
2275 4055 2503 4124 dixerit,
2541 4055 2738 4109 nescire
2761 4070 2831 4106 me

571 4136 838 4205 profiteor
950 4141 1013 4190 17
1041 4133 1373 4206 Σαρδιανήν
1401 4135 1527 4190 sola.
1544 4136 1715 4201 Eud„
1744 4135 2030 4192 revocavit·
2058 4135 2229 4191 etiam
2255 4136 2530 4191 Kusterus
2557 4152 2625 4189 ex
2649 4134 2834 4189 Aelian.

571 4214 702 4269 Var.
730 4214 860 4269 hisi..
894 4214 1025 4281 XII,
1065 4222 1132 4269 35
1171 4219 1230 4271 ei]
1267 4216 1440 4272 schol.
1475 4218 1569 4270 Ar.
1600 4216 1749 4271 Aves
1780 4223 1882 4271 962
1922 4220 2215 4287 Σαρδίνην
2245 4223 2288 4269 E
2328 4211 2639 4283 Σαρδῶνην
2674 4218 2711 4267 B
2748 4212 2837 4284 γὰρ

572 4291 754 4362 δάνην
783 4300 853 4361 V3
893 4295 961 4347 de
994 4298 1271 4365 Γεργιθία
1301 4296 1370 4351 ef.
1401 4296 1594 4365 Steph.
1622 4296 1753 4366 Byz.
1783 4316 1834 4352 v.
1869 4296 2069 4367 Γέργις
2098 4299 2156 4352 et
2184 4297 2365 4364 Daub,
2394 4294 2465 4349 de
2497 4294 2646 4348 Suid.
2676 4313 2726 4364 p.
2754 4302 2838 4349 444

579 4378 641 4425 19
681 4373 878 4439 scripsi
917 4372 1147 4428 Suidam
1185 4378 1433 4445 secutus,
1472 4372 1613 4445 μετὰ
1653 4372 1758 4447 τὴν
1801 4374 2062 4447 Τρωικὴν
2101 4371 2309 4432 ἅλωσιν
2350 4373 2445 4443 ἔτη
2481 4370 2620 4443 υπγ’
2659 4375 2797 4432 Eud.
