<?xml version="1.0" encoding="UTF-8"?>
<!DOCTYPE html PUBLIC "-//W3C//DTD XHTML 1.0 Transitional//EN"
    "http://www.w3.org/TR/xhtml1/DTD/xhtml1-transitional.dtd">
<html xmlns="http://www.w3.org/1999/xhtml" xml:lang="en" lang="en">
 <head>
  <title>
</title>
<meta http-equiv="Content-Type" content="text/html;charset=utf-8" />
  <meta name='ocr-system' content='tesseract 3.04.00' />
  <meta name='ocr-capabilities' content='ocr_page ocr_carea ocr_par ocr_line ocrx_word'/>
</head>
<body>
  <div class='ocr_page' id='page_1' title='image "./hesychiimilesii04flacgoog_0299.png"; bbox 0 0 3025 4892; ppageno 0'>
   <div class='ocr_carea' id='block_1_1' title="bbox 1098 200 2453 264">
    <p class='ocr_par' dir='ltr' id='par_1_1' title="bbox 1098 200 2453 264">
     <span class='ocr_line' id='line_1_1' title="bbox 1098 200 2453 264; baseline 0.009 -12"><span class='ocrx_word' id='word_1_1' title='bbox 1098 200 1528 257; x_wconf 85' lang='lat' dir='ltr'><strong>HESYCHIUS.</strong></span> <span class='ocrx_word' id='word_1_2' title='bbox 2328 201 2453 264; x_wconf 88' lang='grc'><strong><em>201</em></strong></span> 
     </span>
    </p>
   </div>
   <div class='ocr_carea' id='block_1_2' title="bbox 69 357 2539 2905">
    <p class='ocr_par' dir='ltr' id='par_1_2' title="bbox 69 357 2459 555">
     <span class='ocr_line' id='line_1_2' title="bbox 69 357 2459 448; baseline 0.001 -20"><span class='ocrx_word' id='word_1_3' title='bbox 69 360 76 369; x_wconf 76' lang='grc'><strong><em>’</em></strong></span> <span class='ocrx_word' id='word_1_4' title='bbox 167 360 310 445; x_wconf 83' lang='grc' dir='ltr'><strong><em>ἦτοι</em></strong></span> <span class='ocrx_word' id='word_1_5' title='bbox 367 360 527 448; x_wconf 75' lang='grc' dir='ltr'><strong><em>μετὰ</em></strong></span> <span class='ocrx_word' id='word_1_6' title='bbox 588 358 746 441; x_wconf 84' lang='grc' dir='ltr'><strong><em>τοὺς</em></strong></span> <span class='ocrx_word' id='word_1_7' title='bbox 809 357 970 429; x_wconf 76' lang='grc' dir='ltr'><strong><em>ἑπτὰ</em></strong></span> <span class='ocrx_word' id='word_1_8' title='bbox 1022 359 1406 448; x_wconf 85' lang='grc' dir='ltr'><strong><em>τραγικούς,</em></strong></span> <span class='ocrx_word' id='word_1_9' title='bbox 1473 363 1716 441; x_wconf 77' lang='grc' dir='ltr'><strong><em>οἵτινες</em></strong></span> <span class='ocrx_word' id='word_1_10' title='bbox 1778 358 2283 447; x_wconf 72' lang='grc' dir='ltr'><strong><em>ὠνομάσθησαν</em></strong></span> <span class='ocrx_word' id='word_1_11' title='bbox 2348 364 2459 430; x_wconf 86' lang='grc' dir='ltr'><strong><em>καὶ</em></strong></span> 
     </span>
     <span class='ocr_line' id='line_1_3' title="bbox 167 464 1241 555; baseline 0.001 -21"><span class='ocrx_word' id='word_1_12' title='bbox 167 467 435 547; x_wconf 88' lang='grc' dir='ltr'><strong><em>Πλειάς.</em></strong></span> <span class='ocrx_word' id='word_1_13' title='bbox 527 466 832 555; x_wconf 87' lang='grc' dir='ltr'><strong><em>δράματα</em></strong></span> <span class='ocrx_word' id='word_1_14' title='bbox 878 464 1090 535; x_wconf 86' lang='grc' dir='ltr'><strong><em>αὐτοῦ</em></strong></span> <span class='ocrx_word' id='word_1_15' title='bbox 1135 467 1241 535; x_wconf 87' lang='grc' dir='ltr'><strong><em>ιε’.</em></strong></span> 
     </span>
    </p>

    <p class='ocr_par' dir='ltr' id='par_1_3' title="bbox 161 572 2513 1194">
     <span class='ocr_line' id='line_1_4' title="bbox 337 572 2461 662; baseline 0.002 -23"><span class='ocrx_word' id='word_1_16' title='bbox 337 574 710 643; x_wconf 84' lang='lat' dir='ltr'><strong>DCCXLV.</strong></span> <span class='ocrx_word' id='word_1_17' title='bbox 799 572 1391 654; x_wconf 87' lang='grc' dir='ltr'><strong><em>Σπεύσιππος</em></strong></span> <span class='ocrx_word' id='word_1_18' title='bbox 1438 572 1987 661; x_wconf 78' lang='grc' dir='ltr'><strong><em>Εὐρυμέδοντος,</em></strong></span> <span class='ocrx_word' id='word_1_19' title='bbox 2050 574 2461 662; x_wconf 77' lang='grc' dir='ltr'><strong><em>ἀδελφιδοῦς</em></strong></span> 
     </span>
     <span class='ocr_line' id='line_1_5' title="bbox 165 678 2459 769; baseline 0.001 -23"><span class='ocrx_word' id='word_1_20' title='bbox 165 678 534 760; x_wconf 85' lang='grc' dir='ltr'><strong><em>Πλάτωνος</em></strong></span> <span class='ocrx_word' id='word_1_21' title='bbox 577 684 702 749; x_wconf 88' lang='grc' dir='ltr'><strong><em>τοῦ</em></strong></span> <span class='ocrx_word' id='word_1_22' title='bbox 747 678 1132 766; x_wconf 89' lang='grc' dir='ltr'><strong><em>φιλοσόφου</em></strong></span> <span class='ocrx_word' id='word_1_23' title='bbox 1175 678 1305 748; x_wconf 83' lang='grc' dir='ltr'><strong><em>ἀπὸ</em></strong></span> <span class='ocrx_word' id='word_1_24' title='bbox 1352 680 1680 767; x_wconf 78' lang='grc' dir='ltr'><strong><em>Ποτώνης</em></strong></span> <span class='ocrx_word' id='word_1_25' title='bbox 1724 686 1839 769; x_wconf 85' lang='grc' dir='ltr'><strong><em>τῆς</em></strong></span> <span class='ocrx_word' id='word_1_26' title='bbox 1884 678 2094 749; x_wconf 85' lang='grc' dir='ltr'><strong><em>αὐτοῦ</em></strong></span> <span class='ocrx_word' id='word_1_27' title='bbox 2140 678 2459 769; x_wconf 78' lang='grc' dir='ltr'><strong><em>ἀδελφῆς,</em></strong></span> 
     </span>
     <span class='ocr_line' id='line_1_6' title="bbox 161 783 2513 875; baseline 0.002 -24"><span class='ocrx_word' id='word_1_28' title='bbox 161 783 494 873; x_wconf 75' lang='grc' dir='ltr'><strong><em>ἀκουστὴς</em></strong></span> <span class='ocrx_word' id='word_1_29' title='bbox 542 785 752 855; x_wconf 84' lang='grc' dir='ltr'><strong><em>αὐτοῦ</em></strong></span> <span class='ocrx_word' id='word_1_30' title='bbox 791 786 1160 865; x_wconf 83' lang='grc' dir='ltr'><strong><em>Πλάτωνος</em></strong></span> <span class='ocrx_word' id='word_1_31' title='bbox 1203 787 1312 855; x_wconf 82' lang='grc' dir='ltr'><strong><em>καὶ</em></strong></span> <span class='ocrx_word' id='word_1_32' title='bbox 1360 786 1678 875; x_wconf 84' lang='grc' dir='ltr'><strong><em>διάδοχος</em></strong></span> <span class='ocrx_word' id='word_1_33' title='bbox 1723 786 2086 874; x_wconf 88' lang='grc' dir='ltr'><strong><em>γενόμενος</em></strong></span> <span class='ocrx_word' id='word_1_34' title='bbox 2130 791 2245 874; x_wconf 85' lang='grc' dir='ltr'><strong><em>τῆς</em></strong></span> <span class='ocrx_word' id='word_1_35' title='bbox 2277 785 2457 857; x_wconf 84' lang='grc' dir='ltr'><strong><em>Ἀκα-</em></strong></span> <span class='ocrx_word' id='word_1_36' title='bbox 2487 806 2513 847; x_wconf 79' lang='lat'><strong>6</strong></span> 
     </span>
     <span class='ocr_line' id='line_1_7' title="bbox 162 890 2459 981; baseline 0.002 -24"><span class='ocrx_word' id='word_1_37' title='bbox 162 896 410 979; x_wconf 85' lang='grc' dir='ltr'><strong><em>δημίας</em></strong></span> <span class='ocrx_word' id='word_1_38' title='bbox 485 894 590 961; x_wconf 80' lang='grc' dir='ltr'><strong><em>ἐπὶ</em></strong></span> <span class='ocrx_word' id='word_1_39' title='bbox 663 897 780 980; x_wconf 81' lang='grc' dir='ltr'><strong><em>τῆς</em></strong></span> <span class='ocrx_word' id='word_1_40' title='bbox 855 891 964 981; x_wconf 84' lang='grc' dir='ltr'><strong><em>ρη’</em></strong></span> <span class='ocrx_word' id='word_1_41' title='bbox 1031 890 1464 979; x_wconf 79' lang='grc' dir='ltr'><strong><em>ὀλυμπιάδος.</em></strong></span> <span class='ocrx_word' id='word_1_42' title='bbox 1574 895 1949 981; x_wconf 83' lang='grc' dir='ltr'><strong><em>συνέγραψε</em></strong></span> <span class='ocrx_word' id='word_1_43' title='bbox 2013 902 2283 963; x_wconf 80' lang='grc' dir='ltr'><strong><em>πλεῖστα</em></strong></span> <span class='ocrx_word' id='word_1_44' title='bbox 2347 895 2459 962; x_wconf 84' lang='grc' dir='ltr'><strong><em>καὶ</em></strong></span> 
     </span>
     <span class='ocr_line' id='line_1_8' title="bbox 161 995 2457 1089; baseline 0.002 -25"><span class='ocrx_word' id='word_1_45' title='bbox 161 997 446 1083; x_wconf 86' lang='grc' dir='ltr'><strong><em>μάλιστα</em></strong></span> <span class='ocrx_word' id='word_1_46' title='bbox 513 998 875 1087; x_wconf 88' lang='grc' dir='ltr'><strong><em>φιλόσοφα.</em></strong></span> <span class='ocrx_word' id='word_1_47' title='bbox 977 995 1338 1087; x_wconf 87' lang='grc' dir='ltr'><strong><em>[αὐστηρὸς</em></strong></span> <span class='ocrx_word' id='word_1_48' title='bbox 1403 998 1528 1087; x_wconf 82' lang='grc' dir='ltr'><strong><em>τὴν</em></strong></span> <span class='ocrx_word' id='word_1_49' title='bbox 1593 999 1873 1089; x_wconf 77' lang='grc' dir='ltr'><strong><em>γνώμην</em></strong></span> <span class='ocrx_word' id='word_1_50' title='bbox 1932 1000 2043 1067; x_wconf 82' lang='grc' dir='ltr'><strong><em>καὶ</em></strong></span> <span class='ocrx_word' id='word_1_51' title='bbox 2100 1005 2195 1080; x_wconf 82' lang='grc' dir='ltr'><strong><em>ἐἰς</em></strong></span> <span class='ocrx_word' id='word_1_52' title='bbox 2247 999 2457 1089; x_wconf 72' lang='grc' dir='ltr'><strong><em>ἄκρον</em></strong></span> 
     </span>
     <span class='ocr_line' id='line_1_9' title="bbox 167 1104 1084 1194; baseline 0.005 -23"><span class='ocrx_word' id='word_1_53' title='bbox 167 1104 557 1194; x_wconf 60' lang='grc' dir='ltr'><strong><em>ὀξύθυμος]</em></strong></span> <span class='ocrx_word' id='word_1_54' title='bbox 1081 1112 1084 1117; x_wconf 74' lang='grc'><strong>’</strong></span> 
     </span>
    </p>

    <p class='ocr_par' dir='ltr' id='par_1_4' title="bbox 162 1204 2538 1517">
     <span class='ocr_line' id='line_1_10' title="bbox 335 1204 2457 1305; baseline 0 -24"><span class='ocrx_word' id='word_1_55' title='bbox 335 1216 742 1282; x_wconf 84' lang='lat' dir='ltr'><strong>DGOXLVI.</strong></span> <span class='ocrx_word' id='word_1_56' title='bbox 794 1219 1280 1299; x_wconf 76' lang='grc' dir='ltr'><strong><em>Σπίνθαρος</em></strong></span> <span class='ocrx_word' id='word_1_57' title='bbox 1306 1210 1777 1300; x_wconf 72' lang='grc' dir='ltr'><strong><em>Ἡρακλεώτης.</em></strong></span> <span class='ocrx_word' id='word_1_58' title='bbox 1850 1204 1937 1299; x_wconf 82' lang='grc' dir='ltr'><strong><em>ἦν</em></strong></span> <span class='ocrx_word' id='word_1_59' title='bbox 1976 1213 2051 1282; x_wconf 73' lang='grc' dir='ltr'><strong><em>δὲ</em></strong></span> <span class='ocrx_word' id='word_1_60' title='bbox 2084 1217 2457 1305; x_wconf 74' lang='grc' dir='ltr'><strong><em>τραγῳδίας</em></strong></span> 
     </span>
     <span class='ocr_line' id='line_1_11' title="bbox 162 1317 2538 1411; baseline 0.002 -28"><span class='ocrx_word' id='word_1_61' title='bbox 162 1320 459 1407; x_wconf 83' lang='grc' dir='ltr'><strong><em>ποιητής.</em></strong></span> <span class='ocrx_word' id='word_1_62' title='bbox 525 1319 828 1407; x_wconf 76' lang='grc' dir='ltr'><strong><em>δράματα</em></strong></span> <span class='ocrx_word' id='word_1_63' title='bbox 877 1320 952 1389; x_wconf 71' lang='grc' dir='ltr'><strong><em>δὲ</em></strong></span> <span class='ocrx_word' id='word_1_64' title='bbox 997 1317 1208 1388; x_wconf 86' lang='grc' dir='ltr'><strong><em>αὐτοῦ</em></strong></span> <span class='ocrx_word' id='word_1_65' title='bbox 1257 1321 1393 1387; x_wconf 82' lang='grc' dir='ltr'><strong><em>ἐστι</em></strong></span> <span class='ocrx_word' id='word_1_66' title='bbox 1428 1323 1663 1387; x_wconf 85' lang='grc' dir='ltr'><strong><em>ταῦτα·</em></strong></span> <span class='ocrx_word' id='word_1_67' title='bbox 1706 1318 2455 1411; x_wconf 61' lang='grc' dir='ltr'><strong><em>ΠερικαιόμενοςΪΗρα-</em></strong></span> <span class='ocrx_word' id='word_1_68' title='bbox 2488 1340 2538 1379; x_wconf 84' lang='lat'><strong><em>1⁰</em></strong></span> 
     </span>
     <span class='ocr_line' id='line_1_12' title="bbox 167 1412 1242 1517; baseline 0.004 -26"><span class='ocrx_word' id='word_1_69' title='bbox 167 1430 358 1512; x_wconf 81' lang='grc' dir='ltr'><strong><em>κλῆς,</em></strong></span> <span class='ocrx_word' id='word_1_70' title='bbox 410 1430 672 1514; x_wconf 80' lang='grc' dir='ltr'><strong><em>Σεμέλη</em></strong></span> <span class='ocrx_word' id='word_1_71' title='bbox 719 1412 1242 1517; x_wconf 81' lang='grc' dir='ltr'><strong><em>κεραυνουμένη.</em></strong></span> 
     </span>
    </p>

    <p class='ocr_par' dir='ltr' id='par_1_5' title="bbox 159 1531 2539 2905">
     <span class='ocr_line' id='line_1_13' title="bbox 335 1531 2461 1623; baseline 0.001 -22"><span class='ocrx_word' id='word_1_72' title='bbox 335 1534 775 1602; x_wconf 84' lang='lat' dir='ltr'><strong>DCOXLVH.</strong></span> <span class='ocrx_word' id='word_1_73' title='bbox 862 1540 1358 1622; x_wconf 82' lang='grc' dir='ltr'><strong><em>Στησίχορος</em></strong></span> <span class='ocrx_word' id='word_1_74' title='bbox 1415 1533 1789 1622; x_wconf 85' lang='grc' dir='ltr'><strong><em>Εὐφόρβου</em></strong></span> <span class='ocrx_word' id='word_1_75' title='bbox 1843 1531 1884 1623; x_wconf 83' lang='grc' dir='ltr'><em>ἢ</em></span> <span class='ocrx_word' id='word_1_76' title='bbox 1946 1532 2314 1622; x_wconf 84' lang='grc' dir='ltr'><strong><em>Εὐφήμου,</em></strong></span> <span class='ocrx_word' id='word_1_77' title='bbox 2371 1532 2461 1616; x_wconf 75' lang='grc' dir='ltr'><strong><em>ὥς</em></strong></span> 
     </span>
     <span class='ocr_line' id='line_1_14' title="bbox 166 1622 2459 1729; baseline 0.002 -25"><span class='ocrx_word' id='word_1_78' title='bbox 166 1638 236 1704; x_wconf 77' lang='grc' dir='ltr'><strong><em>δὲ</em></strong></span> <span class='ocrx_word' id='word_1_79' title='bbox 283 1637 510 1725; x_wconf 80' lang='grc' dir='ltr'><strong><em>ἄλλοι,</em></strong></span> <span class='ocrx_word' id='word_1_80' title='bbox 527 1622 923 1719; x_wconf 56' lang='grc' dir='ltr'><strong><em>Ἐὐκλείδου</em></strong></span> <span class='ocrx_word' id='word_1_81' title='bbox 966 1636 1008 1728; x_wconf 81' lang='grc' dir='ltr'><em>ἢ</em></span> <span class='ocrx_word' id='word_1_82' title='bbox 1047 1637 1312 1720; x_wconf 67' lang='grc' dir='ltr'><strong><em>’Τέτους</em></strong></span> <span class='ocrx_word' id='word_1_83' title='bbox 1355 1636 1396 1727; x_wconf 82' lang='grc' dir='ltr'><em>ἢ</em></span> <span class='ocrx_word' id='word_1_84' title='bbox 1434 1639 1775 1728; x_wconf 83' lang='grc' dir='ltr'><strong><em>Ἡσιόδου,</em></strong></span> <span class='ocrx_word' id='word_1_85' title='bbox 1824 1643 1979 1729; x_wconf 79' lang='grc' dir='ltr'><strong><em>(ἐκ)</em></strong></span> <span class='ocrx_word' id='word_1_86' title='bbox 2016 1640 2271 1720; x_wconf 85' lang='grc' dir='ltr'><strong><em>πόλεως</em></strong></span> <span class='ocrx_word' id='word_1_87' title='bbox 2296 1639 2459 1728; x_wconf 86' lang='grc' dir='ltr'><strong><em>Ἱμέ·</em></strong></span> 
     </span>
     <span class='ocr_line' id='line_1_15' title="bbox 162 1744 2458 1837; baseline 0.002 -26"><span class='ocrx_word' id='word_1_88' title='bbox 162 1771 280 1830; x_wconf 91' lang='grc' dir='ltr'><strong><em>ρας</em></strong></span> <span class='ocrx_word' id='word_1_89' title='bbox 315 1750 439 1833; x_wconf 83' lang='grc' dir='ltr'><strong><em>τῆς</em></strong></span> <span class='ocrx_word' id='word_1_90' title='bbox 475 1753 788 1827; x_wconf 82' lang='grc' dir='ltr'><strong><em>Σικελίας</em></strong></span> <span class='ocrx_word' id='word_1_91' title='bbox 826 1749 1146 1835; x_wconf 77' lang='grc' dir='ltr'><strong><em>(καλεῖται</em></strong></span> <span class='ocrx_word' id='word_1_92' title='bbox 1183 1750 1353 1832; x_wconf 83' lang='grc' dir='ltr'><strong><em>γοῦν</em></strong></span> <span class='ocrx_word' id='word_1_93' title='bbox 1381 1744 1757 1837; x_wconf 80' lang='grc' dir='ltr'><strong><em>Ἱμεραῖος),</em></strong></span> <span class='ocrx_word' id='word_1_94' title='bbox 1796 1752 1867 1816; x_wconf 83' lang='grc' dir='ltr'><strong><em>οί</em></strong></span> <span class='ocrx_word' id='word_1_95' title='bbox 1900 1747 1974 1815; x_wconf 73' lang='grc' dir='ltr'><strong><em>δὲ</em></strong></span> <span class='ocrx_word' id='word_1_96' title='bbox 2012 1746 2141 1817; x_wconf 78' lang='grc' dir='ltr'><strong><em>ἀπὸ</em></strong></span> <span class='ocrx_word' id='word_1_97' title='bbox 2181 1754 2458 1817; x_wconf 86' lang='grc' dir='ltr'><strong><em>Ματαυ-</em></strong></span> 
     </span>
     <span class='ocr_line' id='line_1_16' title="bbox 161 1850 2537 1944; baseline 0 -26"><span class='ocrx_word' id='word_1_98' title='bbox 161 1858 306 1939; x_wconf 89' lang='grc' dir='ltr'><strong><em>ρίας</em></strong></span> <span class='ocrx_word' id='word_1_99' title='bbox 371 1857 492 1940; x_wconf 81' lang='grc' dir='ltr'><strong><em>τῆς</em></strong></span> <span class='ocrx_word' id='word_1_100' title='bbox 557 1856 630 1923; x_wconf 78' lang='grc' dir='ltr'><strong><em>ἐν</em></strong></span> <span class='ocrx_word' id='word_1_101' title='bbox 689 1852 962 1944; x_wconf 77' lang='grc' dir='ltr'><strong><em>Ἰταλίᾳ,</em></strong></span> <span class='ocrx_word' id='word_1_102' title='bbox 1030 1858 1101 1921; x_wconf 78' lang='grc' dir='ltr'><strong><em>οἱ</em></strong></span> <span class='ocrx_word' id='word_1_103' title='bbox 1160 1853 1236 1922; x_wconf 73' lang='grc' dir='ltr'><strong><em>δὲ</em></strong></span> <span class='ocrx_word' id='word_1_104' title='bbox 1299 1851 1430 1923; x_wconf 83' lang='grc' dir='ltr'><strong><em>άπὸ</em></strong></span> <span class='ocrx_word' id='word_1_105' title='bbox 1488 1862 1882 1924; x_wconf 92' lang='grc' dir='ltr'><strong><em>Παλαντίου</em></strong></span> <span class='ocrx_word' id='word_1_106' title='bbox 1944 1858 2060 1941; x_wconf 86' lang='grc' dir='ltr'><strong><em>τῆς</em></strong></span> <span class='ocrx_word' id='word_1_107' title='bbox 2110 1850 2458 1940; x_wconf 76' lang='grc' dir='ltr'><strong><em>Ἀρκαδίας</em></strong></span> <span class='ocrx_word' id='word_1_108' title='bbox 2488 1870 2537 1911; x_wconf 85' lang='lat'><strong><em>15</em></strong></span> 
     </span>
     <span class='ocr_line' id='line_1_17' title="bbox 159 1958 2455 2048; baseline -0 -20"><span class='ocrx_word' id='word_1_109' title='bbox 159 1960 469 2046; x_wconf 79' lang='grc' dir='ltr'><strong><em>φυγόντα</em></strong></span> <span class='ocrx_word' id='word_1_110' title='bbox 517 1958 726 2029; x_wconf 88' lang='grc' dir='ltr'><strong><em>αὐτὸν</em></strong></span> <span class='ocrx_word' id='word_1_111' title='bbox 773 1962 1002 2028; x_wconf 80' lang='grc' dir='ltr'><strong><em>ἐλθεῖν</em></strong></span> <span class='ocrx_word' id='word_1_112' title='bbox 1049 1980 1258 2046; x_wconf 88' lang='grc' dir='ltr'><strong><em>φασιν</em></strong></span> <span class='ocrx_word' id='word_1_113' title='bbox 1305 1965 1401 2040; x_wconf 80' lang='grc' dir='ltr'><strong><em>εἰς</em></strong></span> <span class='ocrx_word' id='word_1_114' title='bbox 1447 1961 1793 2048; x_wconf 82' lang='grc' dir='ltr'><strong><em>Κατάνην,</em></strong></span> <span class='ocrx_word' id='word_1_115' title='bbox 1844 1959 2034 2029; x_wconf 79' lang='grc' dir='ltr'><strong><em>κάκεῖ</em></strong></span> <span class='ocrx_word' id='word_1_116' title='bbox 2073 1964 2455 2047; x_wconf 85' lang='grc' dir='ltr'><strong><em>τελευτῆσαι</em></strong></span> 
     </span>
     <span class='ocr_line' id='line_1_18' title="bbox 159 2065 2460 2155; baseline 0.002 -24"><span class='ocrx_word' id='word_1_117' title='bbox 159 2066 264 2133; x_wconf 85' lang='grc' dir='ltr'><strong><em>καὶ</em></strong></span> <span class='ocrx_word' id='word_1_118' title='bbox 330 2073 632 2155; x_wconf 77' lang='grc' dir='ltr'><strong><em>ταφῆναι</em></strong></span> <span class='ocrx_word' id='word_1_119' title='bbox 696 2066 825 2155; x_wconf 86' lang='grc' dir='ltr'><strong><em>πρὸ</em></strong></span> <span class='ocrx_word' id='word_1_120' title='bbox 889 2072 1006 2153; x_wconf 84' lang='grc' dir='ltr'><strong><em>τῆς</em></strong></span> <span class='ocrx_word' id='word_1_121' title='bbox 1071 2065 1312 2153; x_wconf 83' lang='grc' dir='ltr'><strong><em>πύλης,</em></strong></span> <span class='ocrx_word' id='word_1_122' title='bbox 1375 2065 1520 2154; x_wconf 79' lang='grc' dir='ltr'><strong><em>ἥτις</em></strong></span> <span class='ocrx_word' id='word_1_123' title='bbox 1586 2070 1651 2149; x_wconf 81' lang='grc' dir='ltr'><strong><em>ἐξ</em></strong></span> <span class='ocrx_word' id='word_1_124' title='bbox 1713 2066 1924 2136; x_wconf 86' lang='grc' dir='ltr'><strong><em>αὐτοῦ</em></strong></span> <span class='ocrx_word' id='word_1_125' title='bbox 1982 2066 2460 2155; x_wconf 84' lang='grc' dir='ltr'><strong><em>Στησιχόρειος</em></strong></span> 
     </span>
     <span class='ocr_line' id='line_1_19' title="bbox 161 2164 2459 2262; baseline 0.002 -25"><span class='ocrx_word' id='word_1_126' title='bbox 161 2168 716 2261; x_wconf 79' lang='grc' dir='ltr'><strong><em>πρόσηγόρευται.</em></strong></span> <span class='ocrx_word' id='word_1_127' title='bbox 806 2187 945 2254; x_wconf 82' lang='grc' dir='ltr'><strong><em>τοῖς</em></strong></span> <span class='ocrx_word' id='word_1_128' title='bbox 995 2173 1070 2241; x_wconf 77' lang='grc' dir='ltr'><strong><em>δὲ</em></strong></span> <span class='ocrx_word' id='word_1_129' title='bbox 1116 2173 1386 2261; x_wconf 88' lang='grc' dir='ltr'><strong><em>χρόνοις</em></strong></span> <span class='ocrx_word' id='word_1_130' title='bbox 1431 2164 1520 2259; x_wconf 81' lang='grc' dir='ltr'><strong><em>ἦν</em></strong></span> <span class='ocrx_word' id='word_1_131' title='bbox 1565 2174 1888 2262; x_wconf 76' lang='grc' dir='ltr'><strong><em>νεώτερος</em></strong></span> <span class='ocrx_word' id='word_1_132' title='bbox 1930 2172 2293 2261; x_wconf 80' lang='grc' dir='ltr'><strong><em>Ἀλκμᾶνος</em></strong></span> <span class='ocrx_word' id='word_1_133' title='bbox 2337 2178 2459 2242; x_wconf 88' lang='grc' dir='ltr'><strong><em>τοῦ</em></strong></span> 
     </span>
     <span class='ocr_line' id='line_1_20' title="bbox 161 2278 2459 2368; baseline 0.003 -25"><span class='ocrx_word' id='word_1_134' title='bbox 161 2284 464 2368; x_wconf 84' lang='grc' dir='ltr'><strong><em>λυρικοῦ,</em></strong></span> <span class='ocrx_word' id='word_1_135' title='bbox 512 2282 617 2348; x_wconf 81' lang='grc' dir='ltr'><strong><em>ἐπὶ</em></strong></span> <span class='ocrx_word' id='word_1_136' title='bbox 661 2284 777 2368; x_wconf 82' lang='grc' dir='ltr'><strong><em>τῆς</em></strong></span> <span class='ocrx_word' id='word_1_137' title='bbox 823 2280 919 2362; x_wconf 80' lang='grc' dir='ltr'><strong><em>λζ’</em></strong></span> <span class='ocrx_word' id='word_1_138' title='bbox 969 2278 1380 2367; x_wconf 84' lang='grc' dir='ltr'><strong><em>ὀλυμπιάδος</em></strong></span> <span class='ocrx_word' id='word_1_139' title='bbox 1426 2279 1735 2366; x_wconf 74' lang='grc' dir='ltr'><strong><em>γεγονώς.</em></strong></span> <span class='ocrx_word' id='word_1_140' title='bbox 1812 2282 2187 2366; x_wconf 83' lang='grc' dir='ltr'><strong><em>ἐτελεύτησε</em></strong></span> <span class='ocrx_word' id='word_1_141' title='bbox 2236 2280 2311 2349; x_wconf 74' lang='grc' dir='ltr'><strong><em>δὲ</em></strong></span> <span class='ocrx_word' id='word_1_142' title='bbox 2354 2281 2459 2349; x_wconf 81' lang='grc' dir='ltr'><strong><em>ἐπὶ</em></strong></span> 
     </span>
     <span class='ocr_line' id='line_1_21' title="bbox 159 2385 2539 2476; baseline 0.002 -27"><span class='ocrx_word' id='word_1_143' title='bbox 159 2389 272 2471; x_wconf 82' lang='grc' dir='ltr'><strong><em>τῆς</em></strong></span> <span class='ocrx_word' id='word_1_144' title='bbox 319 2386 454 2468; x_wconf 81' lang='grc' dir='ltr'><strong><em>νς’.</em></strong></span> <span class='ocrx_word' id='word_1_145' title='bbox 547 2385 677 2475; x_wconf 76' lang='grc' dir='ltr'><strong><em>εἶχε</em></strong></span> <span class='ocrx_word' id='word_1_146' title='bbox 735 2387 809 2455; x_wconf 71' lang='grc' dir='ltr'><strong><em>δὲ</em></strong></span> <span class='ocrx_word' id='word_1_147' title='bbox 869 2385 1168 2475; x_wconf 76' lang='grc' dir='ltr'><strong><em>ἀδελφὸν</em></strong></span> <span class='ocrx_word' id='word_1_148' title='bbox 1212 2393 1614 2474; x_wconf 85' lang='grc' dir='ltr'><strong><em>γεωμετρίας</em></strong></span> <span class='ocrx_word' id='word_1_149' title='bbox 1659 2392 1971 2475; x_wconf 82' lang='grc' dir='ltr'><strong><em>ἔμπειρον</em></strong></span> <span class='ocrx_word' id='word_1_150' title='bbox 2023 2391 2460 2476; x_wconf 79' lang='grc' dir='ltr'><strong><em>Μαμερτῖνον</em></strong></span> <span class='ocrx_word' id='word_1_151' title='bbox 2487 2405 2539 2442; x_wconf 75' lang='lat'><strong><em>2⁰</em></strong></span> 
     </span>
     <span class='ocr_line' id='line_1_22' title="bbox 159 2492 2458 2583; baseline 0.002 -28"><span class='ocrx_word' id='word_1_152' title='bbox 159 2492 266 2557; x_wconf 86' lang='grc' dir='ltr'><strong><em>καὶ</em></strong></span> <span class='ocrx_word' id='word_1_153' title='bbox 319 2496 554 2581; x_wconf 79' lang='grc' dir='ltr'><strong><em>ἕτερον</em></strong></span> <span class='ocrx_word' id='word_1_154' title='bbox 587 2492 990 2563; x_wconf 85' lang='grc' dir='ltr'><strong><em>Ἡλιάνακτα</em></strong></span> <span class='ocrx_word' id='word_1_155' title='bbox 1036 2493 1433 2581; x_wconf 85' lang='grc' dir='ltr'><strong><em>νομοθέτην.</em></strong></span> <span class='ocrx_word' id='word_1_156' title='bbox 1538 2495 1774 2579; x_wconf 90' lang='grc' dir='ltr'><strong><em>γέγονε</em></strong></span> <span class='ocrx_word' id='word_1_157' title='bbox 1826 2493 1901 2562; x_wconf 73' lang='grc' dir='ltr'><strong><em>δὲ</em></strong></span> <span class='ocrx_word' id='word_1_158' title='bbox 1960 2492 2248 2583; x_wconf 89' lang='grc' dir='ltr'><strong><em>λυρικός.</em></strong></span> <span class='ocrx_word' id='word_1_159' title='bbox 2348 2494 2458 2560; x_wconf 82' lang='grc' dir='ltr'><strong><em>καὶ</em></strong></span> 
     </span>
     <span class='ocr_line' id='line_1_23' title="bbox 161 2598 2458 2692; baseline 0.002 -29"><span class='ocrx_word' id='word_1_160' title='bbox 161 2602 340 2667; x_wconf 85' lang='grc' dir='ltr'><strong><em>ἔστιν</em></strong></span> <span class='ocrx_word' id='word_1_161' title='bbox 404 2598 610 2669; x_wconf 85' lang='grc' dir='ltr'><strong><em>αὐτοῦ</em></strong></span> <span class='ocrx_word' id='word_1_162' title='bbox 658 2599 737 2669; x_wconf 81' lang='grc' dir='ltr'><strong><em>τὰ</em></strong></span> <span class='ocrx_word' id='word_1_163' title='bbox 790 2599 1122 2687; x_wconf 87' lang='grc' dir='ltr'><strong><em>ποιήματα</em></strong></span> <span class='ocrx_word' id='word_1_164' title='bbox 1169 2603 1432 2687; x_wconf 85' lang='grc' dir='ltr'><strong><em>Δωρίδι</em></strong></span> <span class='ocrx_word' id='word_1_165' title='bbox 1491 2602 1809 2692; x_wconf 76' lang='grc' dir='ltr'><strong><em>διαλέκτῳ</em></strong></span> <span class='ocrx_word' id='word_1_166' title='bbox 1870 2602 1943 2669; x_wconf 79' lang='grc' dir='ltr'><strong><em>ἐν</em></strong></span> <span class='ocrx_word' id='word_1_167' title='bbox 2001 2606 2288 2688; x_wconf 85' lang='grc' dir='ltr'><strong><em>βιβλίοις</em></strong></span> <span class='ocrx_word' id='word_1_168' title='bbox 2331 2599 2458 2679; x_wconf 65' lang='grc' dir='ltr'><strong><em>σις’·</em></strong></span> 
     </span>
     <span class='ocr_line' id='line_1_24' title="bbox 164 2703 2457 2795; baseline 0.002 -25"><span class='ocrx_word' id='word_1_169' title='bbox 164 2707 325 2787; x_wconf 81' lang='grc' dir='ltr'><strong><em>φασὶ</em></strong></span> <span class='ocrx_word' id='word_1_170' title='bbox 381 2706 456 2774; x_wconf 77' lang='grc' dir='ltr'><strong><em>δὲ</em></strong></span> <span class='ocrx_word' id='word_1_171' title='bbox 502 2703 711 2775; x_wconf 88' lang='grc' dir='ltr'><strong><em>αὐτὸν</em></strong></span> <span class='ocrx_word' id='word_1_172' title='bbox 757 2706 1106 2793; x_wconf 80' lang='grc' dir='ltr'><strong><em>γράψαντα</em></strong></span> <span class='ocrx_word' id='word_1_173' title='bbox 1151 2705 1371 2791; x_wconf 84' lang='grc' dir='ltr'><strong><em>ψόγον</em></strong></span> <span class='ocrx_word' id='word_1_174' title='bbox 1409 2704 1681 2794; x_wconf 87' lang='grc' dir='ltr'><strong><em>Ἑλένης</em></strong></span> <span class='ocrx_word' id='word_1_175' title='bbox 1725 2712 2199 2795; x_wconf 82' lang='grc' dir='ltr'><strong><em>τυφλωθῆναι,</em></strong></span> <span class='ocrx_word' id='word_1_176' title='bbox 2254 2707 2457 2776; x_wconf 88' lang='grc' dir='ltr'><strong><em>πάλιν</em></strong></span> 
     </span>
     <span class='ocr_line' id='line_1_25' title="bbox 167 2810 2459 2905; baseline 0.003 -29"><span class='ocrx_word' id='word_1_177' title='bbox 167 2810 236 2877; x_wconf 71' lang='grc' dir='ltr'><strong><em>δὲ</em></strong></span> <span class='ocrx_word' id='word_1_178' title='bbox 284 2812 642 2899; x_wconf 83' lang='grc' dir='ltr'><strong><em>γράψαντα</em></strong></span> <span class='ocrx_word' id='word_1_179' title='bbox 677 2810 947 2898; x_wconf 88' lang='grc' dir='ltr'><strong><em>Ἑλένης</em></strong></span> <span class='ocrx_word' id='word_1_180' title='bbox 994 2811 1322 2899; x_wconf 77' lang='grc' dir='ltr'><strong><em>ἐγκώμιον</em></strong></span> <span class='ocrx_word' id='word_1_181' title='bbox 1370 2814 1436 2893; x_wconf 81' lang='grc' dir='ltr'><strong><em>ἐξ</em></strong></span> <span class='ocrx_word' id='word_1_182' title='bbox 1484 2810 1788 2900; x_wconf 86' lang='grc' dir='ltr'><strong><em>ὀνείρου,</em></strong></span> <span class='ocrx_word' id='word_1_183' title='bbox 1846 2812 1969 2901; x_wconf 87' lang='grc' dir='ltr'><strong><em>τὴν</em></strong></span> <span class='ocrx_word' id='word_1_184' title='bbox 2015 2818 2459 2905; x_wconf 75' lang='grc' dir='ltr'><strong><em>παλινῳδίαν,</em></strong></span> 
     </span>
    </p>
   </div>
   <div class='ocr_carea' id='block_1_3' title="bbox 165 2932 359 2942">
    <p class='ocr_par' dir='ltr' id='par_1_6' title="bbox 165 2932 359 2942">
     <span class='ocr_line' id='line_1_26' title="bbox 165 2932 359 2942; baseline 0 1950"><span class='ocrx_word' id='word_1_185' title='bbox 165 2932 359 2942; x_wconf 95' lang='lat' dir='ltr'><strong><em> </em></strong></span> 
     </span>
    </p>
   </div>
   <div class='ocr_carea' id='block_1_4' title="bbox 428 2934 592 2943">
    <p class='ocr_par' dir='ltr' id='par_1_7' title="bbox 428 2934 592 2943">
     <span class='ocr_line' id='line_1_27' title="bbox 428 2934 592 2943; baseline 0 1949"><span class='ocrx_word' id='word_1_186' title='bbox 428 2934 592 2943; x_wconf 95' lang='lat' dir='ltr'><strong><em> </em></strong></span> 
     </span>
    </p>
   </div>
   <div class='ocr_carea' id='block_1_5' title="bbox 91 2986 2457 4420">
    <p class='ocr_par' dir='ltr' id='par_1_8' title="bbox 163 2986 2457 3221">
     <span class='ocr_line' id='line_1_28' title="bbox 304 2986 2457 3061; baseline -0 -16"><span class='ocrx_word' id='word_1_187' title='bbox 304 2998 332 3045; x_wconf 96' lang='grc'>1</span> <span class='ocrx_word' id='word_1_188' title='bbox 387 2986 512 3060; x_wconf 82' lang='grc' dir='ltr'><strong><em>ἤτοι</em></strong></span> <span class='ocrx_word' id='word_1_189' title='bbox 560 3022 627 3032; x_wconf 92' lang='grc'>-</span> <span class='ocrx_word' id='word_1_190' title='bbox 674 2986 1093 3061; x_wconf 69' lang='grc' dir='ltr'><strong><em>ὠνομάσθησαν</em></strong></span> <span class='ocrx_word' id='word_1_191' title='bbox 1139 2989 1271 3044; x_wconf 85' lang='lat' dir='ltr'><strong>libri</strong></span> <span class='ocrx_word' id='word_1_192' title='bbox 1311 2988 1472 3044; x_wconf 78' lang='lat' dir='ltr'><strong>Suid.</strong></span> <span class='ocrx_word' id='word_1_193' title='bbox 1520 2992 1765 3060; x_wconf 75' lang='lat' dir='ltr'><strong>(praeter</strong></span> <span class='ocrx_word' id='word_1_194' title='bbox 1799 2997 1869 3059; x_wconf 62' lang='grc' dir='ltr'><strong><em>Ἲς</em></strong></span> <span class='ocrx_word' id='word_1_195' title='bbox 1919 2991 2016 3046; x_wconf 77' lang='grc' dir='ltr'><strong><em>καὶ</em></strong></span> <span class='ocrx_word' id='word_1_196' title='bbox 2058 2988 2271 3053; x_wconf 78' lang='grc' dir='ltr'><strong><em>Πλειὰς</em></strong></span> <span class='ocrx_word' id='word_1_197' title='bbox 2306 2996 2457 3045; x_wconf 75' lang='lat' dir='ltr'><strong><em>ABE</em></strong></span> 
     </span>
     <span class='ocr_line' id='line_1_29' title="bbox 166 3068 2456 3141; baseline 0.004 -22"><span class='ocrx_word' id='word_1_198' title='bbox 166 3071 259 3123; x_wconf 77' lang='grc' dir='ltr'><strong><em>καὶ</em></strong></span> <span class='ocrx_word' id='word_1_199' title='bbox 295 3088 410 3127; x_wconf 87' lang='lat' dir='ltr'><strong><em>om.</em></strong></span> <span class='ocrx_word' id='word_1_200' title='bbox 451 3072 572 3141; x_wconf 84' lang='lat' dir='ltr'><strong>rel.)</strong></span> <span class='ocrx_word' id='word_1_201' title='bbox 601 3072 774 3137; x_wconf 66' lang='lat' dir='ltr'><strong><em>Eud„</em></strong></span> <span class='ocrx_word' id='word_1_202' title='bbox 808 3068 1014 3124; x_wconf 76' lang='lat' dir='ltr'><strong>iniuria</strong></span> <span class='ocrx_word' id='word_1_203' title='bbox 1039 3068 1308 3139; x_wconf 73' lang='lat' dir='ltr'><strong>expunxit</strong></span> <span class='ocrx_word' id='word_1_204' title='bbox 1334 3071 1693 3141; x_wconf 77' lang='lat' dir='ltr'><strong><em>Bernhardy,</em></strong></span> <span class='ocrx_word' id='word_1_205' title='bbox 1732 3072 1804 3125; x_wconf 76' lang='lat' dir='ltr'><strong><em>ab</em></strong></span> <span class='ocrx_word' id='word_1_206' title='bbox 1840 3070 2063 3127; x_wconf 85' lang='lat' dir='ltr'><strong>homine</strong></span> <span class='ocrx_word' id='word_1_207' title='bbox 2096 3071 2456 3128; x_wconf 74' lang='lat' dir='ltr'><strong>scholiastico</strong></span> 
     </span>
     <span class='ocr_line' id='line_1_30' title="bbox 163 3147 752 3221; baseline 0.01 -22"><span class='ocrx_word' id='word_1_208' title='bbox 163 3147 260 3203; x_wconf 78' lang='lat' dir='ltr'><strong>illa</strong></span> <span class='ocrx_word' id='word_1_209' title='bbox 296 3151 560 3221; x_wconf 77' lang='lat' dir='ltr'><strong>profecta</strong></span> <span class='ocrx_word' id='word_1_210' title='bbox 596 3154 752 3207; x_wconf 72' lang='lat' dir='ltr'><strong>ratus</strong></span> 
     </span>
    </p>

    <p class='ocr_par' dir='ltr' id='par_1_9' title="bbox 162 3229 2455 3462">
     <span class='ocr_line' id='line_1_31' title="bbox 301 3229 2188 3302; baseline -0.001 -16"><span class='ocrx_word' id='word_1_211' title='bbox 301 3231 600 3287; x_wconf 84' lang='lat' dir='ltr'><strong>DCCXLV</strong></span> <span class='ocrx_word' id='word_1_212' title='bbox 637 3232 716 3286; x_wconf 88' lang='lat' dir='ltr'><strong><em>cf.</em></strong></span> <span class='ocrx_word' id='word_1_213' title='bbox 756 3230 918 3302; x_wconf 85' lang='lat' dir='ltr'><strong>Diog.</strong></span> <span class='ocrx_word' id='word_1_214' title='bbox 959 3231 1053 3300; x_wconf 90' lang='lat' dir='ltr'><strong><em>IV,</em></strong></span> <span class='ocrx_word' id='word_1_215' title='bbox 1094 3238 1142 3299; x_wconf 91' lang='lat'><strong><em>1,</em></strong></span> <span class='ocrx_word' id='word_1_216' title='bbox 1181 3248 1216 3284; x_wconf 82' lang='lat' dir='ltr'><strong>a</strong></span> <span class='ocrx_word' id='word_1_217' title='bbox 1254 3248 1368 3299; x_wconf 86' lang='lat' dir='ltr'><strong><em>quo</em></strong></span> <span class='ocrx_word' id='word_1_218' title='bbox 1403 3232 1527 3286; x_wconf 76' lang='lat' dir='ltr'><strong>tota</strong></span> <span class='ocrx_word' id='word_1_219' title='bbox 1563 3233 1773 3301; x_wconf 73' lang='lat' dir='ltr'><strong>pendet</strong></span> <span class='ocrx_word' id='word_1_220' title='bbox 1941 3239 1974 3287; x_wconf 80' lang='lat'><strong>6</strong></span> <span class='ocrx_word' id='word_1_221' title='bbox 2014 3229 2101 3301; x_wconf 84' lang='grc' dir='ltr'><strong><em>ρν’</em></strong></span> <span class='ocrx_word' id='word_1_222' title='bbox 2142 3237 2188 3285; x_wconf 82' lang='grc' dir='ltr'><strong>Δ</strong></span> 
     </span>
     <span class='ocr_line' id='line_1_32' title="bbox 166 3309 2455 3381; baseline 0.002 -19"><span class='ocrx_word' id='word_1_223' title='bbox 166 3314 194 3362; x_wconf 86' lang='grc'><strong><em>’1</em></strong></span> <span class='ocrx_word' id='word_1_224' title='bbox 233 3311 424 3367; x_wconf 78' lang='lat' dir='ltr'>Verba</span> <span class='ocrx_word' id='word_1_225' title='bbox 460 3312 674 3369; x_wconf 78' lang='lat' dir='ltr'><strong>seclusa</strong></span> <span class='ocrx_word' id='word_1_226' title='bbox 719 3312 958 3378; x_wconf 82' lang='lat' dir='ltr'><strong>removi,</strong></span> <span class='ocrx_word' id='word_1_227' title='bbox 1005 3328 1148 3380; x_wconf 77' lang='lat' dir='ltr'><strong>quae</strong></span> <span class='ocrx_word' id='word_1_228' title='bbox 1186 3309 1436 3366; x_wconf 84' lang='lat' dir='ltr'><strong>ordinem</strong></span> <span class='ocrx_word' id='word_1_229' title='bbox 1473 3312 1891 3381; x_wconf 75' lang='lat' dir='ltr'><strong>Hesychianum</strong></span> <span class='ocrx_word' id='word_1_230' title='bbox 1928 3312 2167 3380; x_wconf 73' lang='lat' dir='ltr'><strong>violent3</strong></span> <span class='ocrx_word' id='word_1_231' title='bbox 2215 3314 2455 3369; x_wconf 73' lang='lat' dir='ltr'><strong>fortasse</strong></span> 
     </span>
     <span class='ocr_line' id='line_1_33' title="bbox 162 3384 2266 3462; baseline 0.002 -21"><span class='ocrx_word' id='word_1_232' title='bbox 162 3392 306 3446; x_wconf 79' lang='lat' dir='ltr'>male</span> <span class='ocrx_word' id='word_1_233' title='bbox 337 3392 631 3447; x_wconf 74' lang='lat' dir='ltr'><strong>intellecta</strong></span> <span class='ocrx_word' id='word_1_234' title='bbox 660 3410 727 3447; x_wconf 79' lang='lat' dir='ltr'><strong><em>ex</em></strong></span> <span class='ocrx_word' id='word_1_235' title='bbox 755 3392 918 3462; x_wconf 85' lang='lat' dir='ltr'><strong>Diog.</strong></span> <span class='ocrx_word' id='word_1_236' title='bbox 947 3393 984 3447; x_wconf 91' lang='lat'><strong><em>1.</em></strong></span> <span class='ocrx_word' id='word_1_237' title='bbox 1016 3410 1062 3446; x_wconf 84' lang='grc' dir='ltr'><strong><em>ο.</em></strong></span> <span class='ocrx_word' id='word_1_238' title='bbox 1092 3391 1189 3445; x_wconf 74' lang='grc' dir='ltr'><strong><em>καὶ</em></strong></span> <span class='ocrx_word' id='word_1_239' title='bbox 1218 3387 1324 3460; x_wconf 76' lang='grc' dir='ltr'><strong><em>γὰρ</em></strong></span> <span class='ocrx_word' id='word_1_240' title='bbox 1354 3386 1575 3460; x_wconf 78' lang='grc' dir='ltr'><strong><em>ὀργίλος</em></strong></span> <span class='ocrx_word' id='word_1_241' title='bbox 1602 3394 1700 3446; x_wconf 84' lang='grc' dir='ltr'><strong><em>καὶ</em></strong></span> <span class='ocrx_word' id='word_1_242' title='bbox 1729 3388 1953 3461; x_wconf 79' lang='grc' dir='ltr'><strong><em>ἡδονῶν</em></strong></span> <span class='ocrx_word' id='word_1_243' title='bbox 1983 3386 2165 3461; x_wconf 78' lang='grc' dir='ltr'><strong><em>ἥττων</em></strong></span> <span class='ocrx_word' id='word_1_244' title='bbox 2194 3384 2266 3461; x_wconf 84' lang='grc' dir='ltr'><strong><em>ἦν</em></strong></span> 
     </span>
    </p>

    <p class='ocr_par' dir='ltr' id='par_1_10' title="bbox 91 3468 2454 3621">
     <span class='ocr_line' id='line_1_34' title="bbox 302 3468 2454 3543; baseline 0 -18"><span class='ocrx_word' id='word_1_245' title='bbox 302 3472 620 3527; x_wconf 84' lang='lat' dir='ltr'><strong>DCCXLVI</strong></span> <span class='ocrx_word' id='word_1_246' title='bbox 657 3472 810 3527; x_wconf 76' lang='lat' dir='ltr'><strong><em>Eud.</em></strong></span> <span class='ocrx_word' id='word_1_247' title='bbox 848 3491 900 3541; x_wconf 88' lang='lat' dir='ltr'><strong><em>p.</em></strong></span> <span class='ocrx_word' id='word_1_248' title='bbox 933 3478 1050 3526; x_wconf 78' lang='lat'><strong>647.</strong></span> <span class='ocrx_word' id='word_1_249' title='bbox 1117 3471 1197 3525; x_wconf 83' lang='lat' dir='ltr'><strong><em>Cf.</em></strong></span> <span class='ocrx_word' id='word_1_250' title='bbox 1227 3470 1504 3539; x_wconf 83' lang='lat' dir='ltr'>Welcker‚</span> <span class='ocrx_word' id='word_1_251' title='bbox 1535 3471 1628 3525; x_wconf 83' lang='lat' dir='ltr'><strong><em>Gr.</em></strong></span> <span class='ocrx_word' id='word_1_252' title='bbox 1659 3472 1825 3543; x_wconf 80' lang='lat' dir='ltr'><strong>Trag.</strong></span> <span class='ocrx_word' id='word_1_253' title='bbox 1854 3491 1909 3542; x_wconf 89' lang='lat' dir='ltr'><strong><em>p.</em></strong></span> <span class='ocrx_word' id='word_1_254' title='bbox 1943 3478 2081 3526; x_wconf 85' lang='lat'>1034</span> <span class='ocrx_word' id='word_1_255' title='bbox 2195 3478 2261 3526; x_wconf 89' lang='lat'><strong><em>10</em></strong></span> <span class='ocrx_word' id='word_1_256' title='bbox 2289 3468 2454 3541; x_wconf 80' lang='grc' dir='ltr'><strong><em>Ἦρα·-</em></strong></span> 
     </span>
     <span class='ocr_line' id='line_1_35' title="bbox 91 3546 1294 3621; baseline 0.005 -22"><span class='ocrx_word' id='word_1_257' title='bbox 91 3570 106 3584; x_wconf 78' lang='lat'>=</span> <span class='ocrx_word' id='word_1_258' title='bbox 166 3546 432 3619; x_wconf 74' lang='grc' dir='ltr'><strong><em>κλειιότης</em></strong></span> <span class='ocrx_word' id='word_1_259' title='bbox 467 3556 560 3605; x_wconf 77' lang='grc' dir='ltr'><strong><em>ΒΕ</em></strong></span> <span class='ocrx_word' id='word_1_260' title='bbox 706 3568 778 3606; x_wconf 75' lang='lat' dir='ltr'><strong><em>an</em></strong></span> <span class='ocrx_word' id='word_1_261' title='bbox 815 3546 1294 3621; x_wconf 69' lang='grc' dir='ltr'><strong><em>πυρικαιόμενοςῗ</em></strong></span> 
     </span>
    </p>

    <p class='ocr_par' dir='ltr' id='par_1_11' title="bbox 168 3624 2457 4420">
     <span class='ocr_line' id='line_1_36' title="bbox 304 3624 2453 3699; baseline -0 -15"><span class='ocrx_word' id='word_1_262' title='bbox 304 3630 647 3685; x_wconf 85' lang='lat' dir='ltr'><strong>DCCXLVII</strong></span> <span class='ocrx_word' id='word_1_263' title='bbox 685 3631 836 3685; x_wconf 79' lang='lat' dir='ltr'><strong><em>Eud.</em></strong></span> <span class='ocrx_word' id='word_1_264' title='bbox 874 3648 928 3699; x_wconf 91' lang='lat' dir='ltr'><strong><em>p.</em></strong></span> <span class='ocrx_word' id='word_1_265' title='bbox 970 3634 1093 3696; x_wconf 77' lang='lat'><strong>64⁷,</strong></span> <span class='ocrx_word' id='word_1_266' title='bbox 1128 3645 1272 3696; x_wconf 79' lang='lat' dir='ltr'>quae</span> <span class='ocrx_word' id='word_1_267' title='bbox 1320 3646 1428 3683; x_wconf 90' lang='lat' dir='ltr'><strong><em>om.</em></strong></span> <span class='ocrx_word' id='word_1_268' title='bbox 1467 3624 1544 3692; x_wconf 80' lang='grc' dir='ltr'><strong><em>ὥς</em></strong></span> <span class='ocrx_word' id='word_1_269' title='bbox 1581 3628 1644 3685; x_wconf 73' lang='grc' dir='ltr'><strong><em>δὲ</em></strong></span> <span class='ocrx_word' id='word_1_270' title='bbox 1690 3626 1847 3684; x_wconf 78' lang='grc' dir='ltr'><strong><em>ἄλλοι</em></strong></span> <span class='ocrx_word' id='word_1_271' title='bbox 1887 3662 1951 3670; x_wconf 88' lang='lat'><strong><em>-—</em></strong></span> <span class='ocrx_word' id='word_1_272' title='bbox 1991 3627 2453 3699; x_wconf 79' lang='grc' dir='ltr'><strong><em>προσηγόρευται.</em></strong></span> 
     </span>
     <span class='ocr_line' id='line_1_37' title="bbox 168 3704 2323 3781; baseline 0.001 -20"><span class='ocrx_word' id='word_1_273' title='bbox 168 3704 245 3760; x_wconf 85' lang='lat' dir='ltr'><strong><em>Cf.</em></strong></span> <span class='ocrx_word' id='word_1_274' title='bbox 287 3710 482 3779; x_wconf 72' lang='lat' dir='ltr'><strong>Steph.</strong></span> <span class='ocrx_word' id='word_1_275' title='bbox 519 3712 650 3781; x_wconf 79' lang='lat' dir='ltr'><strong>Byz.</strong></span> <span class='ocrx_word' id='word_1_276' title='bbox 688 3730 740 3766; x_wconf 87' lang='lat' dir='ltr'><strong><em>v.</em></strong></span> <span class='ocrx_word' id='word_1_277' title='bbox 779 3707 1088 3777; x_wconf 82' lang='grc' dir='ltr'><strong><em>Μάταυρος</em></strong></span> <span class='ocrx_word' id='word_1_278' title='bbox 1126 3709 1434 3775; x_wconf 76' lang='lat' dir='ltr'><strong><em>et·Rohde,</em></strong></span> <span class='ocrx_word' id='word_1_279' title='bbox 1471 3711 1610 3764; x_wconf 81' lang='lat' dir='ltr'><strong>Mus.</strong></span> <span class='ocrx_word' id='word_1_280' title='bbox 1650 3710 1827 3764; x_wconf 82' lang='lat' dir='ltr'><strong>Rhen.</strong></span> <span class='ocrx_word' id='word_1_281' title='bbox 1864 3710 2097 3764; x_wconf 89' lang='lat' dir='ltr'><strong>XXXIV</strong></span> <span class='ocrx_word' id='word_1_282' title='bbox 2134 3728 2187 3778; x_wconf 90' lang='lat' dir='ltr'><strong><em>p.</em></strong></span> <span class='ocrx_word' id='word_1_283' title='bbox 2220 3716 2323 3764; x_wconf 82' lang='grc'><strong><em>569</em></strong></span> 
     </span>
     <span class='ocr_line' id='line_1_38' title="bbox 170 3783 2457 3858; baseline 0.001 -18"><span class='ocrx_word' id='word_1_284' title='bbox 170 3789 233 3839; x_wconf 82' lang='grc'><strong><em>13</em></strong></span> <span class='ocrx_word' id='word_1_285' title='bbox 271 3783 536 3852; x_wconf 81' lang='grc' dir='ltr'><strong><em>Εύεποῦς</em></strong></span> <span class='ocrx_word' id='word_1_286' title='bbox 565 3791 886 3846; x_wconf 75' lang='lat' dir='ltr'><strong><em>Gutschmid</em></strong></span> <span class='ocrx_word' id='word_1_287' title='bbox 958 3790 1055 3844; x_wconf 76' lang='grc' dir='ltr'><strong><em>καὶ</em></strong></span> <span class='ocrx_word' id='word_1_288' title='bbox 1093 3786 1308 3851; x_wconf 86' lang='grc' dir='ltr'><strong><em>πόλεως</em></strong></span> <span class='ocrx_word' id='word_1_289' title='bbox 1334 3791 1478 3857; x_wconf 75' lang='lat' dir='ltr'><strong><em>vuly.</em></strong></span> <span class='ocrx_word' id='word_1_290' title='bbox 1518 3791 1615 3844; x_wconf 84' lang='grc' dir='ltr'><strong><em>καὶ</em></strong></span> <span class='ocrx_word' id='word_1_291' title='bbox 1648 3807 1754 3845; x_wconf 89' lang='lat' dir='ltr'><strong><em>om.</em></strong></span> <span class='ocrx_word' id='word_1_292' title='bbox 1786 3795 1832 3843; x_wconf 82' lang='grc' dir='ltr'><strong>Δ</strong></span> <span class='ocrx_word' id='word_1_293' title='bbox 1870 3786 1933 3845; x_wconf 76' lang='grc' dir='ltr'><strong><em>ἐκ</em></strong></span> <span class='ocrx_word' id='word_1_294' title='bbox 1962 3786 2177 3851; x_wconf 84' lang='grc' dir='ltr'><strong><em>πόλεως</em></strong></span> <span class='ocrx_word' id='word_1_295' title='bbox 2204 3796 2267 3857; x_wconf 83' lang='lat' dir='ltr'><strong><em>V,</em></strong></span> <span class='ocrx_word' id='word_1_296' title='bbox 2307 3789 2457 3858; x_wconf 86' lang='lat' dir='ltr'>quod</span> 
     </span>
     <span class='ocr_line' id='line_1_39' title="bbox 171 3867 2452 3941; baseline 0.001 -22"><span class='ocrx_word' id='word_1_297' title='bbox 171 3868 367 3938; x_wconf 77' lang='lat' dir='ltr'><strong>scripsi</strong></span> <span class='ocrx_word' id='word_1_298' title='bbox 502 3877 568 3926; x_wconf 85' lang='lat'><strong><em>14</em></strong></span> <span class='ocrx_word' id='word_1_299' title='bbox 603 3875 754 3927; x_wconf 86' lang='grc' dir='ltr'><strong><em>Ματ.</em></strong></span> <span class='ocrx_word' id='word_1_300' title='bbox 793 3867 954 3932; x_wconf 88' lang='grc' dir='ltr'><strong><em>πόλις</em></strong></span> <span class='ocrx_word' id='word_1_301' title='bbox 981 3870 1244 3931; x_wconf 79' lang='grc' dir='ltr'><strong><em>Σικελίας</em></strong></span> <span class='ocrx_word' id='word_1_302' title='bbox 1273 3870 1455 3939; x_wconf 78' lang='lat' dir='ltr'><strong>Steph.</strong></span> <span class='ocrx_word' id='word_1_303' title='bbox 1483 3871 1643 3941; x_wconf 70' lang='lat' dir='ltr'><strong><em>Byz„</em></strong></span> <span class='ocrx_word' id='word_1_304' title='bbox 1680 3872 1862 3939; x_wconf 80' lang='lat' dir='ltr'><strong>quode</strong></span> <span class='ocrx_word' id='word_1_305' title='bbox 1900 3871 1969 3925; x_wconf 83' lang='lat' dir='ltr'><strong><em>cf.</em></strong></span> <span class='ocrx_word' id='word_1_306' title='bbox 1999 3869 2255 3925; x_wconf 82' lang='lat' dir='ltr'><strong>Meineke</strong></span> <span class='ocrx_word' id='word_1_307' title='bbox 2294 3869 2366 3923; x_wconf 76' lang='lat' dir='ltr'><strong><em>ad</em></strong></span> <span class='ocrx_word' id='word_1_308' title='bbox 2402 3886 2452 3921; x_wconf 88' lang='lat' dir='ltr'><strong><em>v.</em></strong></span> 
     </span>
     <span class='ocr_line' id='line_1_40' title="bbox 168 3946 2453 4021; baseline 0.001 -20"><span class='ocrx_word' id='word_1_309' title='bbox 168 3946 462 4019; x_wconf 87' lang='grc' dir='ltr'><strong><em>Σινόεσσα,</em></strong></span> <span class='ocrx_word' id='word_1_310' title='bbox 502 3953 560 4007; x_wconf 66' lang='lat' dir='ltr'><strong><em>etz</em></strong></span> <span class='ocrx_word' id='word_1_311' title='bbox 585 3950 764 4020; x_wconf 83' lang='lat' dir='ltr'><strong>Daub,</strong></span> <span class='ocrx_word' id='word_1_312' title='bbox 803 3950 872 4005; x_wconf 85' lang='lat' dir='ltr'><strong><em>de</em></strong></span> <span class='ocrx_word' id='word_1_313' title='bbox 911 3950 1061 4004; x_wconf 83' lang='lat' dir='ltr'><strong>Suid.</strong></span> <span class='ocrx_word' id='word_1_314' title='bbox 1100 3970 1154 4021; x_wconf 91' lang='lat' dir='ltr'><strong><em>p.</em></strong></span> <span class='ocrx_word' id='word_1_315' title='bbox 1184 3956 1289 4004; x_wconf 81' lang='lat'><strong><em>449</em></strong></span> <span class='ocrx_word' id='word_1_316' title='bbox 1404 3956 1467 4004; x_wconf 80' lang='lat'><strong><em>15</em></strong></span> <span class='ocrx_word' id='word_1_317' title='bbox 1508 3952 1863 4005; x_wconf 81' lang='grc' dir='ltr'><strong><em>Παλλαντίου</em></strong></span> <span class='ocrx_word' id='word_1_318' title='bbox 1892 3952 2037 4019; x_wconf 76' lang='lat' dir='ltr'><strong><em>vulq.</em></strong></span> <span class='ocrx_word' id='word_1_319' title='bbox 2149 3955 2213 4004; x_wconf 77' lang='lat'><strong><em>17</em></strong></span> <span class='ocrx_word' id='word_1_320' title='bbox 2251 3949 2350 4005; x_wconf 83' lang='grc' dir='ltr'><strong><em>καὶ</em></strong></span> <span class='ocrx_word' id='word_1_321' title='bbox 2388 3980 2453 3989; x_wconf 86' lang='lat'><strong><em>—-</em></strong></span> 
     </span>
     <span class='ocr_line' id='line_1_41' title="bbox 171 4023 2454 4102; baseline 0 -20"><span class='ocrx_word' id='word_1_322' title='bbox 171 4023 259 4082; x_wconf 75' lang='grc' dir='ltr'><strong><em>νς’</em></strong></span> <span class='ocrx_word' id='word_1_323' title='bbox 281 4047 322 4087; x_wconf 80' lang='lat' dir='ltr'><strong><em>s,</em></strong></span> <span class='ocrx_word' id='word_1_324' title='bbox 351 4030 442 4087; x_wconf 89' lang='lat' dir='ltr'><strong><em>fin.</em></strong></span> <span class='ocrx_word' id='word_1_325' title='bbox 473 4030 622 4085; x_wconf 78' lang='lat' dir='ltr'><strong>vitae</strong></span> <span class='ocrx_word' id='word_1_326' title='bbox 651 4031 778 4086; x_wconf 74' lang='lat' dir='ltr'><strong>add.</strong></span> <span class='ocrx_word' id='word_1_327' title='bbox 806 4034 851 4081; x_wconf 83' lang='lat' dir='ltr'>V</span> <span class='ocrx_word' id='word_1_328' title='bbox 968 4026 1121 4100; x_wconf 79' lang='grc' dir='ltr'><strong><em>παρὰ</em></strong></span> <span class='ocrx_word' id='word_1_329' title='bbox 1143 4028 1252 4099; x_wconf 78' lang='grc' dir='ltr'><strong><em>’τῆς</em></strong></span> <span class='ocrx_word' id='word_1_330' title='bbox 1279 4026 1456 4099; x_wconf 83' lang='grc' dir='ltr'><strong><em>πύλης</em></strong></span> <span class='ocrx_word' id='word_1_331' title='bbox 1484 4032 1757 4086; x_wconf 69' lang='lat' dir='ltr'><strong><em>Kasterus</em></strong></span> <span class='ocrx_word' id='word_1_332' title='bbox 1784 4027 1937 4098; x_wconf 78' lang='grc' dir='ltr'><strong><em>παρὰ</em></strong></span> <span class='ocrx_word' id='word_1_333' title='bbox 1967 4032 2032 4102; x_wconf 83' lang='grc' dir='ltr'><strong><em>τῇ</em></strong></span> <span class='ocrx_word' id='word_1_334' title='bbox 2063 4026 2210 4102; x_wconf 86' lang='grc' dir='ltr'><strong><em>πύλῃ</em></strong></span> <span class='ocrx_word' id='word_1_335' title='bbox 2239 4030 2454 4097; x_wconf 79' lang='lat' dir='ltr'><strong><em>Kleine,</em></strong></span> 
     </span>
     <span class='ocr_line' id='line_1_42' title="bbox 172 4102 2453 4180; baseline 0.003 -24"><span class='ocrx_word' id='word_1_336' title='bbox 172 4102 305 4164; x_wconf 77' lang='lat' dir='ltr'><strong>Stes,</strong></span> <span class='ocrx_word' id='word_1_337' title='bbox 346 4110 410 4165; x_wconf 83' lang='lat' dir='ltr'><strong><em>fr.</em></strong></span> <span class='ocrx_word' id='word_1_338' title='bbox 443 4129 496 4179; x_wconf 90' lang='lat' dir='ltr'><strong><em>p.</em></strong></span> <span class='ocrx_word' id='word_1_339' title='bbox 527 4118 558 4163; x_wconf 89' lang='lat'>3</span> <span class='ocrx_word' id='word_1_340' title='bbox 672 4115 735 4163; x_wconf 83' lang='lat'><strong><em>19</em></strong></span> <span class='ocrx_word' id='word_1_341' title='bbox 776 4105 1095 4177; x_wconf 76' lang='grc' dir='ltr'><strong><em>ἐτελεύτησε</em></strong></span> <span class='ocrx_word' id='word_1_342' title='bbox 1129 4140 1190 4149; x_wconf 87' lang='grc'><strong><em>--</em></strong></span> <span class='ocrx_word' id='word_1_343' title='bbox 1223 4106 1316 4167; x_wconf 87' lang='grc' dir='ltr'><strong><em>νς’</em></strong></span> <span class='ocrx_word' id='word_1_344' title='bbox 1348 4126 1456 4167; x_wconf 89' lang='lat' dir='ltr'><strong><em>om.</em></strong></span> <span class='ocrx_word' id='word_1_345' title='bbox 1485 4111 1636 4166; x_wconf 76' lang='lat' dir='ltr'><strong><em>Eud.</em></strong></span> <span class='ocrx_word' id='word_1_346' title='bbox 1757 4116 1825 4164; x_wconf 84' lang='lat'><strong><em>20</em></strong></span> <span class='ocrx_word' id='word_1_347' title='bbox 1863 4111 2185 4180; x_wconf 82' lang='grc' dir='ltr'><strong><em>γεωμετρῆν</em></strong></span> <span class='ocrx_word' id='word_1_348' title='bbox 2213 4115 2453 4180; x_wconf 83' lang='grc' dir='ltr'><strong><em>Μαμαρ-</em></strong></span> 
     </span>
     <span class='ocr_line' id='line_1_43' title="bbox 174 4184 2329 4260; baseline 0.003 -22"><span class='ocrx_word' id='word_1_349' title='bbox 174 4190 321 4241; x_wconf 83' lang='grc' dir='ltr'><strong><em>τῖνον</em></strong></span> <span class='ocrx_word' id='word_1_350' title='bbox 357 4195 402 4240; x_wconf 83' lang='lat' dir='ltr'>V</span> <span class='ocrx_word' id='word_1_351' title='bbox 435 4184 745 4257; x_wconf 81' lang='grc' dir='ltr'><strong><em>Ἀμὲριστον</em></strong></span> <span class='ocrx_word' id='word_1_352' title='bbox 784 4187 1011 4243; x_wconf 75' lang='lat' dir='ltr'><strong>fratrem</strong></span> <span class='ocrx_word' id='word_1_353' title='bbox 1051 4191 1216 4244; x_wconf 77' lang='lat' dir='ltr'>vocat</span> <span class='ocrx_word' id='word_1_354' title='bbox 1256 4190 1533 4245; x_wconf 75' lang='lat' dir='ltr'><strong><em>Proculus</em></strong></span> <span class='ocrx_word' id='word_1_355' title='bbox 1569 4190 1624 4243; x_wconf 89' lang='lat' dir='ltr'><strong><em>in</em></strong></span> <span class='ocrx_word' id='word_1_356' title='bbox 1663 4189 1877 4245; x_wconf 80' lang='lat' dir='ltr'><strong>Euclid.</strong></span> <span class='ocrx_word' id='word_1_357' title='bbox 1917 4190 2075 4245; x_wconf 83' lang='lat' dir='ltr'><strong>elem.</strong></span> <span class='ocrx_word' id='word_1_358' title='bbox 2108 4196 2139 4243; x_wconf 79' lang='lat'>2</span> <span class='ocrx_word' id='word_1_359' title='bbox 2177 4208 2231 4260; x_wconf 91' lang='lat' dir='ltr'><strong><em>p.</em></strong></span> <span class='ocrx_word' id='word_1_360' title='bbox 2264 4196 2329 4244; x_wconf 83' lang='lat'><strong><em>19</em></strong></span> 
     </span>
     <span class='ocr_line' id='line_1_44' title="bbox 174 4264 2452 4342; baseline 0.004 -27"><span class='ocrx_word' id='word_1_361' title='bbox 174 4269 236 4317; x_wconf 84' lang='lat'><strong><em>21</em></strong></span> <span class='ocrx_word' id='word_1_362' title='bbox 275 4284 387 4337; x_wconf 79' lang='lat' dir='ltr'><strong>seq.</strong></span> <span class='ocrx_word' id='word_1_363' title='bbox 427 4268 758 4337; x_wconf 72' lang='lat' dir='ltr'><strong>compilavit</strong></span> <span class='ocrx_word' id='word_1_364' title='bbox 787 4268 1262 4339; x_wconf 70' lang='lat' dir='ltr'><strong><em>Pseudo-Hesych.</em></strong></span> <span class='ocrx_word' id='word_1_365' title='bbox 1294 4287 1339 4325; x_wconf 82' lang='grc' dir='ltr'><strong><em>ο.</em></strong></span> <span class='ocrx_word' id='word_1_366' title='bbox 1372 4275 1439 4323; x_wconf 83' lang='grc'><strong><em>60</em></strong></span> <span class='ocrx_word' id='word_1_367' title='bbox 1560 4275 1627 4323; x_wconf 83' lang='grc'><strong><em>24</em></strong></span> <span class='ocrx_word' id='word_1_368' title='bbox 1665 4264 1761 4323; x_wconf 77' lang='grc' dir='ltr'><strong><em>διὰ</em></strong></span> <span class='ocrx_word' id='word_1_369' title='bbox 1793 4264 1895 4337; x_wconf 85' lang='grc' dir='ltr'><strong><em>τὴν</em></strong></span> <span class='ocrx_word' id='word_1_370' title='bbox 1934 4271 2283 4342; x_wconf 78' lang='grc' dir='ltr'><strong><em>παλινῳδίαν</em></strong></span> <span class='ocrx_word' id='word_1_371' title='bbox 2312 4269 2452 4324; x_wconf 81' lang='lat' dir='ltr'><strong>coni.</strong></span> 
     </span>
     <span class='ocr_line' id='line_1_45' title="bbox 173 4340 2453 4420; baseline 0.004 -21"><span class='ocrx_word' id='word_1_372' title='bbox 173 4340 438 4402; x_wconf 72' lang='lat' dir='ltr'><strong><em>Kusterus</em></strong></span> <span class='ocrx_word' id='word_1_373' title='bbox 455 4346 574 4401; x_wconf 78' lang='lat' dir='ltr'><strong>sine</strong></span> <span class='ocrx_word' id='word_1_374' title='bbox 592 4346 795 4403; x_wconf 76' lang='lat' dir='ltr'><strong>idonea</strong></span> <span class='ocrx_word' id='word_1_375' title='bbox 815 4364 998 4418; x_wconf 78' lang='lat' dir='ltr'><strong>causa,</strong></span> <span class='ocrx_word' id='word_1_376' title='bbox 1017 4344 1122 4417; x_wconf 84' lang='grc' dir='ltr'><strong><em>τὴν</em></strong></span> <span class='ocrx_word' id='word_1_377' title='bbox 1134 4349 1443 4420; x_wconf 78' lang='grc' dir='ltr'><strong><em>λεγομένην</em></strong></span> <span class='ocrx_word' id='word_1_378' title='bbox 1462 4350 1553 4405; x_wconf 83' lang='lat' dir='ltr'><strong><em>vel</em></strong></span> <span class='ocrx_word' id='word_1_379' title='bbox 1571 4346 1925 4419; x_wconf 83' lang='grc' dir='ltr'><strong><em>καλουμένην</em></strong></span> <span class='ocrx_word' id='word_1_380' title='bbox 1946 4351 2073 4406; x_wconf 87' lang='grc' dir='ltr'><strong><em>παλ.</em></strong></span> <span class='ocrx_word' id='word_1_381' title='bbox 2086 4348 2453 4407; x_wconf 68' lang='lat' dir='ltr'><strong><em>Hemsterhm.</em></strong></span> 
     </span>
    </p>
   </div>
  </div>
 </body>
</html>
