<?xml version="1.0" encoding="UTF-8"?>
<!DOCTYPE html PUBLIC "-//W3C//DTD XHTML 1.0 Transitional//EN"
    "http://www.w3.org/TR/xhtml1/DTD/xhtml1-transitional.dtd">
<html xmlns="http://www.w3.org/1999/xhtml" xml:lang="en" lang="en">
 <head>
  <title>
</title>
<meta http-equiv="Content-Type" content="text/html;charset=utf-8" />
  <meta name='ocr-system' content='tesseract 3.04.00' />
  <meta name='ocr-capabilities' content='ocr_page ocr_carea ocr_par ocr_line ocrx_word'/>
</head>
<body>
  <div class='ocr_page' id='page_1' title='image "./hesychiimilesii04flacgoog_0098.png"; bbox 0 0 3025 4892; ppageno 0'>
   <div class='ocr_carea' id='block_1_1' title="bbox 525 218 1883 286">
    <p class='ocr_par' dir='ltr' id='par_1_1' title="bbox 525 218 1883 286">
     <span class='ocr_line' id='line_1_1' title="bbox 525 218 1883 286; baseline -0.005 -4"><span class='ocrx_word' id='word_1_1' title='bbox 525 219 614 286; x_wconf 82' lang='lat'><strong><em>20</em></strong></span> <span class='ocrx_word' id='word_1_2' title='bbox 1454 218 1827 276; x_wconf 81' lang='lat' dir='ltr'>HESYCEIU</span> <span class='ocrx_word' id='word_1_3' title='bbox 1828 219 1883 275; x_wconf 85' lang='lat' dir='ltr'><strong><em>S.</em></strong></span> 
     </span>
    </p>
   </div>
   <div class='ocr_carea' id='block_1_2' title="bbox 444 374 2909 2924">
    <p class='ocr_par' dir='ltr' id='par_1_2' title="bbox 522 374 2850 679">
     <span class='ocr_line' id='line_1_2' title="bbox 523 374 2847 465; baseline -0.001 -19"><span class='ocrx_word' id='word_1_4' title='bbox 523 383 950 464; x_wconf 76' lang='grc' dir='ltr'><strong><em>Πτολεμαίου</em></strong></span> <span class='ocrx_word' id='word_1_5' title='bbox 994 381 1116 447; x_wconf 83' lang='grc' dir='ltr'><strong><em>τοῦ</em></strong></span> <span class='ocrx_word' id='word_1_6' title='bbox 1161 376 1542 465; x_wconf 77' lang='grc' dir='ltr'><strong><em>Εὐεργέτου</em></strong></span> <span class='ocrx_word' id='word_1_7' title='bbox 1587 377 2081 465; x_wconf 76' lang='grc' dir='ltr'><strong><em>ἐπικληθέντος,</em></strong></span> <span class='ocrx_word' id='word_1_8' title='bbox 2126 379 2239 446; x_wconf 81' lang='grc' dir='ltr'><strong><em>καὶ</em></strong></span> <span class='ocrx_word' id='word_1_9' title='bbox 2286 375 2605 465; x_wconf 81' lang='grc' dir='ltr'><strong><em>διάδοχος</em></strong></span> <span class='ocrx_word' id='word_1_10' title='bbox 2635 374 2847 462; x_wconf 80' lang='grc' dir='ltr'><strong><em>Ἐρα-</em></strong></span> 
     </span>
     <span class='ocr_line' id='line_1_3' title="bbox 522 480 2850 575; baseline -0.001 -23"><span class='ocrx_word' id='word_1_11' title='bbox 522 487 894 565; x_wconf 86' lang='grc' dir='ltr'><strong><em>τοσθένους</em></strong></span> <span class='ocrx_word' id='word_1_12' title='bbox 955 485 1319 574; x_wconf 88' lang='grc' dir='ltr'><strong><em>γενόμενος</em></strong></span> <span class='ocrx_word' id='word_1_13' title='bbox 1372 486 1448 554; x_wconf 84' lang='grc' dir='ltr'><strong><em>ἐν</em></strong></span> <span class='ocrx_word' id='word_1_14' title='bbox 1501 488 1581 574; x_wconf 80' lang='grc' dir='ltr'><strong><em>τῇ</em></strong></span> <span class='ocrx_word' id='word_1_15' title='bbox 1638 491 2007 575; x_wconf 80' lang='grc' dir='ltr'><strong><em>προστασίᾳ</em></strong></span> <span class='ocrx_word' id='word_1_16' title='bbox 2061 488 2179 571; x_wconf 84' lang='grc' dir='ltr'><strong><em>τῆς</em></strong></span> <span class='ocrx_word' id='word_1_17' title='bbox 2232 485 2306 553; x_wconf 78' lang='grc' dir='ltr'><strong><em>ἐν</em></strong></span> <span class='ocrx_word' id='word_1_18' title='bbox 2355 480 2850 574; x_wconf 77' lang='grc' dir='ltr'><strong><em>Ἀλεξανδρείᾳ</em></strong></span> 
     </span>
     <span class='ocr_line' id='line_1_4' title="bbox 522 591 982 679; baseline 0.002 -19"><span class='ocrx_word' id='word_1_19' title='bbox 522 591 982 679; x_wconf 86' lang='grc' dir='ltr'><strong><em>βιβλιοθήκης.</em></strong></span> 
     </span>
    </p>

    <p class='ocr_par' dir='ltr' id='par_1_3' title="bbox 700 695 2845 785">
     <span class='ocr_line' id='line_1_5' title="bbox 700 695 2845 785; baseline -0.002 -17"><span class='ocrx_word' id='word_1_20' title='bbox 700 701 1027 768; x_wconf 89' lang='lat' dir='ltr'>LXXVII.</span> <span class='ocrx_word' id='word_1_21' title='bbox 1077 697 1603 779; x_wconf 73' lang='grc' dir='ltr'><strong><em>Ἀπολλώνιος</em></strong></span> <span class='ocrx_word' id='word_1_22' title='bbox 1643 697 2132 784; x_wconf 79' lang='grc' dir='ltr'><strong><em>Ἀλεξανδρεύς,</em></strong></span> <span class='ocrx_word' id='word_1_23' title='bbox 2170 695 2207 768; x_wconf 87' lang='grc' dir='ltr'>ὁ</span> <span class='ocrx_word' id='word_1_24' title='bbox 2245 697 2518 785; x_wconf 82' lang='grc' dir='ltr'><strong><em>κληθεὶς</em></strong></span> <span class='ocrx_word' id='word_1_25' title='bbox 2550 696 2845 765; x_wconf 81' lang='grc' dir='ltr'><strong><em>Δύσκο-</em></strong></span> 
     </span>
    </p>

    <p class='ocr_par' dir='ltr' id='par_1_4' title="bbox 469 802 2849 1320">
     <span class='ocr_line' id='line_1_6' title="bbox 469 802 2849 893; baseline 0.001 -23"><span class='ocrx_word' id='word_1_26' title='bbox 469 830 496 870; x_wconf 87' lang='lat'><strong>5</strong></span> <span class='ocrx_word' id='word_1_27' title='bbox 527 815 673 893; x_wconf 93' lang='grc' dir='ltr'><strong><em>λος,</em></strong></span> <span class='ocrx_word' id='word_1_28' title='bbox 735 805 950 892; x_wconf 84' lang='grc' dir='ltr'><strong><em>πατὴρ</em></strong></span> <span class='ocrx_word' id='word_1_29' title='bbox 997 802 1423 892; x_wconf 86' lang='grc' dir='ltr'><strong><em>Ἡρωδιανοῦ</em></strong></span> <span class='ocrx_word' id='word_1_30' title='bbox 1486 810 1608 874; x_wconf 83' lang='grc' dir='ltr'><strong><em>τοῦ</em></strong></span> <span class='ocrx_word' id='word_1_31' title='bbox 1672 804 2136 893; x_wconf 86' lang='grc' dir='ltr'><strong><em>τεχνογράφου</em></strong></span> <span class='ocrx_word' id='word_1_32' title='bbox 2188 808 2667 892; x_wconf 74' lang='grc' dir='ltr'><strong><em>γραμματικοῦ.</em></strong></span> <span class='ocrx_word' id='word_1_33' title='bbox 2758 802 2849 884; x_wconf 81' lang='grc' dir='ltr'><strong><em>ὃς</em></strong></span> 
     </span>
     <span class='ocr_line' id='line_1_7' title="bbox 523 910 2846 1001; baseline -0.002 -19"><span class='ocrx_word' id='word_1_34' title='bbox 523 919 770 1001; x_wconf 80' lang='grc' dir='ltr'><strong><em>ἔγραψε</em></strong></span> <span class='ocrx_word' id='word_1_35' title='bbox 815 911 1003 980; x_wconf 80' lang='grc' dir='ltr'><strong><em>τάδε·</em></strong></span> <span class='ocrx_word' id='word_1_36' title='bbox 1051 914 1202 999; x_wconf 85' lang='grc' dir='ltr'><strong><em>περὶ</em></strong></span> <span class='ocrx_word' id='word_1_37' title='bbox 1249 916 1577 1000; x_wconf 82' lang='grc' dir='ltr'><strong><em>μερισμοῦ</em></strong></span> <span class='ocrx_word' id='word_1_38' title='bbox 1620 916 1757 980; x_wconf 91' lang='grc' dir='ltr'><strong><em>τῶν</em></strong></span> <span class='ocrx_word' id='word_1_39' title='bbox 1792 916 1915 980; x_wconf 83' lang='grc' dir='ltr'><strong><em>τοῦ</em></strong></span> <span class='ocrx_word' id='word_1_40' title='bbox 1952 911 2163 999; x_wconf 89' lang='grc' dir='ltr'><strong><em>λόγου</em></strong></span> <span class='ocrx_word' id='word_1_41' title='bbox 2199 915 2421 999; x_wconf 93' lang='grc' dir='ltr'><strong><em>μερῶν</em></strong></span> <span class='ocrx_word' id='word_1_42' title='bbox 2459 915 2686 996; x_wconf 85' lang='grc' dir='ltr'><strong><em>βιβλία</em></strong></span> <span class='ocrx_word' id='word_1_43' title='bbox 2732 910 2846 996; x_wconf 82' lang='grc' dir='ltr'><strong><em>δ’,</em></strong></span> 
     </span>
     <span class='ocr_line' id='line_1_8' title="bbox 521 1016 2845 1109; baseline -0.003 -19"><span class='ocrx_word' id='word_1_44' title='bbox 521 1021 674 1109; x_wconf 84' lang='grc' dir='ltr'><strong><em>περὶ</em></strong></span> <span class='ocrx_word' id='word_1_45' title='bbox 722 1018 1097 1100; x_wconf 83' lang='grc' dir='ltr'><strong><em>συντάξεως</em></strong></span> <span class='ocrx_word' id='word_1_46' title='bbox 1141 1023 1279 1087; x_wconf 88' lang='grc' dir='ltr'><strong><em>τῶν</em></strong></span> <span class='ocrx_word' id='word_1_47' title='bbox 1323 1021 1446 1087; x_wconf 80' lang='grc' dir='ltr'><strong><em>τοῦ</em></strong></span> <span class='ocrx_word' id='word_1_48' title='bbox 1493 1017 1704 1104; x_wconf 88' lang='grc' dir='ltr'><strong><em>λόγου</em></strong></span> <span class='ocrx_word' id='word_1_49' title='bbox 1750 1022 1970 1105; x_wconf 89' lang='grc' dir='ltr'><strong><em>μερῶν</em></strong></span> <span class='ocrx_word' id='word_1_50' title='bbox 2016 1017 2105 1104; x_wconf 83' lang='grc' dir='ltr'><strong><em>δ’,</em></strong></span> <span class='ocrx_word' id='word_1_51' title='bbox 2152 1019 2303 1105; x_wconf 85' lang='grc' dir='ltr'><strong><em>περὶ</em></strong></span> <span class='ocrx_word' id='word_1_52' title='bbox 2340 1017 2633 1105; x_wconf 78' lang='grc' dir='ltr'><strong><em>ῥήματος</em></strong></span> <span class='ocrx_word' id='word_1_53' title='bbox 2668 1016 2845 1102; x_wconf 78' lang='grc' dir='ltr'><strong><em>ἤτοι</em></strong></span> 
     </span>
     <span class='ocr_line' id='line_1_9' title="bbox 527 1122 2846 1215; baseline -0.002 -20"><span class='ocrx_word' id='word_1_54' title='bbox 527 1125 898 1215; x_wconf 81' lang='grc' dir='ltr'><strong><em>ῥηματικὸν</em></strong></span> <span class='ocrx_word' id='word_1_55' title='bbox 947 1128 1019 1193; x_wconf 83' lang='grc' dir='ltr'><strong><em>ἐν</em></strong></span> <span class='ocrx_word' id='word_1_56' title='bbox 1072 1130 1363 1212; x_wconf 82' lang='grc' dir='ltr'><strong><em>βιβλίοις</em></strong></span> <span class='ocrx_word' id='word_1_57' title='bbox 1397 1125 1479 1212; x_wconf 84' lang='grc' dir='ltr'><strong><em>ε’,</em></strong></span> <span class='ocrx_word' id='word_1_58' title='bbox 1518 1126 1667 1213; x_wconf 88' lang='grc' dir='ltr'><strong><em>περὶ</em></strong></span> <span class='ocrx_word' id='word_1_59' title='bbox 1702 1130 1843 1194; x_wconf 87' lang='grc' dir='ltr'><strong><em>τῶν</em></strong></span> <span class='ocrx_word' id='word_1_60' title='bbox 1879 1130 1973 1205; x_wconf 83' lang='grc' dir='ltr'><strong><em>εἰς</em></strong></span> <span class='ocrx_word' id='word_1_61' title='bbox 2008 1152 2083 1212; x_wconf 93' lang='grc' dir='ltr'><strong><em>μι</em></strong></span> <span class='ocrx_word' id='word_1_62' title='bbox 2119 1123 2464 1211; x_wconf 82' lang='grc' dir='ltr'><strong><em>ληγόντων</em></strong></span> <span class='ocrx_word' id='word_1_63' title='bbox 2502 1122 2846 1210; x_wconf 77' lang='grc' dir='ltr'><strong><em>ῥημάτων</em></strong></span> 
     </span>
     <span class='ocr_line' id='line_1_10' title="bbox 522 1216 2841 1320; baseline -0.002 -18"><span class='ocrx_word' id='word_1_64' title='bbox 522 1232 944 1320; x_wconf 87' lang='grc' dir='ltr'><strong><em>παραγῶγων</em></strong></span> <span class='ocrx_word' id='word_1_65' title='bbox 998 1238 1266 1318; x_wconf 88' lang='grc' dir='ltr'><strong><em>βιβλίον</em></strong></span> <span class='ocrx_word' id='word_1_66' title='bbox 1321 1232 1413 1316; x_wconf 86' lang='grc' dir='ltr'><strong><em>α’,</em></strong></span> <span class='ocrx_word' id='word_1_67' title='bbox 1467 1234 1620 1318; x_wconf 83' lang='grc' dir='ltr'><strong><em>περὶ</em></strong></span> <span class='ocrx_word' id='word_1_68' title='bbox 1680 1216 2033 1320; x_wconf 73' lang='grc' dir='ltr'><strong><em>όνομάτων</em></strong></span> <span class='ocrx_word' id='word_1_69' title='bbox 2076 1229 2225 1319; x_wconf 74' lang='grc' dir='ltr'><strong><em>ἤτοι</em></strong></span> <span class='ocrx_word' id='word_1_70' title='bbox 2272 1227 2677 1317; x_wconf 82' lang='grc' dir='ltr'><strong><em>ὀνοματικὸν</em></strong></span> <span class='ocrx_word' id='word_1_71' title='bbox 2726 1231 2841 1314; x_wconf 86' lang='grc' dir='ltr'><strong><em>α’,</em></strong></span> 
     </span>
    </p>

    <p class='ocr_par' dir='ltr' id='par_1_5' title="bbox 444 1335 2839 1858">
     <span class='ocr_line' id='line_1_11' title="bbox 444 1335 2839 1428; baseline 0.001 -25"><span class='ocrx_word' id='word_1_72' title='bbox 444 1363 496 1403; x_wconf 82' lang='grc' dir='ltr'><strong><em>ιο</em></strong></span> <span class='ocrx_word' id='word_1_73' title='bbox 523 1339 671 1428; x_wconf 87' lang='grc' dir='ltr'><strong><em>περὶ</em></strong></span> <span class='ocrx_word' id='word_1_74' title='bbox 729 1335 1087 1427; x_wconf 80' lang='grc' dir='ltr'><strong><em>ὀνομάτων</em></strong></span> <span class='ocrx_word' id='word_1_75' title='bbox 1142 1337 1307 1408; x_wconf 77' lang='grc' dir='ltr'><strong><em>κατὰ</em></strong></span> <span class='ocrx_word' id='word_1_76' title='bbox 1365 1338 1743 1426; x_wconf 85' lang='grc' dir='ltr'><strong><em>διάλεκτον,</em></strong></span> <span class='ocrx_word' id='word_1_77' title='bbox 1798 1339 1951 1425; x_wconf 81' lang='grc' dir='ltr'><strong><em>περὶ</em></strong></span> <span class='ocrx_word' id='word_1_78' title='bbox 2002 1340 2121 1425; x_wconf 83' lang='grc' dir='ltr'><strong><em>τῆς</em></strong></span> <span class='ocrx_word' id='word_1_79' title='bbox 2168 1339 2243 1405; x_wconf 81' lang='grc' dir='ltr'><strong><em>έν</em></strong></span> <span class='ocrx_word' id='word_1_80' title='bbox 2289 1345 2619 1424; x_wconf 78' lang='grc' dir='ltr'><strong><em>θηλυκοῖς</em></strong></span> <span class='ocrx_word' id='word_1_81' title='bbox 2666 1335 2839 1406; x_wconf 81' lang='grc' dir='ltr'><strong><em>ὀνό-</em></strong></span> 
     </span>
     <span class='ocr_line' id='line_1_12' title="bbox 522 1444 2835 1536; baseline -0.003 -20"><span class='ocrx_word' id='word_1_82' title='bbox 522 1468 725 1536; x_wconf 90' lang='grc' dir='ltr'><strong><em>μασιν</em></strong></span> <span class='ocrx_word' id='word_1_83' title='bbox 765 1444 1037 1527; x_wconf 81' lang='grc' dir='ltr'><strong><em>εὐθείας</em></strong></span> <span class='ocrx_word' id='word_1_84' title='bbox 1074 1445 1167 1532; x_wconf 86' lang='grc' dir='ltr'><strong><em>α’,</em></strong></span> <span class='ocrx_word' id='word_1_85' title='bbox 1205 1446 1354 1534; x_wconf 83' lang='grc' dir='ltr'><strong><em>περὶ</em></strong></span> <span class='ocrx_word' id='word_1_86' title='bbox 1392 1445 1821 1534; x_wconf 85' lang='grc' dir='ltr'><strong><em>παρωνύμων</em></strong></span> <span class='ocrx_word' id='word_1_87' title='bbox 1852 1445 1943 1531; x_wconf 86' lang='grc' dir='ltr'><strong><em>α’,</em></strong></span> <span class='ocrx_word' id='word_1_88' title='bbox 1980 1446 2131 1531; x_wconf 81' lang='grc' dir='ltr'><strong><em>περὶ</em></strong></span> <span class='ocrx_word' id='word_1_89' title='bbox 2160 1448 2627 1532; x_wconf 88' lang='grc' dir='ltr'><strong><em>συγκριτικῶν,</em></strong></span> <span class='ocrx_word' id='word_1_90' title='bbox 2666 1444 2835 1529; x_wconf 80' lang='grc' dir='ltr'><strong><em>περὶ</em></strong></span> 
     </span>
     <span class='ocr_line' id='line_1_13' title="bbox 521 1549 2821 1642; baseline -0.002 -20"><span class='ocrx_word' id='word_1_91' title='bbox 521 1555 888 1624; x_wconf 78' lang='grc' dir='ltr'><strong><em>διαλέκτων</em></strong></span> <span class='ocrx_word' id='word_1_92' title='bbox 935 1556 1276 1642; x_wconf 80' lang='grc' dir='ltr'><strong><em>Δωρίδος,</em></strong></span> <span class='ocrx_word' id='word_1_93' title='bbox 1318 1551 1553 1638; x_wconf 82' lang='grc' dir='ltr'><strong><em>Ἰάδος,</em></strong></span> <span class='ocrx_word' id='word_1_94' title='bbox 1601 1557 1941 1637; x_wconf 78' lang='grc' dir='ltr'><strong><em>Αἰολίδος,</em></strong></span> <span class='ocrx_word' id='word_1_95' title='bbox 1982 1549 2311 1637; x_wconf 75' lang='grc' dir='ltr'><strong><em>Ἀτθίδος,</em></strong></span> <span class='ocrx_word' id='word_1_96' title='bbox 2355 1550 2505 1638; x_wconf 88' lang='grc' dir='ltr'><strong><em>περὶ</em></strong></span> <span class='ocrx_word' id='word_1_97' title='bbox 2552 1549 2821 1638; x_wconf 81' lang='grc' dir='ltr'><strong><em>σχημά-</em></strong></span> 
     </span>
     <span class='ocr_line' id='line_1_14' title="bbox 520 1659 2836 1751; baseline -0.003 -19"><span class='ocrx_word' id='word_1_98' title='bbox 520 1690 656 1732; x_wconf 91' lang='grc' dir='ltr'><strong><em>των</em></strong></span> <span class='ocrx_word' id='word_1_99' title='bbox 704 1660 1112 1751; x_wconf 77' lang='grc' dir='ltr'><strong><em>Ὁμηρικῶν,</em></strong></span> <span class='ocrx_word' id='word_1_100' title='bbox 1169 1660 1320 1746; x_wconf 87' lang='grc' dir='ltr'><strong><em>περὶ</em></strong></span> <span class='ocrx_word' id='word_1_101' title='bbox 1373 1659 1907 1746; x_wconf 80' lang='grc' dir='ltr'><strong><em>κατεψευσμένης</em></strong></span> <span class='ocrx_word' id='word_1_102' title='bbox 1964 1659 2290 1744; x_wconf 76' lang='grc' dir='ltr'><strong><em>ἱστορίας,</em></strong></span> <span class='ocrx_word' id='word_1_103' title='bbox 2344 1659 2493 1745; x_wconf 85' lang='grc' dir='ltr'><strong><em>περὶ</em></strong></span> <span class='ocrx_word' id='word_1_104' title='bbox 2549 1661 2836 1743; x_wconf 88' lang='grc' dir='ltr'><strong><em>παθῶν,</em></strong></span> 
     </span>
     <span class='ocr_line' id='line_1_15' title="bbox 521 1763 2835 1858; baseline -0.003 -19"><span class='ocrx_word' id='word_1_105' title='bbox 521 1771 672 1858; x_wconf 80' lang='grc' dir='ltr'><strong><em>περὶ</em></strong></span> <span class='ocrx_word' id='word_1_106' title='bbox 717 1769 940 1839; x_wconf 88' lang='grc' dir='ltr'><strong><em>τόνων</em></strong></span> <span class='ocrx_word' id='word_1_107' title='bbox 983 1767 1633 1853; x_wconf 85' lang='grc' dir='ltr'><strong><em>κατηναγκασμένων</em></strong></span> <span class='ocrx_word' id='word_1_108' title='bbox 1678 1770 1907 1852; x_wconf 87' lang='grc' dir='ltr'><strong><em>βιβλία</em></strong></span> <span class='ocrx_word' id='word_1_109' title='bbox 1944 1767 2039 1851; x_wconf 71' lang='grc' dir='ltr'><strong><em>β’,</em></strong></span> <span class='ocrx_word' id='word_1_110' title='bbox 2080 1765 2231 1851; x_wconf 80' lang='grc' dir='ltr'><strong><em>περὶ</em></strong></span> <span class='ocrx_word' id='word_1_111' title='bbox 2266 1763 2488 1833; x_wconf 90' lang='grc' dir='ltr'><strong><em>τόνων</em></strong></span> <span class='ocrx_word' id='word_1_112' title='bbox 2526 1768 2835 1832; x_wconf 83' lang='grc' dir='ltr'><strong><em>σκολιῶν</em></strong></span> 
     </span>
    </p>

    <p class='ocr_par' dir='ltr' id='par_1_6' title="bbox 444 1870 2832 2284">
     <span class='ocr_line' id='line_1_16' title="bbox 444 1870 2832 1965; baseline -0.004 -19"><span class='ocrx_word' id='word_1_113' title='bbox 444 1897 496 1938; x_wconf 78' lang='lat'><strong><em>15</em></strong></span> <span class='ocrx_word' id='word_1_114' title='bbox 522 1882 792 1963; x_wconf 87' lang='grc' dir='ltr'><strong><em>βιβλίον</em></strong></span> <span class='ocrx_word' id='word_1_115' title='bbox 841 1875 932 1962; x_wconf 83' lang='grc' dir='ltr'><strong><em>α’,</em></strong></span> <span class='ocrx_word' id='word_1_116' title='bbox 984 1873 1134 1959; x_wconf 83' lang='grc' dir='ltr'><strong><em>περὶ</em></strong></span> <span class='ocrx_word' id='word_1_117' title='bbox 1180 1876 1580 1963; x_wconf 76' lang='grc' dir='ltr'><strong><em>προσῳδιῶν</em></strong></span> <span class='ocrx_word' id='word_1_118' title='bbox 1629 1871 1709 1958; x_wconf 87' lang='grc' dir='ltr'><strong><em>ε’,</em></strong></span> <span class='ocrx_word' id='word_1_119' title='bbox 1762 1873 1913 1965; x_wconf 80' lang='grc' dir='ltr'><strong><em>περὶ</em></strong></span> <span class='ocrx_word' id='word_1_120' title='bbox 1960 1877 2327 1958; x_wconf 87' lang='grc' dir='ltr'><strong><em>στοιχείων,</em></strong></span> <span class='ocrx_word' id='word_1_121' title='bbox 2372 1870 2523 1957; x_wconf 87' lang='grc' dir='ltr'><strong><em>περὶ</em></strong></span> <span class='ocrx_word' id='word_1_122' title='bbox 2570 1872 2832 1956; x_wconf 86' lang='grc' dir='ltr'><strong><em>προθέ-</em></strong></span> 
     </span>
     <span class='ocr_line' id='line_1_17' title="bbox 523 1979 2831 2070; baseline -0.004 -17"><span class='ocrx_word' id='word_1_123' title='bbox 523 2002 728 2070; x_wconf 86' lang='grc' dir='ltr'><strong><em>σεων,</em></strong></span> <span class='ocrx_word' id='word_1_124' title='bbox 791 1983 942 2069; x_wconf 87' lang='grc' dir='ltr'><strong><em>περὶ</em></strong></span> <span class='ocrx_word' id='word_1_125' title='bbox 1002 1984 1138 2050; x_wconf 91' lang='grc' dir='ltr'><strong><em>τῶν</em></strong></span> <span class='ocrx_word' id='word_1_126' title='bbox 1201 1979 1521 2067; x_wconf 88' lang='grc' dir='ltr'><strong><em>Διδύμου</em></strong></span> <span class='ocrx_word' id='word_1_127' title='bbox 1578 1982 1924 2066; x_wconf 83' lang='grc' dir='ltr'><strong><em>πιθανῶν,</em></strong></span> <span class='ocrx_word' id='word_1_128' title='bbox 1984 1980 2141 2063; x_wconf 88' lang='grc' dir='ltr'><strong><em>περὶ·</em></strong></span> <span class='ocrx_word' id='word_1_129' title='bbox 2196 1981 2610 2063; x_wconf 82' lang='grc' dir='ltr'><strong><em>συνθέσεως,</em></strong></span> <span class='ocrx_word' id='word_1_130' title='bbox 2666 1979 2831 2063; x_wconf 81' lang='grc' dir='ltr'><strong><em>περὶ</em></strong></span> 
     </span>
     <span class='ocr_line' id='line_1_18' title="bbox 525 2083 2832 2178; baseline -0.003 -20"><span class='ocrx_word' id='word_1_131' title='bbox 525 2089 1079 2178; x_wconf 88' lang='grc' dir='ltr'><strong><em>διφορουμένων,</em></strong></span> <span class='ocrx_word' id='word_1_132' title='bbox 1135 2087 1286 2173; x_wconf 86' lang='grc' dir='ltr'><strong><em>περὶ</em></strong></span> <span class='ocrx_word' id='word_1_133' title='bbox 1343 2089 1466 2155; x_wconf 85' lang='grc' dir='ltr'><strong><em>τοῦ</em></strong></span> <span class='ocrx_word' id='word_1_134' title='bbox 1512 2090 1642 2172; x_wconf 91' lang='grc' dir='ltr'><strong><em>τίς,</em></strong></span> <span class='ocrx_word' id='word_1_135' title='bbox 1696 2086 1847 2174; x_wconf 82' lang='grc' dir='ltr'><strong><em>περὶ</em></strong></span> <span class='ocrx_word' id='word_1_136' title='bbox 1893 2088 2143 2172; x_wconf 87' lang='grc' dir='ltr'><strong><em>γενῶν,</em></strong></span> <span class='ocrx_word' id='word_1_137' title='bbox 2198 2086 2349 2174; x_wconf 89' lang='grc' dir='ltr'><strong><em>περὶ</em></strong></span> <span class='ocrx_word' id='word_1_138' title='bbox 2394 2083 2832 2171; x_wconf 75' lang='grc' dir='ltr'><strong><em>πνευμάτων,</em></strong></span> 
     </span>
     <span class='ocr_line' id='line_1_19' title="bbox 521 2193 1653 2284; baseline -0.004 -19"><span class='ocrx_word' id='word_1_139' title='bbox 521 2196 673 2284; x_wconf 84' lang='grc' dir='ltr'><strong><em>περὶ</em></strong></span> <span class='ocrx_word' id='word_1_140' title='bbox 719 2197 1076 2281; x_wconf 86' lang='grc' dir='ltr'><strong><em>κτητικῶν,</em></strong></span> <span class='ocrx_word' id='word_1_141' title='bbox 1124 2193 1274 2280; x_wconf 85' lang='grc' dir='ltr'><strong><em>περὶ</em></strong></span> <span class='ocrx_word' id='word_1_142' title='bbox 1321 2197 1653 2279; x_wconf 80' lang='grc' dir='ltr'><strong><em>συζυγίας.</em></strong></span> 
     </span>
    </p>

    <p class='ocr_par' dir='ltr' id='par_1_7' title="bbox 700 2294 2829 2386">
     <span class='ocr_line' id='line_1_20' title="bbox 700 2294 2829 2386; baseline -0.002 -16"><span class='ocrx_word' id='word_1_143' title='bbox 700 2303 1057 2370; x_wconf 87' lang='lat' dir='ltr'>LXXVIII.</span> <span class='ocrx_word' id='word_1_144' title='bbox 1090 2298 1612 2378; x_wconf 88' lang='grc' dir='ltr'><strong><em>Ἀπολλῶνιος</em></strong></span> <span class='ocrx_word' id='word_1_145' title='bbox 1633 2296 2077 2386; x_wconf 83' lang='grc' dir='ltr'><strong><em>Ἀρχεβούλου</em></strong></span> <span class='ocrx_word' id='word_1_146' title='bbox 2104 2294 2145 2385; x_wconf 80' lang='grc' dir='ltr'><em>ἢ</em></span> <span class='ocrx_word' id='word_1_147' title='bbox 2170 2296 2523 2386; x_wconf 85' lang='grc' dir='ltr'><strong><em>Ἀρχιβίου.</em></strong></span> <span class='ocrx_word' id='word_1_148' title='bbox 2569 2304 2829 2384; x_wconf 81' lang='grc' dir='ltr'><strong><em>ἔγραψε</em></strong></span> 
     </span>
    </p>

    <p class='ocr_par' dir='ltr' id='par_1_8' title="bbox 445 2406 1985 2495">
     <span class='ocr_line' id='line_1_21' title="bbox 445 2406 1985 2495; baseline -0.005 -16"><span class='ocrx_word' id='word_1_149' title='bbox 445 2432 496 2471; x_wconf 78' lang='lat'><strong><em>20</em></strong></span> <span class='ocrx_word' id='word_1_150' title='bbox 523 2410 674 2495; x_wconf 88' lang='grc' dir='ltr'><strong><em>περὶ</em></strong></span> <span class='ocrx_word' id='word_1_151' title='bbox 721 2411 962 2492; x_wconf 78' lang='grc' dir='ltr'><strong><em>λέξεων</em></strong></span> <span class='ocrx_word' id='word_1_152' title='bbox 1000 2406 1374 2495; x_wconf 88' lang='grc' dir='ltr'><strong><em>Ὁμηρικῶν</em></strong></span> <span class='ocrx_word' id='word_1_153' title='bbox 1419 2406 1587 2474; x_wconf 82' lang='grc' dir='ltr'><strong><em>κατὰ</em></strong></span> <span class='ocrx_word' id='word_1_154' title='bbox 1633 2417 1985 2491; x_wconf 73' lang='grc' dir='ltr'><strong><em>στοιχεῖον.</em></strong></span> 
     </span>
    </p>

    <p class='ocr_par' dir='ltr' id='par_1_9' title="bbox 522 2509 2909 2800">
     <span class='ocr_line' id='line_1_22' title="bbox 703 2509 2909 2601; baseline -0.002 -17"><span class='ocrx_word' id='word_1_155' title='bbox 703 2518 995 2585; x_wconf 87' lang='lat' dir='ltr'>LXXIX.</span> <span class='ocrx_word' id='word_1_156' title='bbox 1058 2513 1584 2592; x_wconf 77' lang='grc' dir='ltr'><strong><em>Ἀπολλώνιος</em></strong></span> <span class='ocrx_word' id='word_1_157' title='bbox 1615 2509 2078 2599; x_wconf 81' lang='grc' dir='ltr'><strong><em>Ἀφροδισιεύς</em></strong></span> <span class='ocrx_word' id='word_1_158' title='bbox 2114 2509 2458 2601; x_wconf 78' lang='grc' dir='ltr'><strong><em>ἀρχιερεὺς</em></strong></span> <span class='ocrx_word' id='word_1_159' title='bbox 2491 2511 2603 2581; x_wconf 81' lang='grc' dir='ltr'><strong><em>καὶ</em></strong></span> <span class='ocrx_word' id='word_1_160' title='bbox 2642 2515 2827 2580; x_wconf 79' lang='grc' dir='ltr'><strong><em>ίστο-</em></strong></span> <span class='ocrx_word' id='word_1_161' title='bbox 2902 2554 2909 2567; x_wconf 75' lang='lat'>=</span> 
     </span>
     <span class='ocr_line' id='line_1_23' title="bbox 525 2617 2826 2713; baseline -0.004 -20"><span class='ocrx_word' id='word_1_162' title='bbox 525 2623 728 2713; x_wconf 88' lang='grc' dir='ltr'><strong><em>ρικός.</em></strong></span> <span class='ocrx_word' id='word_1_163' title='bbox 820 2624 1111 2711; x_wconf 86' lang='grc' dir='ltr'><strong><em>γέγραφε</em></strong></span> <span class='ocrx_word' id='word_1_164' title='bbox 1166 2620 1460 2706; x_wconf 81' lang='grc' dir='ltr'><strong><em>Καρικά,</em></strong></span> <span class='ocrx_word' id='word_1_165' title='bbox 1497 2619 1665 2705; x_wconf 82' lang='grc' dir='ltr'><strong><em>,περὶ</em></strong></span> <span class='ocrx_word' id='word_1_166' title='bbox 1729 2617 2113 2706; x_wconf 78' lang='grc' dir='ltr'><strong><em>Τράλλεων,</em></strong></span> <span class='ocrx_word' id='word_1_167' title='bbox 2166 2620 2317 2708; x_wconf 85' lang='grc' dir='ltr'><strong><em>περὶ</em></strong></span> <span class='ocrx_word' id='word_1_168' title='bbox 2361 2617 2651 2706; x_wconf 83' lang='grc' dir='ltr'><strong><em>Ὀρφέως</em></strong></span> <span class='ocrx_word' id='word_1_169' title='bbox 2704 2619 2826 2685; x_wconf 82' lang='grc' dir='ltr'><strong><em>καὶ</em></strong></span> 
     </span>
     <span class='ocr_line' id='line_1_24' title="bbox 522 2726 1262 2800; baseline -0.007 0"><span class='ocrx_word' id='word_1_170' title='bbox 522 2735 660 2800; x_wconf 91' lang='grc' dir='ltr'><strong><em>τῶν</em></strong></span> <span class='ocrx_word' id='word_1_171' title='bbox 706 2733 984 2798; x_wconf 89' lang='grc' dir='ltr'><strong><em>τελετῶν</em></strong></span> <span class='ocrx_word' id='word_1_172' title='bbox 1033 2726 1262 2796; x_wconf 80' lang='grc' dir='ltr'><strong><em>αὐτοῦ.</em></strong></span> 
     </span>
    </p>

    <p class='ocr_par' dir='ltr' id='par_1_10' title="bbox 703 2829 2831 2924">
     <span class='ocr_line' id='line_1_25' title="bbox 703 2829 2831 2924; baseline -0.001 -21"><span class='ocrx_word' id='word_1_173' title='bbox 703 2837 956 2904; x_wconf 90' lang='lat' dir='ltr'>LXXX.</span> <span class='ocrx_word' id='word_1_174' title='bbox 1023 2833 1556 2913; x_wconf 78' lang='grc' dir='ltr'><strong><em>Ἀπολλώνιος</em></strong></span> <span class='ocrx_word' id='word_1_175' title='bbox 1610 2830 1905 2913; x_wconf 78' lang='grc' dir='ltr'><strong><em>Τυανεὺς</em></strong></span> <span class='ocrx_word' id='word_1_176' title='bbox 1950 2833 2358 2924; x_wconf 87' lang='grc' dir='ltr'><strong><em>φιλόσοφος,</em></strong></span> <span class='ocrx_word' id='word_1_177' title='bbox 2404 2831 2553 2913; x_wconf 77' lang='grc' dir='ltr'><strong><em>υίὸς</em></strong></span> <span class='ocrx_word' id='word_1_178' title='bbox 2590 2829 2831 2901; x_wconf 87' lang='grc' dir='ltr'><strong><em>Ἀπολ-</em></strong></span> 
     </span>
    </p>
   </div>
   <div class='ocr_carea' id='block_1_3' title="bbox 529 2946 954 2955">
    <p class='ocr_par' dir='ltr' id='par_1_11' title="bbox 529 2946 954 2955">
     <span class='ocr_line' id='line_1_26' title="bbox 529 2946 954 2955; baseline 0 1937"><span class='ocrx_word' id='word_1_179' title='bbox 529 2946 954 2955; x_wconf 95' lang='lat' dir='ltr'><strong><em> </em></strong></span> 
     </span>
    </p>
   </div>
   <div class='ocr_carea' id='block_1_4' title="bbox 429 2991 2831 4427">
    <p class='ocr_par' dir='ltr' id='par_1_12' title="bbox 525 2991 2831 3145">
     <span class='ocr_line' id='line_1_27' title="bbox 671 2991 2831 3067; baseline -0.001 -17"><span class='ocrx_word' id='word_1_180' title='bbox 671 3001 698 3050; x_wconf 97' lang='grc'>1</span> <span class='ocrx_word' id='word_1_181' title='bbox 740 2998 980 3067; x_wconf 83' lang='grc' dir='ltr'><strong><em>Πτολεμ.</em></strong></span> <span class='ocrx_word' id='word_1_182' title='bbox 1019 3001 1065 3050; x_wconf 74' lang='lat' dir='ltr'>A</span> <span class='ocrx_word' id='word_1_183' title='bbox 1204 2994 1391 3051; x_wconf 81' lang='lat' dir='ltr'>Verba</span> <span class='ocrx_word' id='word_1_184' title='bbox 1426 2994 1710 3049; x_wconf 82' lang='lat' dir='ltr'>Eudociae</span> <span class='ocrx_word' id='word_1_185' title='bbox 1760 2997 2023 3065; x_wconf 83' lang='lat' dir='ltr'>corrupta</span> <span class='ocrx_word' id='word_1_186' title='bbox 2066 2992 2333 3066; x_wconf 80' lang='grc' dir='ltr'><strong><em>διάδοχος</em></strong></span> <span class='ocrx_word' id='word_1_187' title='bbox 2375 2991 2831 3065; x_wconf 82' lang='grc' dir='ltr'><strong><em>Ἐρατοσθένους</em></strong></span> 
     </span>
     <span class='ocr_line' id='line_1_28' title="bbox 525 3071 2456 3145; baseline 0 -15"><span class='ocrx_word' id='word_1_188' title='bbox 525 3076 622 3130; x_wconf 81' lang='grc' dir='ltr'><strong><em>καὶ</em></strong></span> <span class='ocrx_word' id='word_1_189' title='bbox 659 3071 1033 3145; x_wconf 79' lang='grc' dir='ltr'><strong><em>Εὐφορίωνος</em></strong></span> <span class='ocrx_word' id='word_1_190' title='bbox 1069 3075 1166 3130; x_wconf 72' lang='grc' dir='ltr'><strong><em>καὶ</em></strong></span> <span class='ocrx_word' id='word_1_191' title='bbox 1209 3071 1496 3145; x_wconf 88' lang='grc' dir='ltr'><strong><em>Τιμάρχου</em></strong></span> <span class='ocrx_word' id='word_1_192' title='bbox 1534 3075 1759 3129; x_wconf 76' lang='lat' dir='ltr'><strong><em>sanavit</em></strong></span> <span class='ocrx_word' id='word_1_193' title='bbox 1796 3076 2073 3144; x_wconf 78' lang='lat' dir='ltr'><strong><em>Meineke,</em></strong></span> <span class='ocrx_word' id='word_1_194' title='bbox 2108 3075 2270 3131; x_wconf 82' lang='lat' dir='ltr'>Anal.</span> <span class='ocrx_word' id='word_1_195' title='bbox 2300 3094 2354 3145; x_wconf 90' lang='lat' dir='ltr'>p.</span> <span class='ocrx_word' id='word_1_196' title='bbox 2390 3081 2456 3130; x_wconf 92' lang='grc'><strong><em>10</em></strong></span> 
     </span>
    </p>

    <p class='ocr_par' dir='ltr' id='par_1_13' title="bbox 522 3154 2830 3707">
     <span class='ocr_line' id='line_1_29' title="bbox 667 3154 2825 3226; baseline 0.001 -18"><span class='ocrx_word' id='word_1_197' title='bbox 667 3155 924 3210; x_wconf 91' lang='lat' dir='ltr'>LXXVII</span> <span class='ocrx_word' id='word_1_198' title='bbox 969 3156 1120 3210; x_wconf 80' lang='lat' dir='ltr'><strong><em>Eud.</em></strong></span> <span class='ocrx_word' id='word_1_199' title='bbox 1159 3174 1214 3225; x_wconf 88' lang='lat' dir='ltr'><strong><em>p.</em></strong></span> <span class='ocrx_word' id='word_1_200' title='bbox 1258 3161 1375 3210; x_wconf 88' lang='grc'><strong><em>107.</em></strong></span> <span class='ocrx_word' id='word_1_201' title='bbox 1451 3154 1533 3209; x_wconf 83' lang='lat' dir='ltr'><strong><em>Of.</em></strong></span> <span class='ocrx_word' id='word_1_202' title='bbox 1571 3154 1763 3223; x_wconf 87' lang='lat' dir='ltr'>Daub,</span> <span class='ocrx_word' id='word_1_203' title='bbox 1812 3155 1969 3210; x_wconf 80' lang='lat' dir='ltr'><strong><em>stud.</em></strong></span> <span class='ocrx_word' id='word_1_204' title='bbox 2013 3174 2067 3226; x_wconf 90' lang='lat' dir='ltr'><strong><em>p.</em></strong></span> <span class='ocrx_word' id='word_1_205' title='bbox 2109 3162 2174 3211; x_wconf 91' lang='grc'><strong><em>77</em></strong></span> <span class='ocrx_word' id='word_1_206' title='bbox 2356 3161 2389 3208; x_wconf 84' lang='grc'>5</span> <span class='ocrx_word' id='word_1_207' title='bbox 2428 3155 2825 3226; x_wconf 80' lang='grc' dir='ltr'><strong><em>γραμματικοῦ</em></strong></span> 
     </span>
     <span class='ocr_line' id='line_1_30' title="bbox 522 3232 2830 3306; baseline -0 -17"><span class='ocrx_word' id='word_1_208' title='bbox 522 3235 722 3291; x_wconf 78' lang='lat' dir='ltr'><strong><em>tollere</em></strong></span> <span class='ocrx_word' id='word_1_209' title='bbox 768 3235 1000 3291; x_wconf 73' lang='lat' dir='ltr'>volebat</span> <span class='ocrx_word' id='word_1_210' title='bbox 1046 3235 1296 3305; x_wconf 74' lang='lat' dir='ltr'><strong><em>Cuperus</em></strong></span> <span class='ocrx_word' id='word_1_211' title='bbox 1345 3232 1737 3305; x_wconf 81' lang='grc' dir='ltr'><strong><em>τεχνογράφου</em></strong></span> <span class='ocrx_word' id='word_1_212' title='bbox 1783 3235 1883 3290; x_wconf 82' lang='grc' dir='ltr'><strong><em>καὶ</em></strong></span> <span class='ocrx_word' id='word_1_213' title='bbox 1932 3238 2232 3306; x_wconf 85' lang='grc' dir='ltr'><strong><em>δαιμονίου</em></strong></span> <span class='ocrx_word' id='word_1_214' title='bbox 2283 3237 2381 3306; x_wconf 85' lang='grc' dir='ltr'><strong><em>τῆς</em></strong></span> <span class='ocrx_word' id='word_1_215' title='bbox 2431 3235 2830 3306; x_wconf 78' lang='grc' dir='ltr'><strong><em>γραμματικῆς</em></strong></span> 
     </span>
     <span class='ocr_line' id='line_1_31' title="bbox 524 3309 2827 3387; baseline -0 -18"><span class='ocrx_word' id='word_1_216' title='bbox 524 3316 676 3371; x_wconf 79' lang='lat' dir='ltr'><strong><em>Eud.</em></strong></span> <span class='ocrx_word' id='word_1_217' title='bbox 715 3312 1126 3386; x_wconf 84' lang='grc' dir='ltr'><strong><em>τεχνογράφου,</em></strong></span> <span class='ocrx_word' id='word_1_218' title='bbox 1163 3313 1547 3387; x_wconf 81' lang='grc' dir='ltr'><strong><em>γραμματικός</em></strong></span> <span class='ocrx_word' id='word_1_219' title='bbox 1576 3315 1719 3370; x_wconf 85' lang='lat' dir='ltr'>coni.</span> <span class='ocrx_word' id='word_1_220' title='bbox 1748 3315 1919 3370; x_wconf 79' lang='lat' dir='ltr'><em>Daub</em></span> <span class='ocrx_word' id='word_1_221' title='bbox 2030 3323 2062 3370; x_wconf 89' lang='grc'><strong>6</strong></span> <span class='ocrx_word' id='word_1_222' title='bbox 2098 3309 2133 3384; x_wconf 80' lang='grc' dir='ltr'>ἢ</span> <span class='ocrx_word' id='word_1_223' title='bbox 2174 3319 2303 3371; x_wconf 88' lang='lat' dir='ltr'>ante</span> <span class='ocrx_word' id='word_1_224' title='bbox 2340 3315 2453 3370; x_wconf 87' lang='grc' dir='ltr'><strong><em>τῶν</em></strong></span> <span class='ocrx_word' id='word_1_225' title='bbox 2492 3315 2617 3370; x_wconf 82' lang='lat' dir='ltr'><strong><em>add.</em></strong></span> <span class='ocrx_word' id='word_1_226' title='bbox 2647 3315 2827 3369; x_wconf 76' lang='lat' dir='ltr'><strong><em>Daub</em></strong></span> 
     </span>
     <span class='ocr_line' id='line_1_32' title="bbox 526 3389 2685 3467; baseline -0.001 -17"><span class='ocrx_word' id='word_1_227' title='bbox 526 3401 556 3450; x_wconf 91' lang='grc'><strong>7</strong></span> <span class='ocrx_word' id='word_1_228' title='bbox 597 3391 916 3462; x_wconf 78' lang='grc' dir='ltr'><strong><em>συντάξεων</em></strong></span> <span class='ocrx_word' id='word_1_229' title='bbox 953 3402 999 3451; x_wconf 74' lang='lat' dir='ltr'>A</span> <span class='ocrx_word' id='word_1_230' title='bbox 1143 3393 1406 3467; x_wconf 85' lang='grc' dir='ltr'><strong><em>ῥημάτων</em></strong></span> <span class='ocrx_word' id='word_1_231' title='bbox 1443 3397 1617 3450; x_wconf 79' lang='lat' dir='ltr'><em>Daub</em></span> <span class='ocrx_word' id='word_1_232' title='bbox 1762 3401 1794 3451; x_wconf 90' lang='lat'>8</span> <span class='ocrx_word' id='word_1_233' title='bbox 1832 3389 2157 3466; x_wconf 84' lang='grc' dir='ltr'><strong><em>ῥηματικῶν</em></strong></span> <span class='ocrx_word' id='word_1_234' title='bbox 2194 3399 2331 3451; x_wconf 82' lang='lat' dir='ltr'>vett.</span> <span class='ocrx_word' id='word_1_235' title='bbox 2369 3395 2495 3450; x_wconf 83' lang='lat' dir='ltr'><strong><em>edd.</em></strong></span> <span class='ocrx_word' id='word_1_236' title='bbox 2532 3395 2685 3449; x_wconf 70' lang='lat' dir='ltr'><strong><em>Eud.</em></strong></span> 
     </span>
     <span class='ocr_line' id='line_1_33' title="bbox 527 3471 2829 3547; baseline -0.001 -17"><span class='ocrx_word' id='word_1_237' title='bbox 527 3483 594 3530; x_wconf 92' lang='grc'><strong><em>10</em></strong></span> <span class='ocrx_word' id='word_1_238' title='bbox 633 3472 929 3547; x_wconf 81' lang='grc' dir='ltr'><strong><em>ὀνομάτων</em></strong></span> <span class='ocrx_word' id='word_1_239' title='bbox 969 3493 1107 3533; x_wconf 85' lang='lat' dir='ltr'>corr.</span> <span class='ocrx_word' id='word_1_240' title='bbox 1145 3477 1422 3532; x_wconf 73' lang='lat' dir='ltr'><strong><em>Kusterus</em></strong></span> <span class='ocrx_word' id='word_1_241' title='bbox 1465 3471 1733 3546; x_wconf 85' lang='grc' dir='ltr'><strong><em>ῥημάτων</em></strong></span> <span class='ocrx_word' id='word_1_242' title='bbox 1778 3475 1913 3529; x_wconf 86' lang='lat' dir='ltr'>libri</span> <span class='ocrx_word' id='word_1_243' title='bbox 1947 3475 2099 3531; x_wconf 76' lang='lat' dir='ltr'><strong><em>Eud.</em></strong></span> <span class='ocrx_word' id='word_1_244' title='bbox 2277 3480 2341 3529; x_wconf 91' lang='lat'><strong><em>11</em></strong></span> <span class='ocrx_word' id='word_1_245' title='bbox 2388 3474 2486 3528; x_wconf 73' lang='grc' dir='ltr'><strong><em>καὶ</em></strong></span> <span class='ocrx_word' id='word_1_246' title='bbox 2522 3476 2655 3528; x_wconf 79' lang='lat' dir='ltr'>ante</span> <span class='ocrx_word' id='word_1_247' title='bbox 2690 3475 2829 3542; x_wconf 80' lang='grc' dir='ltr'><strong><em>περὶ</em></strong></span> 
     </span>
     <span class='ocr_line' id='line_1_34' title="bbox 525 3551 2747 3625; baseline -0.002 -15"><span class='ocrx_word' id='word_1_248' title='bbox 525 3559 669 3613; x_wconf 82' lang='grc' dir='ltr'><strong><em>διαλ.</em></strong></span> <span class='ocrx_word' id='word_1_249' title='bbox 709 3557 836 3612; x_wconf 82' lang='lat' dir='ltr'><strong><em>add.</em></strong></span> <span class='ocrx_word' id='word_1_250' title='bbox 874 3562 1092 3610; x_wconf 75' lang='grc' dir='ltr'><strong>ΔΒΕΜ</strong></span> <span class='ocrx_word' id='word_1_251' title='bbox 1263 3563 1328 3612; x_wconf 89' lang='grc'><strong><em>16</em></strong></span> <span class='ocrx_word' id='word_1_252' title='bbox 1366 3555 1494 3624; x_wconf 80' lang='grc' dir='ltr'><strong><em>περὶ</em></strong></span> <span class='ocrx_word' id='word_1_253' title='bbox 1535 3557 1647 3610; x_wconf 84' lang='grc' dir='ltr'><strong><em>τῶν</em></strong></span> <span class='ocrx_word' id='word_1_254' title='bbox 1687 3551 1944 3625; x_wconf 82' lang='grc' dir='ltr'><strong><em>Διδύμου</em></strong></span> <span class='ocrx_word' id='word_1_255' title='bbox 1986 3587 2051 3595; x_wconf 91' lang='lat'><strong><em>—-</em></strong></span> <span class='ocrx_word' id='word_1_256' title='bbox 2090 3553 2413 3616; x_wconf 82' lang='grc' dir='ltr'><strong><em>συνθέσεως</em></strong></span> <span class='ocrx_word' id='word_1_257' title='bbox 2452 3572 2561 3608; x_wconf 90' lang='lat' dir='ltr'><strong><em>om.</em></strong></span> <span class='ocrx_word' id='word_1_258' title='bbox 2593 3553 2747 3608; x_wconf 78' lang='lat' dir='ltr'><strong><em>Eud.</em></strong></span> 
     </span>
     <span class='ocr_line' id='line_1_35' title="bbox 526 3634 2083 3707; baseline 0.001 -18"><span class='ocrx_word' id='word_1_259' title='bbox 526 3641 590 3689; x_wconf 88' lang='grc'><strong><em>17</em></strong></span> <span class='ocrx_word' id='word_1_260' title='bbox 631 3636 1104 3707; x_wconf 83' lang='grc' dir='ltr'><strong><em>διαφορουμένων</em></strong></span> <span class='ocrx_word' id='word_1_261' title='bbox 1142 3641 1300 3690; x_wconf 73' lang='lat' dir='ltr'><strong><em>mm</em></strong></span> <span class='ocrx_word' id='word_1_262' title='bbox 1337 3636 1480 3705; x_wconf 75' lang='lat' dir='ltr'><em>vuly.</em></span> <span class='ocrx_word' id='word_1_263' title='bbox 1522 3634 1845 3688; x_wconf 74' lang='lat' dir='ltr'>emendavit</span> <span class='ocrx_word' id='word_1_264' title='bbox 1876 3634 2083 3690; x_wconf 77' lang='lat' dir='ltr'><strong><em>Portus</em></strong></span> 
     </span>
    </p>

    <p class='ocr_par' dir='ltr' id='par_1_14' title="bbox 523 3709 2823 3868">
     <span class='ocr_line' id='line_1_36' title="bbox 665 3709 2823 3787; baseline 0 -17"><span class='ocrx_word' id='word_1_265' title='bbox 665 3716 998 3770; x_wconf 91' lang='lat' dir='ltr'>LXXXVIII</span> <span class='ocrx_word' id='word_1_266' title='bbox 1047 3721 1114 3770; x_wconf 88' lang='lat'><strong><em>19</em></strong></span> <span class='ocrx_word' id='word_1_267' title='bbox 1148 3711 1417 3787; x_wconf 75' lang='grc' dir='ltr'><strong><em>Ἀρχιβίου</em></strong></span> <span class='ocrx_word' id='word_1_268' title='bbox 1453 3714 1664 3770; x_wconf 79' lang='lat' dir='ltr'><strong><em>Suidas</em></strong></span> <span class='ocrx_word' id='word_1_269' title='bbox 1693 3735 1734 3769; x_wconf 89' lang='lat' dir='ltr'><strong><em>s.</em></strong></span> <span class='ocrx_word' id='word_1_270' title='bbox 1760 3709 1980 3782; x_wconf 78' lang='grc' dir='ltr'><strong><em>Ἀπίων,</em></strong></span> <span class='ocrx_word' id='word_1_271' title='bbox 2013 3710 2279 3786; x_wconf 79' lang='grc' dir='ltr'><strong><em>’Ἀρχίβιος</em></strong></span> <span class='ocrx_word' id='word_1_272' title='bbox 2304 3714 2595 3770; x_wconf 74' lang='lat' dir='ltr'>revocavit</span> <span class='ocrx_word' id='word_1_273' title='bbox 2624 3715 2823 3771; x_wconf 69' lang='lat' dir='ltr'><strong><em>Vazai-</em></strong></span> 
     </span>
     <span class='ocr_line' id='line_1_37' title="bbox 523 3789 1952 3868; baseline 0.001 -19"><span class='ocrx_word' id='word_1_274' title='bbox 523 3812 639 3850; x_wconf 69' lang='grc' dir='ltr'><strong><em>εον.</em></strong></span> <span class='ocrx_word' id='word_1_275' title='bbox 677 3796 898 3865; x_wconf 82' lang='lat' dir='ltr'>Proleg.</span> <span class='ocrx_word' id='word_1_276' title='bbox 937 3796 1123 3866; x_wconf 87' lang='lat' dir='ltr'>Apoll.</span> <span class='ocrx_word' id='word_1_277' title='bbox 1161 3814 1214 3865; x_wconf 88' lang='lat' dir='ltr'><strong><em>p.</em></strong></span> <span class='ocrx_word' id='word_1_278' title='bbox 1245 3797 1297 3850; x_wconf 94' lang='grc' dir='ltr'>Π</span> <span class='ocrx_word' id='word_1_279' title='bbox 1325 3812 1440 3864; x_wconf 86' lang='lat' dir='ltr'><strong><em>seq.</em></strong></span> <span class='ocrx_word' id='word_1_280' title='bbox 1490 3789 1772 3868; x_wconf 78' lang='grc' dir='ltr'><strong><em>Ἀρχεβίου</em></strong></span> <span class='ocrx_word' id='word_1_281' title='bbox 1808 3797 1952 3866; x_wconf 75' lang='lat' dir='ltr'><strong><em>vuly.</em></strong></span> 
     </span>
    </p>

    <p class='ocr_par' dir='ltr' id='par_1_15' title="bbox 668 3873 2824 3946">
     <span class='ocr_line' id='line_1_38' title="bbox 668 3873 2824 3946; baseline 0.001 -18"><span class='ocrx_word' id='word_1_282' title='bbox 668 3875 896 3929; x_wconf 89' lang='lat' dir='ltr'>LXXIX</span> <span class='ocrx_word' id='word_1_283' title='bbox 932 3876 1085 3932; x_wconf 76' lang='lat' dir='ltr'><strong><em>Eud.</em></strong></span> <span class='ocrx_word' id='word_1_284' title='bbox 1125 3894 1180 3945; x_wconf 89' lang='lat' dir='ltr'><strong><em>p.</em></strong></span> <span class='ocrx_word' id='word_1_285' title='bbox 1220 3880 1306 3930; x_wconf 87' lang='lat'><strong><em>85.</em></strong></span> <span class='ocrx_word' id='word_1_286' title='bbox 1382 3873 1462 3930; x_wconf 85' lang='lat' dir='ltr'><strong><em>cf.</em></strong></span> <span class='ocrx_word' id='word_1_287' title='bbox 1500 3875 1707 3930; x_wconf 76' lang='lat' dir='ltr'>Mfiller</span> <span class='ocrx_word' id='word_1_288' title='bbox 1741 3874 1819 3929; x_wconf 87' lang='lat' dir='ltr'><strong><em>IV</em></strong></span> <span class='ocrx_word' id='word_1_289' title='bbox 1854 3894 1909 3945; x_wconf 91' lang='lat' dir='ltr'><strong><em>p.</em></strong></span> <span class='ocrx_word' id='word_1_290' title='bbox 1949 3882 2055 3930; x_wconf 89' lang='grc'><strong><em>310</em></strong></span> <span class='ocrx_word' id='word_1_291' title='bbox 2215 3881 2281 3930; x_wconf 82' lang='grc'><strong><em>21</em></strong></span> <span class='ocrx_word' id='word_1_292' title='bbox 2320 3874 2824 3946; x_wconf 87' lang='lat' dir='ltr'><strong><em>Aphrodisiensem</em></strong></span> 
     </span>
    </p>

    <p class='ocr_par' dir='ltr' id='par_1_16' title="bbox 429 3953 2828 4026">
     <span class='ocr_line' id='line_1_39' title="bbox 429 3953 2828 4026; baseline -0.001 -16"><span class='ocrx_word' id='word_1_293' title='bbox 429 3961 440 3976; x_wconf 92' lang='lat'><strong><em>‘</em></strong></span> <span class='ocrx_word' id='word_1_294' title='bbox 525 3958 584 4010; x_wconf 86' lang='lat' dir='ltr'><strong><em>et</em></strong></span> <span class='ocrx_word' id='word_1_295' title='bbox 623 3973 900 4010; x_wconf 87' lang='lat' dir='ltr'>summum</span> <span class='ocrx_word' id='word_1_296' title='bbox 939 3955 1289 4010; x_wconf 79' lang='lat' dir='ltr'>sacerdotem</span> <span class='ocrx_word' id='word_1_297' title='bbox 1317 3953 1567 4025; x_wconf 86' lang='lat' dir='ltr'>Aegypti</span> <span class='ocrx_word' id='word_1_298' title='bbox 1593 3953 1852 4011; x_wconf 82' lang='lat' dir='ltr'>confusos</span> <span class='ocrx_word' id='word_1_299' title='bbox 1891 3973 2011 4011; x_wconf 82' lang='lat' dir='ltr'><strong><em>esse</em></strong></span> <span class='ocrx_word' id='word_1_300' title='bbox 2041 3973 2108 4011; x_wconf 83' lang='lat' dir='ltr'><strong><em>ex</em></strong></span> <span class='ocrx_word' id='word_1_301' title='bbox 2136 3955 2329 4026; x_wconf 85' lang='lat' dir='ltr'>Steph.</span> <span class='ocrx_word' id='word_1_302' title='bbox 2356 3957 2487 4026; x_wconf 78' lang='lat' dir='ltr'>Byz.</span> <span class='ocrx_word' id='word_1_303' title='bbox 2521 3974 2575 4010; x_wconf 78' lang='lat' dir='ltr'><strong><em>v.</em></strong></span> <span class='ocrx_word' id='word_1_304' title='bbox 2604 3956 2828 4022; x_wconf 77' lang='grc' dir='ltr'><strong><em>Λητοῦς</em></strong></span> 
     </span>
    </p>

    <p class='ocr_par' dir='ltr' id='par_1_17' title="bbox 522 4031 2827 4334">
     <span class='ocr_line' id='line_1_40' title="bbox 523 4031 2825 4106; baseline 0 -17"><span class='ocrx_word' id='word_1_305' title='bbox 523 4031 684 4099; x_wconf 82' lang='grc' dir='ltr'><strong><em>πόλις</em></strong></span> <span class='ocrx_word' id='word_1_306' title='bbox 721 4035 996 4092; x_wconf 83' lang='lat' dir='ltr'>conclusit</span> <span class='ocrx_word' id='word_1_307' title='bbox 1025 4036 1347 4091; x_wconf 78' lang='lat' dir='ltr'><strong><em>Gutschmid</em></strong></span> <span class='ocrx_word' id='word_1_308' title='bbox 1373 4036 1494 4106; x_wconf 88' lang='lat' dir='ltr'>(qui</span> <span class='ocrx_word' id='word_1_309' title='bbox 1522 4035 1807 4105; x_wconf 84' lang='lat' dir='ltr'><strong><em>improbat</em></strong></span> <span class='ocrx_word' id='word_1_310' title='bbox 1832 4034 2101 4090; x_wconf 84' lang='lat' dir='ltr'>Meinekii</span> <span class='ocrx_word' id='word_1_311' title='bbox 2128 4035 2463 4105; x_wconf 77' lang='lat' dir='ltr'>scripturam</span> <span class='ocrx_word' id='word_1_312' title='bbox 2490 4031 2825 4106; x_wconf 74' lang='grc' dir='ltr'><strong><em>ἀναγράφει</em></strong></span> 
     </span>
     <span class='ocr_line' id='line_1_41' title="bbox 522 4111 2827 4187; baseline 0 -17"><span class='ocrx_word' id='word_1_313' title='bbox 522 4133 624 4186; x_wconf 85' lang='lat' dir='ltr'>pro</span> <span class='ocrx_word' id='word_1_314' title='bbox 653 4111 1088 4187; x_wconf 79' lang='grc' dir='ltr'><strong><em>άναγράφεται).</em></strong></span> <span class='ocrx_word' id='word_1_315' title='bbox 1134 4117 1290 4172; x_wconf 86' lang='lat' dir='ltr'><strong><em>Idem</em></strong></span> <span class='ocrx_word' id='word_1_316' title='bbox 1318 4116 1667 4172; x_wconf 79' lang='lat' dir='ltr'>sacerdotem</span> <span class='ocrx_word' id='word_1_317' title='bbox 1694 4113 2152 4185; x_wconf 82' lang='lat' dir='ltr'>Letopolitanum</span> <span class='ocrx_word' id='word_1_318' title='bbox 2180 4117 2251 4171; x_wconf 84' lang='lat' dir='ltr'><strong><em>de</em></strong></span> <span class='ocrx_word' id='word_1_319' title='bbox 2280 4115 2503 4185; x_wconf 86' lang='lat' dir='ltr'>Orpheo</span> <span class='ocrx_word' id='word_1_320' title='bbox 2534 4115 2827 4185; x_wconf 80' lang='lat' dir='ltr'>scripsisse</span> 
     </span>
     <span class='ocr_line' id='line_1_42' title="bbox 522 4195 2632 4267; baseline -0 -16"><span class='ocrx_word' id='word_1_321' title='bbox 522 4201 678 4253; x_wconf 83' lang='lat' dir='ltr'>ratus</span> <span class='ocrx_word' id='word_1_322' title='bbox 718 4201 820 4254; x_wconf 83' lang='lat' dir='ltr'><strong><em>est.</em></strong></span> <span class='ocrx_word' id='word_1_323' title='bbox 895 4197 976 4254; x_wconf 87' lang='lat' dir='ltr'><strong><em>Cf.</em></strong></span> <span class='ocrx_word' id='word_1_324' title='bbox 1015 4199 1134 4254; x_wconf 84' lang='lat' dir='ltr'><strong><em>eius</em></strong></span> <span class='ocrx_word' id='word_1_325' title='bbox 1170 4200 1364 4253; x_wconf 85' lang='lat' dir='ltr'>notam</span> <span class='ocrx_word' id='word_1_326' title='bbox 1404 4198 1476 4251; x_wconf 83' lang='lat' dir='ltr'><strong><em>ad</em></strong></span> <span class='ocrx_word' id='word_1_327' title='bbox 1516 4198 1754 4266; x_wconf 76' lang='lat' dir='ltr'>Shmpe,</span> <span class='ocrx_word' id='word_1_328' title='bbox 1791 4195 1928 4267; x_wconf 86' lang='lat' dir='ltr'><strong><em>Aeg.</em></strong></span> <span class='ocrx_word' id='word_1_329' title='bbox 1971 4195 2305 4252; x_wconf 84' lang='lat' dir='ltr'>Geschiohte</span> <span class='ocrx_word' id='word_1_330' title='bbox 2341 4195 2394 4250; x_wconf 84' lang='lat' dir='ltr'><strong><em>II</em></strong></span> <span class='ocrx_word' id='word_1_331' title='bbox 2430 4214 2486 4266; x_wconf 90' lang='lat' dir='ltr'>p.</span> <span class='ocrx_word' id='word_1_332' title='bbox 2529 4200 2632 4250; x_wconf 87' lang='grc'><strong><em>164</em></strong></span> 
     </span>
     <span class='ocr_line' id='line_1_43' title="bbox 525 4274 2807 4334; baseline 0.003 -6"><span class='ocrx_word' id='word_1_333' title='bbox 525 4284 591 4330; x_wconf 83' lang='grc'><strong><em>22</em></strong></span> <span class='ocrx_word' id='word_1_334' title='bbox 630 4274 776 4332; x_wconf 77' lang='grc' dir='ltr'><strong><em>κατὰ</em></strong></span> <span class='ocrx_word' id='word_1_335' title='bbox 814 4279 927 4332; x_wconf 86' lang='grc' dir='ltr'><strong><em>τῶν</em></strong></span> <span class='ocrx_word' id='word_1_336' title='bbox 962 4279 1239 4334; x_wconf 81' lang='grc' dir='ltr'><strong><em>τελευτῶν</em></strong></span> <span class='ocrx_word' id='word_1_337' title='bbox 1276 4278 1426 4332; x_wconf 72' lang='lat' dir='ltr'><strong><em>Eud.</em></strong></span> <span class='ocrx_word' id='word_1_338' title='bbox 1467 4294 1607 4333; x_wconf 83' lang='lat' dir='ltr'>corr.</span> <span class='ocrx_word' id='word_1_339' title='bbox 1638 4277 1841 4332; x_wconf 78' lang='lat' dir='ltr'><strong><em>Harles</em></strong></span> <span class='ocrx_word' id='word_1_340' title='bbox 2800 4317 2807 4322; x_wconf 80' lang='lat'>-</span> 
     </span>
    </p>

    <p class='ocr_par' dir='ltr' id='par_1_18' title="bbox 666 4349 2824 4427">
     <span class='ocr_line' id='line_1_44' title="bbox 666 4349 2824 4427; baseline 0.002 -18"><span class='ocrx_word' id='word_1_341' title='bbox 666 4357 870 4410; x_wconf 89' lang='lat' dir='ltr'>LXXX</span> <span class='ocrx_word' id='word_1_342' title='bbox 915 4357 1066 4411; x_wconf 78' lang='lat' dir='ltr'><strong><em>Eud.</em></strong></span> <span class='ocrx_word' id='word_1_343' title='bbox 1115 4377 1168 4426; x_wconf 91' lang='lat' dir='ltr'>p.</span> <span class='ocrx_word' id='word_1_344' title='bbox 1209 4364 1295 4424; x_wconf 87' lang='grc'><strong><em>97,</em></strong></span> <span class='ocrx_word' id='word_1_345' title='bbox 1343 4374 1484 4426; x_wconf 83' lang='lat' dir='ltr'>quae</span> <span class='ocrx_word' id='word_1_346' title='bbox 1533 4373 1641 4411; x_wconf 91' lang='lat' dir='ltr'><strong><em>om.</em></strong></span> <span class='ocrx_word' id='word_1_347' title='bbox 1690 4353 1815 4419; x_wconf 84' lang='grc' dir='ltr'><strong><em>υἷὸς</em></strong></span> <span class='ocrx_word' id='word_1_348' title='bbox 1863 4389 1928 4396; x_wconf 93' lang='grc'>-</span> <span class='ocrx_word' id='word_1_349' title='bbox 1976 4353 2188 4427; x_wconf 76' lang='grc' dir='ltr'><strong><em>ἤκμαζε</em></strong></span> <span class='ocrx_word' id='word_1_350' title='bbox 2236 4356 2341 4427; x_wconf 84' lang='grc' dir='ltr'><strong><em>μέν</em></strong></span> <span class='ocrx_word' id='word_1_351' title='bbox 2390 4359 2447 4411; x_wconf 87' lang='lat' dir='ltr'><strong><em>et</em></strong></span> <span class='ocrx_word' id='word_1_352' title='bbox 2495 4351 2593 4427; x_wconf 74' lang='grc' dir='ltr'><strong><em>ἐφ’</em></strong></span> <span class='ocrx_word' id='word_1_353' title='bbox 2634 4349 2707 4413; x_wconf 81' lang='grc' dir='ltr'><strong><em>οὗ</em></strong></span> <span class='ocrx_word' id='word_1_354' title='bbox 2752 4390 2824 4400; x_wconf 90' lang='grc'><strong>-</strong></span> 
     </span>
    </p>
   </div>
   <div class='ocr_carea' id='block_1_5' title="bbox 3009 2769 3015 3752">
    <p class='ocr_par' dir='ltr' id='par_1_19' title="bbox 3009 2769 3015 3752">
     <span class='ocr_line' id='line_1_45' title="bbox 3009 2769 3015 3752; baseline 0 0"><span class='ocrx_word' id='word_1_355' title='bbox 3009 2769 3015 3752; x_wconf 95' lang='lat' dir='ltr'><strong><em> </em></strong></span> 
     </span>
    </p>
   </div>
  </div>
 </body>
</html>
