<?xml version="1.0" encoding="UTF-8"?>
<!DOCTYPE html PUBLIC "-//W3C//DTD XHTML 1.0 Transitional//EN"
    "http://www.w3.org/TR/xhtml1/DTD/xhtml1-transitional.dtd">
<html xmlns="http://www.w3.org/1999/xhtml" xml:lang="en" lang="en">
 <head>
  <title>
</title>
<meta http-equiv="Content-Type" content="text/html;charset=utf-8" />
  <meta name='ocr-system' content='tesseract 3.04.00' />
  <meta name='ocr-capabilities' content='ocr_page ocr_carea ocr_par ocr_line ocrx_word'/>
</head>
<body>
  <div class='ocr_page' id='page_1' title='image "./hesychiimilesii04flacgoog_0244.png"; bbox 0 0 3025 4892; ppageno 0'>
   <div class='ocr_carea' id='block_1_1' title="bbox 571 200 1918 267">
    <p class='ocr_par' dir='ltr' id='par_1_1' title="bbox 571 200 1918 267">
     <span class='ocr_line' id='line_1_1' title="bbox 571 200 1918 267; baseline -0.006 -2"><span class='ocrx_word' id='word_1_1' title='bbox 571 202 698 267; x_wconf 81' lang='grc'><strong><em>146</em></strong></span> <span class='ocrx_word' id='word_1_2' title='bbox 1490 200 1918 257; x_wconf 79' lang='grc' dir='ltr'><strong>ΗΕ8ῩΟΗ1Π8.</strong></span> 
     </span>
    </p>
   </div>
   <div class='ocr_carea' id='block_1_2' title="bbox 489 359 2846 2373">
    <p class='ocr_par' dir='ltr' id='par_1_2' title="bbox 489 359 2846 2373">
     <span class='ocr_line' id='line_1_2' title="bbox 558 359 2831 452; baseline -0.001 -23"><span class='ocrx_word' id='word_1_3' title='bbox 558 360 1033 450; x_wconf 77' lang='grc' dir='ltr'><strong><em>Ἱπποκράτους</em></strong></span> <span class='ocrx_word' id='word_1_4' title='bbox 1090 362 1641 452; x_wconf 77' lang='grc' dir='ltr'><strong><em>προγνωστικῶν)</em></strong></span> <span class='ocrx_word' id='word_1_5' title='bbox 1659 414 1677 448; x_wconf 84' lang='grc'>,</span> <span class='ocrx_word' id='word_1_6' title='bbox 1742 362 1891 450; x_wconf 88' lang='grc' dir='ltr'><strong><em>περὶ</em></strong></span> <span class='ocrx_word' id='word_1_7' title='bbox 1947 366 2367 450; x_wconf 79' lang='grc' dir='ltr'><strong><em>χρηστηρίων</em></strong></span> <span class='ocrx_word' id='word_1_8' title='bbox 2429 359 2687 428; x_wconf 88' lang='grc' dir='ltr'><strong><em>πάντων</em></strong></span> <span class='ocrx_word' id='word_1_9' title='bbox 2742 363 2831 445; x_wconf 85' lang='grc' dir='ltr'><strong><em>βι-</em></strong></span> 
     </span>
     <span class='ocr_line' id='line_1_3' title="bbox 565 469 1821 556; baseline 0.001 -20"><span class='ocrx_word' id='word_1_10' title='bbox 565 475 720 554; x_wconf 87' lang='grc' dir='ltr'><strong><em>βλία</em></strong></span> <span class='ocrx_word' id='word_1_11' title='bbox 765 469 858 556; x_wconf 79' lang='grc' dir='ltr'><strong><em>γ’.</em></strong></span> <span class='ocrx_word' id='word_1_12' title='bbox 880 471 989 538; x_wconf 87' lang='grc' dir='ltr'><strong><em>καὶ</em></strong></span> <span class='ocrx_word' id='word_1_13' title='bbox 1035 469 1204 538; x_wconf 72' lang='grc' dir='ltr'><strong><em>’ἄλλα</em></strong></span> <span class='ocrx_word' id='word_1_14' title='bbox 1251 477 1521 537; x_wconf 83' lang='grc' dir='ltr'><strong><em>πλεῖστα</em></strong></span> <span class='ocrx_word' id='word_1_15' title='bbox 1569 471 1821 549; x_wconf 74' lang='grc' dir='ltr'><strong><em>ε’πικῶς.</em></strong></span> 
     </span>
     <span class='ocr_line' id='line_1_4' title="bbox 743 572 2836 665; baseline -0.001 -22"><span class='ocrx_word' id='word_1_16' title='bbox 743 578 970 645; x_wconf 91' lang='lat' dir='ltr'><strong>DLIV.</strong></span> <span class='ocrx_word' id='word_1_17' title='bbox 1036 583 1138 643; x_wconf 99' lang='grc' dir='ltr'><strong><em>Νι</em></strong></span> <span class='ocrx_word' id='word_1_18' title='bbox 1151 576 1416 664; x_wconf 47' lang='grc' dir='ltr'><strong><em>κζάνωρ</em></strong></span> <span class='ocrx_word' id='word_1_19' title='bbox 1455 573 1492 643; x_wconf 83' lang='grc' dir='ltr'>ὁ</span> <span class='ocrx_word' id='word_1_20' title='bbox 1522 573 1855 665; x_wconf 83' lang='grc' dir='ltr'><strong><em>Ἑρμείου,</em></strong></span> <span class='ocrx_word' id='word_1_21' title='bbox 1888 572 2353 661; x_wconf 79' lang='grc' dir='ltr'><strong><em>Ἀλεξανδρεὺς</em></strong></span> <span class='ocrx_word' id='word_1_22' title='bbox 2379 572 2836 661; x_wconf 79' lang='grc' dir='ltr'><strong><em>γραμματικός,</em></strong></span> 
     </span>
     <span class='ocr_line' id='line_1_5' title="bbox 567 677 2835 771; baseline -0.001 -23"><span class='ocrx_word' id='word_1_23' title='bbox 567 680 862 766; x_wconf 74' lang='grc' dir='ltr'><strong><em>γεγονώς</em></strong></span> <span class='ocrx_word' id='word_1_24' title='bbox 920 683 1026 750; x_wconf 77' lang='grc' dir='ltr'><strong><em>ἐπὶ</em></strong></span> <span class='ocrx_word' id='word_1_25' title='bbox 1078 680 1436 771; x_wconf 77' lang='grc' dir='ltr'><strong><em>Ἀδριανοῦ</em></strong></span> <span class='ocrx_word' id='word_1_26' title='bbox 1491 687 1613 750; x_wconf 82' lang='grc' dir='ltr'><strong><em>τοῦ</em></strong></span> <span class='ocrx_word' id='word_1_27' title='bbox 1662 690 2031 770; x_wconf 83' lang='grc' dir='ltr'><strong><em>Καίσαρος,</em></strong></span> <span class='ocrx_word' id='word_1_28' title='bbox 2088 680 2199 750; x_wconf 82' lang='grc' dir='ltr'><strong><em>ὅτε</em></strong></span> <span class='ocrx_word' id='word_1_29' title='bbox 2250 682 2361 749; x_wconf 84' lang='grc' dir='ltr'><strong><em>καὶ</em></strong></span> <span class='ocrx_word' id='word_1_30' title='bbox 2390 679 2745 769; x_wconf 69' lang='grc' dir='ltr'><strong><em>’Ἕρμιππος</em></strong></span> <span class='ocrx_word' id='word_1_31' title='bbox 2802 677 2835 745; x_wconf 89' lang='grc' dir='ltr'>ὁ</span> 
     </span>
     <span class='ocr_line' id='line_1_6' title="bbox 515 785 2841 889; baseline 0.002 -38"><span class='ocrx_word' id='word_1_32' title='bbox 515 812 540 851; x_wconf 74' lang='grc' dir='ltr'><em>ι</em></span> <span class='ocrx_word' id='word_1_33' title='bbox 568 788 918 889; x_wconf 78' lang='grc' dir='ltr'><strong><em>Βηρύτιος.</em></strong></span> <span class='ocrx_word' id='word_1_34' title='bbox 1006 791 1156 877; x_wconf 87' lang='grc' dir='ltr'><strong><em>περὶ</em></strong></span> <span class='ocrx_word' id='word_1_35' title='bbox 1215 792 1489 876; x_wconf 82' lang='grc' dir='ltr'><em>στιγμῆς</em></span> <span class='ocrx_word' id='word_1_36' title='bbox 1532 792 1658 877; x_wconf 52' lang='grc' dir='ltr'><strong><em>ζτῆς</em></strong></span> <span class='ocrx_word' id='word_1_37' title='bbox 1682 787 1857 877; x_wconf 36' lang='grc' dir='ltr'><strong><em>,παρ’</em></strong></span> <span class='ocrx_word' id='word_1_38' title='bbox 1898 787 2161 881; x_wconf 76' lang='grc' dir='ltr'><strong><em>Ὁμήρῳ</em></strong></span> <span class='ocrx_word' id='word_1_39' title='bbox 2214 789 2327 856; x_wconf 86' lang='grc' dir='ltr'><strong><em>καὶ</em></strong></span> <span class='ocrx_word' id='word_1_40' title='bbox 2371 791 2487 875; x_wconf 88' lang='grc' dir='ltr'><strong><em>τῆς</em></strong></span> <span class='ocrx_word' id='word_1_41' title='bbox 2540 790 2605 869; x_wconf 80' lang='grc' dir='ltr'><strong><em>ἐξ</em></strong></span> <span class='ocrx_word' id='word_1_42' title='bbox 2648 785 2841 873; x_wconf 80' lang='grc' dir='ltr'><strong><em>αὐτῆς</em></strong></span> 
     </span>
     <span class='ocr_line' id='line_1_7' title="bbox 571 892 2840 985; baseline 0 -24"><span class='ocrx_word' id='word_1_43' title='bbox 571 898 902 982; x_wconf 79' lang='grc' dir='ltr'><strong><em>διαφορᾶς</em></strong></span> <span class='ocrx_word' id='word_1_44' title='bbox 945 897 1020 963; x_wconf 83' lang='grc' dir='ltr'><strong><em>ἐν</em></strong></span> <span class='ocrx_word' id='word_1_45' title='bbox 1055 900 1133 984; x_wconf 81' lang='grc' dir='ltr'><strong><em>τῇ</em></strong></span> <span class='ocrx_word' id='word_1_46' title='bbox 1175 900 1465 985; x_wconf 79' lang='grc' dir='ltr'><strong><em>διανοίᾳ,</em></strong></span> <span class='ocrx_word' id='word_1_47' title='bbox 1513 897 1663 983; x_wconf 85' lang='grc' dir='ltr'><strong><em>περὶ</em></strong></span> <span class='ocrx_word' id='word_1_48' title='bbox 1702 899 1976 983; x_wconf 75' lang='grc' dir='ltr'><em>στιγμῆς</em></span> <span class='ocrx_word' id='word_1_49' title='bbox 2009 900 2128 982; x_wconf 86' lang='grc' dir='ltr'><strong><em>τῆς</em></strong></span> <span class='ocrx_word' id='word_1_50' title='bbox 2162 894 2465 963; x_wconf 79' lang='grc' dir='ltr'><strong><em>καθόλου</em></strong></span> <span class='ocrx_word' id='word_1_51' title='bbox 2502 899 2713 982; x_wconf 83' lang='grc' dir='ltr'><em>βιβλία</em></span> <span class='ocrx_word' id='word_1_52' title='bbox 2752 892 2840 976; x_wconf 84' lang='grc' dir='ltr'><strong><em>ς’,</em></strong></span> 
     </span>
     <span class='ocr_line' id='line_1_8' title="bbox 568 1000 2838 1091; baseline -0.001 -22"><span class='ocrx_word' id='word_1_53' title='bbox 568 1000 890 1089; x_wconf 80' lang='grc' dir='ltr'><strong><em>ἐπιτομὴν</em></strong></span> <span class='ocrx_word' id='word_1_54' title='bbox 936 1002 1196 1071; x_wconf 85' lang='grc' dir='ltr'><strong><em>τούτων</em></strong></span> <span class='ocrx_word' id='word_1_55' title='bbox 1242 1008 1510 1088; x_wconf 85' lang='grc' dir='ltr'><strong><em>βιβλίον</em></strong></span> <span class='ocrx_word' id='word_1_56' title='bbox 1558 1001 1650 1088; x_wconf 79' lang='grc' dir='ltr'><strong><em>α’,</em></strong></span> <span class='ocrx_word' id='word_1_57' title='bbox 1700 1003 1850 1090; x_wconf 78' lang='grc' dir='ltr'><strong><em>περὶ</em></strong></span> <span class='ocrx_word' id='word_1_58' title='bbox 1900 1008 2174 1090; x_wconf 80' lang='grc' dir='ltr'><em>στιγμῆς</em></span> <span class='ocrx_word' id='word_1_59' title='bbox 2220 1006 2337 1089; x_wconf 88' lang='grc' dir='ltr'><strong><em>τῆς</em></strong></span> <span class='ocrx_word' id='word_1_60' title='bbox 2380 1001 2559 1091; x_wconf 81' lang='grc' dir='ltr'><strong><em>παρὰ</em></strong></span> <span class='ocrx_word' id='word_1_61' title='bbox 2609 1006 2838 1069; x_wconf 86' lang='grc' dir='ltr'><strong><em>Καλλι-</em></strong></span> 
     </span>
     <span class='ocr_line' id='line_1_9' title="bbox 565 1096 2839 1200; baseline -0 -25"><span class='ocrx_word' id='word_1_62' title='bbox 565 1108 784 1200; x_wconf 79' lang='grc' dir='ltr'><strong><em>μάχῳ,</em></strong></span> <span class='ocrx_word' id='word_1_63' title='bbox 865 1096 1399 1200; x_wconf 77' lang='grc' dir='ltr'><strong><em>κωμῳδούμενα,</em></strong></span> <span class='ocrx_word' id='word_1_64' title='bbox 1471 1109 1622 1195; x_wconf 84' lang='grc' dir='ltr'><strong><em>περὶ</em></strong></span> <span class='ocrx_word' id='word_1_65' title='bbox 1695 1109 2171 1196; x_wconf 78' lang='grc' dir='ltr'><strong><em>ναυστάθμου,</em></strong></span> <span class='ocrx_word' id='word_1_66' title='bbox 2248 1111 2399 1197; x_wconf 78' lang='grc' dir='ltr'><strong><em>περὶ</em></strong></span> <span class='ocrx_word' id='word_1_67' title='bbox 2482 1114 2620 1177; x_wconf 65' lang='grc' dir='ltr'><strong><em>τοῦ</em></strong></span> <span class='ocrx_word' id='word_1_68' title='bbox 2670 1100 2839 1186; x_wconf 78' lang='grc' dir='ltr'><strong><em>ὦναξ</em></strong></span> 
     </span>
     <span class='ocr_line' id='line_1_10' title="bbox 567 1212 901 1285; baseline 0.006 -4"><span class='ocrx_word' id='word_1_69' title='bbox 567 1215 678 1281; x_wconf 88' lang='grc' dir='ltr'><strong><em>καὶ</em></strong></span> <span class='ocrx_word' id='word_1_70' title='bbox 715 1212 901 1285; x_wconf 71' lang='grc' dir='ltr'><strong><em>ἄλλα.</em></strong></span> 
     </span>
     <span class='ocr_line' id='line_1_11' title="bbox 489 1321 2843 1412; baseline 0.002 -29"><span class='ocrx_word' id='word_1_71' title='bbox 489 1346 539 1384; x_wconf 81' lang='grc' dir='ltr'><strong><em>ιο</em></strong></span> <span class='ocrx_word' id='word_1_72' title='bbox 747 1323 939 1393; x_wconf 90' lang='lat' dir='ltr'><strong>DLV.</strong></span> <span class='ocrx_word' id='word_1_73' title='bbox 1019 1321 1428 1401; x_wconf 80' lang='grc' dir='ltr'><strong><em>Νικόλαος</em></strong></span> <span class='ocrx_word' id='word_1_74' title='bbox 1477 1322 1964 1409; x_wconf 85' lang='grc' dir='ltr'><strong><em>Δαμασκηνός,</em></strong></span> <span class='ocrx_word' id='word_1_75' title='bbox 2011 1322 2346 1411; x_wconf 75' lang='grc' dir='ltr'><strong><em>γνώριμος</em></strong></span> <span class='ocrx_word' id='word_1_76' title='bbox 2379 1321 2683 1412; x_wconf 77' lang='grc' dir='ltr'><strong><em>Ἡρώδου</em></strong></span> <span class='ocrx_word' id='word_1_77' title='bbox 2720 1325 2843 1391; x_wconf 82' lang='grc' dir='ltr'><strong><em>τοῦ</em></strong></span> 
     </span>
     <span class='ocr_line' id='line_1_12' title="bbox 565 1428 2843 1520; baseline 0.001 -25"><span class='ocrx_word' id='word_1_78' title='bbox 565 1433 702 1496; x_wconf 74' lang='grc' dir='ltr'><strong><em>τῶν</em></strong></span> <span class='ocrx_word' id='word_1_79' title='bbox 737 1428 1085 1498; x_wconf 78' lang='grc' dir='ltr'><strong><em>Ἰουδαίων</em></strong></span> <span class='ocrx_word' id='word_1_80' title='bbox 1121 1431 1444 1514; x_wconf 85' lang='grc' dir='ltr'><strong><em>βασιλέως</em></strong></span> <span class='ocrx_word' id='word_1_81' title='bbox 1479 1431 1590 1498; x_wconf 85' lang='grc' dir='ltr'><strong><em>καὶ</em></strong></span> <span class='ocrx_word' id='word_1_82' title='bbox 1629 1428 2031 1516; x_wconf 83' lang='grc' dir='ltr'><strong><em>Αὐγούστου</em></strong></span> <span class='ocrx_word' id='word_1_83' title='bbox 2076 1437 2438 1519; x_wconf 86' lang='grc' dir='ltr'><strong><em>Καίσαρος,</em></strong></span> <span class='ocrx_word' id='word_1_84' title='bbox 2476 1430 2843 1520; x_wconf 83' lang='grc' dir='ltr'><strong><em>φιλόσοφος</em></strong></span> 
     </span>
     <span class='ocr_line' id='line_1_13' title="bbox 563 1532 2841 1626; baseline -0.001 -22"><span class='ocrx_word' id='word_1_85' title='bbox 563 1535 1070 1625; x_wconf 87' lang='grc' dir='ltr'><strong><em>περιπατητικὸς</em></strong></span> <span class='ocrx_word' id='word_1_86' title='bbox 1105 1532 1147 1623; x_wconf 76' lang='grc' dir='ltr'>ἢ</span> <span class='ocrx_word' id='word_1_87' title='bbox 1187 1536 1637 1617; x_wconf 87' lang='grc' dir='ltr'><strong><em>Πλατωνικός.</em></strong></span> <span class='ocrx_word' id='word_1_88' title='bbox 1696 1542 1988 1626; x_wconf 83' lang='grc' dir='ltr'><strong><em>ἔγραψεν</em></strong></span> <span class='ocrx_word' id='word_1_89' title='bbox 2027 1542 2332 1624; x_wconf 73' lang='grc' dir='ltr'><strong><em>ἱστορίαν</em></strong></span> <span class='ocrx_word' id='word_1_90' title='bbox 2366 1535 2734 1623; x_wconf 78' lang='grc' dir='ltr'><strong><em>καθολικὴν</em></strong></span> <span class='ocrx_word' id='word_1_91' title='bbox 2772 1536 2841 1602; x_wconf 82' lang='grc' dir='ltr'><strong><em>ἐν</em></strong></span> 
     </span>
     <span class='ocr_line' id='line_1_14' title="bbox 561 1641 2843 1733; baseline -0.002 -22"><span class='ocrx_word' id='word_1_92' title='bbox 561 1648 852 1729; x_wconf 82' lang='grc' dir='ltr'><strong><em>βιβλίοις</em></strong></span> <span class='ocrx_word' id='word_1_93' title='bbox 903 1643 976 1711; x_wconf 88' lang='grc' dir='ltr'><strong><em>π’</em></strong></span> <span class='ocrx_word' id='word_1_94' title='bbox 1033 1645 1142 1712; x_wconf 84' lang='grc' dir='ltr'><strong><em>καὶ</em></strong></span> <span class='ocrx_word' id='word_1_95' title='bbox 1199 1648 1324 1711; x_wconf 83' lang='grc' dir='ltr'><strong><em>τοῦ</em></strong></span> <span class='ocrx_word' id='word_1_96' title='bbox 1382 1646 1631 1731; x_wconf 82' lang='grc' dir='ltr'><strong><em>&lt;νέου&gt;</em></strong></span> <span class='ocrx_word' id='word_1_97' title='bbox 1696 1651 2037 1733; x_wconf 86' lang='grc' dir='ltr'><strong><em>Καίσαρος</em></strong></span> <span class='ocrx_word' id='word_1_98' title='bbox 2094 1642 2388 1731; x_wconf 75' lang='grc' dir='ltr'><strong><em>ἀγωγήν.</em></strong></span> <span class='ocrx_word' id='word_1_99' title='bbox 2482 1642 2712 1728; x_wconf 80' lang='grc' dir='ltr'><strong><em>[οὕτως</em></strong></span> <span class='ocrx_word' id='word_1_100' title='bbox 2772 1641 2843 1707; x_wconf 72' lang='grc' dir='ltr'><strong><em>δὲ</em></strong></span> 
     </span>
     <span class='ocr_line' id='line_1_15' title="bbox 563 1747 2846 1838; baseline -0.001 -21"><span class='ocrx_word' id='word_1_101' title='bbox 563 1748 904 1836; x_wconf 82' lang='grc' dir='ltr'><strong><em>ἠσπάσατο</em></strong></span> <span class='ocrx_word' id='word_1_102' title='bbox 953 1747 1162 1820; x_wconf 84' lang='grc' dir='ltr'><strong><em>αὐτὸν</em></strong></span> <span class='ocrx_word' id='word_1_103' title='bbox 1209 1758 1514 1838; x_wconf 77' lang='grc' dir='ltr'><strong><em>Καῖσαρ,</em></strong></span> <span class='ocrx_word' id='word_1_104' title='bbox 1572 1747 1661 1829; x_wconf 75' lang='grc' dir='ltr'><strong><em>ὡς</em></strong></span> <span class='ocrx_word' id='word_1_105' title='bbox 1704 1748 1861 1831; x_wconf 83' lang='grc' dir='ltr'><strong><em>τοὺς</em></strong></span> <span class='ocrx_word' id='word_1_106' title='bbox 1914 1749 2027 1819; x_wconf 86' lang='grc' dir='ltr'><strong><em>ὑπ’</em></strong></span> <span class='ocrx_word' id='word_1_107' title='bbox 2080 1753 2344 1819; x_wconf 82' lang='grc' dir='ltr'><strong><em>ἐκείνου</em></strong></span> <span class='ocrx_word' id='word_1_108' title='bbox 2396 1750 2846 1837; x_wconf 82' lang='grc' dir='ltr'><strong><em>πεμπομένους</em></strong></span> 
     </span>
     <span class='ocr_line' id='line_1_16' title="bbox 489 1855 2845 1950; baseline 0 -27"><span class='ocrx_word' id='word_1_109' title='bbox 489 1878 538 1917; x_wconf 83' lang='lat'><strong><em>1⁵</em></strong></span> <span class='ocrx_word' id='word_1_110' title='bbox 565 1862 986 1938; x_wconf 83' lang='grc' dir='ltr'><strong><em>πλακοῦντας</em></strong></span> <span class='ocrx_word' id='word_1_111' title='bbox 1063 1862 1180 1950; x_wconf 77' lang='grc' dir='ltr'><strong><em>[τῷ</em></strong></span> <span class='ocrx_word' id='word_1_112' title='bbox 1245 1863 1572 1944; x_wconf 87' lang='grc' dir='ltr'><strong><em>Καίσαρι,</em></strong></span> <span class='ocrx_word' id='word_1_113' title='bbox 1645 1856 1859 1945; x_wconf 76' lang='grc' dir='ltr'><strong><em>ἤγουν</em></strong></span> <span class='ocrx_word' id='word_1_114' title='bbox 1925 1858 2406 1945; x_wconf 84' lang='grc' dir='ltr'><strong><em>μελιττούτας,]</em></strong></span> <span class='ocrx_word' id='word_1_115' title='bbox 2476 1855 2845 1933; x_wconf 83' lang='grc' dir='ltr'><strong><em>Νικολάους</em></strong></span> 
     </span>
     <span class='ocr_line' id='line_1_17' title="bbox 564 1961 2845 2053; baseline -0.001 -22"><span class='ocrx_word' id='word_1_116' title='bbox 564 1961 774 2032; x_wconf 81' lang='grc' dir='ltr'><strong><em>αὐτὸν</em></strong></span> <span class='ocrx_word' id='word_1_117' title='bbox 809 1971 1068 2032; x_wconf 72' lang='grc' dir='ltr'><strong><em>καλεῖν·</em></strong></span> <span class='ocrx_word' id='word_1_118' title='bbox 1115 1964 1224 2031; x_wconf 85' lang='grc' dir='ltr'><strong><em>καὶ</em></strong></span> <span class='ocrx_word' id='word_1_119' title='bbox 1264 1964 1565 2051; x_wconf 82' lang='grc' dir='ltr'><strong><em>διαμένει</em></strong></span> <span class='ocrx_word' id='word_1_120' title='bbox 1601 1968 1797 2033; x_wconf 86' lang='grc' dir='ltr'><strong><em>τοῦτο</em></strong></span> <span class='ocrx_word' id='word_1_121' title='bbox 1847 1964 2000 2053; x_wconf 75' lang='grc' dir='ltr'><strong><em>ἄχρι</em></strong></span> <span class='ocrx_word' id='word_1_122' title='bbox 2036 1968 2155 2051; x_wconf 89' lang='grc' dir='ltr'><strong><em>τῆς</em></strong></span> <span class='ocrx_word' id='word_1_123' title='bbox 2191 1964 2535 2052; x_wconf 84' lang='grc' dir='ltr'><strong><em>σήμερον.]</em></strong></span> <span class='ocrx_word' id='word_1_124' title='bbox 2614 1970 2845 2051; x_wconf 81' lang='grc' dir='ltr'><strong><em>ἔγραψε</em></strong></span> 
     </span>
     <span class='ocr_line' id='line_1_18' title="bbox 563 2070 2407 2160; baseline 0.001 -23"><span class='ocrx_word' id='word_1_125' title='bbox 563 2072 673 2137; x_wconf 88' lang='grc' dir='ltr'><strong><em>καὶ</em></strong></span> <span class='ocrx_word' id='word_1_126' title='bbox 721 2072 870 2160; x_wconf 84' lang='grc' dir='ltr'><strong><em>περὶ</em></strong></span> <span class='ocrx_word' id='word_1_127' title='bbox 914 2076 1038 2139; x_wconf 83' lang='grc' dir='ltr'><strong><em>τοῦ</em></strong></span> <span class='ocrx_word' id='word_1_128' title='bbox 1087 2076 1268 2140; x_wconf 86' lang='grc' dir='ltr'><strong><em>ἰδίου</em></strong></span> <span class='ocrx_word' id='word_1_129' title='bbox 1314 2077 1471 2157; x_wconf 85' lang='grc' dir='ltr'><strong><em>βίου</em></strong></span> <span class='ocrx_word' id='word_1_130' title='bbox 1516 2073 1627 2140; x_wconf 85' lang='grc' dir='ltr'><strong><em>καὶ</em></strong></span> <span class='ocrx_word' id='word_1_131' title='bbox 1674 2075 1791 2158; x_wconf 87' lang='grc' dir='ltr'><strong><em>τῆς</em></strong></span> <span class='ocrx_word' id='word_1_132' title='bbox 1838 2073 2081 2139; x_wconf 81' lang='grc' dir='ltr'><strong><em>ἑαυτοῦ</em></strong></span> <span class='ocrx_word' id='word_1_133' title='bbox 2126 2070 2407 2159; x_wconf 77' lang='grc' dir='ltr'><strong><em>ἀγωγῆς.</em></strong></span> 
     </span>
     <span class='ocr_line' id='line_1_19' title="bbox 740 2176 2843 2268; baseline -0.001 -24"><span class='ocrx_word' id='word_1_134' title='bbox 740 2180 971 2246; x_wconf 87' lang='lat' dir='ltr'><strong>DLVI.</strong></span> <span class='ocrx_word' id='word_1_135' title='bbox 1060 2176 1464 2257; x_wconf 88' lang='grc' dir='ltr'><strong><em>Νικόλαος</em></strong></span> <span class='ocrx_word' id='word_1_136' title='bbox 1530 2176 1783 2265; x_wconf 80' lang='grc' dir='ltr'><strong><em>ῥήτωρ,</em></strong></span> <span class='ocrx_word' id='word_1_137' title='bbox 1849 2177 2187 2265; x_wconf 77' lang='grc' dir='ltr'><strong><em>γνώριμος</em></strong></span> <span class='ocrx_word' id='word_1_138' title='bbox 2248 2178 2691 2268; x_wconf 78' lang='grc' dir='ltr'><strong><em>Πλουτάρχου</em></strong></span> <span class='ocrx_word' id='word_1_139' title='bbox 2740 2176 2843 2243; x_wconf 82' lang='grc' dir='ltr'><strong><em>καὶ</em></strong></span> 
     </span>
     <span class='ocr_line' id='line_1_20' title="bbox 563 2284 2843 2373; baseline -0.002 -20"><span class='ocrx_word' id='word_1_140' title='bbox 563 2287 882 2371; x_wconf 88' lang='grc' dir='ltr'><strong><em>Πρόκλου</em></strong></span> <span class='ocrx_word' id='word_1_141' title='bbox 947 2284 1428 2373; x_wconf 84' lang='grc' dir='ltr'><strong><em>(Πλουτάρχου</em></strong></span> <span class='ocrx_word' id='word_1_142' title='bbox 1501 2285 1576 2352; x_wconf 75' lang='grc' dir='ltr'><strong><em>δὲ</em></strong></span> <span class='ocrx_word' id='word_1_143' title='bbox 1654 2286 1826 2370; x_wconf 81' lang='grc' dir='ltr'><strong><em>λέγω</em></strong></span> <span class='ocrx_word' id='word_1_144' title='bbox 1898 2289 2017 2353; x_wconf 83' lang='grc' dir='ltr'><strong><em>τοῦ</em></strong></span> <span class='ocrx_word' id='word_1_145' title='bbox 2083 2288 2357 2373; x_wconf 81' lang='grc' dir='ltr'><strong><em>ἐπίκλην</em></strong></span> <span class='ocrx_word' id='word_1_146' title='bbox 2428 2284 2843 2372; x_wconf 85' lang='grc' dir='ltr'><strong><em>Νεστορίου).</em></strong></span> 
     </span>
    </p>
   </div>
   <div class='ocr_carea' id='block_1_3' title="bbox 846 2424 986 2432">
    <p class='ocr_par' dir='ltr' id='par_1_3' title="bbox 846 2424 986 2432">
     <span class='ocr_line' id='line_1_21' title="bbox 846 2424 986 2432; baseline 0 0"><span class='ocrx_word' id='word_1_147' title='bbox 846 2424 986 2432; x_wconf 95' lang='lat' dir='ltr'><strong><em> </em></strong></span> 
     </span>
    </p>
   </div>
   <div class='ocr_carea' id='block_1_4' title="bbox 501 2504 2852 4339">
    <p class='ocr_par' dir='ltr' id='par_1_4' title="bbox 564 2504 2845 2658">
     <span class='ocr_line' id='line_1_22' title="bbox 707 2504 2845 2577; baseline -0.002 -16"><span class='ocrx_word' id='word_1_148' title='bbox 707 2514 735 2560; x_wconf 90' lang='grc'><strong>1</strong></span> <span class='ocrx_word' id='word_1_149' title='bbox 776 2510 1060 2563; x_wconf 81' lang='grc' dir='ltr'><strong><em>παντοίων</em></strong></span> <span class='ocrx_word' id='word_1_150' title='bbox 1099 2508 1242 2565; x_wconf 87' lang='lat' dir='ltr'>coni.</span> <span class='ocrx_word' id='word_1_151' title='bbox 1275 2509 1596 2563; x_wconf 74' lang='lat' dir='ltr'><strong><em>Volkmann.</em></strong></span> <span class='ocrx_word' id='word_1_152' title='bbox 1654 2504 1914 2560; x_wconf 76' lang='lat' dir='ltr'>Ceterum</span> <span class='ocrx_word' id='word_1_153' title='bbox 1952 2507 2023 2561; x_wconf 82' lang='lat' dir='ltr'><strong><em>de</em></strong></span> <span class='ocrx_word' id='word_1_154' title='bbox 2059 2506 2204 2561; x_wconf 88' lang='lat' dir='ltr'>libro</span> <span class='ocrx_word' id='word_1_155' title='bbox 2238 2507 2367 2575; x_wconf 80' lang='grc' dir='ltr'><strong><em>περὶ</em></strong></span> <span class='ocrx_word' id='word_1_156' title='bbox 2405 2510 2745 2577; x_wconf 85' lang='grc' dir='ltr'><strong><em>χρηστηρίων</em></strong></span> <span class='ocrx_word' id='word_1_157' title='bbox 2781 2504 2845 2559; x_wconf 84' lang='lat' dir='ltr'><strong><em>cf.</em></strong></span> 
     </span>
     <span class='ocr_line' id='line_1_23' title="bbox 564 2588 1736 2658; baseline -0.003 -15"><span class='ocrx_word' id='word_1_158' title='bbox 564 2588 789 2654; x_wconf 67' lang='lat' dir='ltr'>Bonae,</span> <span class='ocrx_word' id='word_1_159' title='bbox 827 2589 896 2643; x_wconf 86' lang='lat' dir='ltr'><strong><em>de</em></strong></span> <span class='ocrx_word' id='word_1_160' title='bbox 933 2588 1149 2647; x_wconf 89' lang='lat' dir='ltr'>Polluc.</span> <span class='ocrx_word' id='word_1_161' title='bbox 1188 2590 1327 2645; x_wconf 84' lang='lat' dir='ltr'>font.</span> <span class='ocrx_word' id='word_1_162' title='bbox 1365 2607 1418 2658; x_wconf 91' lang='lat' dir='ltr'><strong><em>p.</em></strong></span> <span class='ocrx_word' id='word_1_163' title='bbox 1453 2592 1519 2641; x_wconf 80' lang='lat'><strong><em>12</em></strong></span> <span class='ocrx_word' id='word_1_164' title='bbox 1558 2588 1673 2640; x_wconf 90' lang='lat' dir='ltr'>not.</span> <span class='ocrx_word' id='word_1_165' title='bbox 1704 2592 1736 2639; x_wconf 89' lang='lat'><strong>3</strong></span> 
     </span>
    </p>

    <p class='ocr_par' dir='ltr' id='par_1_5' title="bbox 561 2661 2848 3299">
     <span class='ocr_line' id='line_1_24' title="bbox 704 2661 2805 2740; baseline -0 -19"><span class='ocrx_word' id='word_1_166' title='bbox 704 2666 877 2721; x_wconf 90' lang='lat' dir='ltr'><strong>DLIV</strong></span> <span class='ocrx_word' id='word_1_167' title='bbox 915 2669 1067 2740; x_wconf 72' lang='lat' dir='ltr'><strong><em>Eud.</em></strong></span> <span class='ocrx_word' id='word_1_168' title='bbox 1108 2688 1163 2739; x_wconf 91' lang='lat' dir='ltr'><strong><em>p.</em></strong></span> <span class='ocrx_word' id='word_1_169' title='bbox 1195 2675 1314 2723; x_wconf 83' lang='lat'><strong>514.</strong></span> <span class='ocrx_word' id='word_1_170' title='bbox 1373 2666 1568 2736; x_wconf 86' lang='lat' dir='ltr'>Steph.</span> <span class='ocrx_word' id='word_1_171' title='bbox 1606 2664 1736 2739; x_wconf 83' lang='lat' dir='ltr'><strong>Byz.</strong></span> <span class='ocrx_word' id='word_1_172' title='bbox 1775 2685 1826 2721; x_wconf 85' lang='lat' dir='ltr'><strong><em>v.</em></strong></span> <span class='ocrx_word' id='word_1_173' title='bbox 1861 2661 2019 2733; x_wconf 76' lang='grc' dir='ltr'><strong><em>Ἅλεξ.</em></strong></span> <span class='ocrx_word' id='word_1_174' title='bbox 2080 2667 2161 2721; x_wconf 86' lang='lat' dir='ltr'><strong><em>Cf.</em></strong></span> <span class='ocrx_word' id='word_1_175' title='bbox 2200 2667 2391 2735; x_wconf 89' lang='lat' dir='ltr'>Daub,</span> <span class='ocrx_word' id='word_1_176' title='bbox 2430 2667 2588 2723; x_wconf 84' lang='lat' dir='ltr'>Stud.</span> <span class='ocrx_word' id='word_1_177' title='bbox 2626 2688 2677 2737; x_wconf 89' lang='lat' dir='ltr'><strong><em>p.</em></strong></span> <span class='ocrx_word' id='word_1_178' title='bbox 2710 2672 2805 2721; x_wconf 83' lang='lat'><strong><em>112</em></strong></span> 
     </span>
     <span class='ocr_line' id='line_1_25' title="bbox 564 2742 2844 2820; baseline -0.002 -18"><span class='ocrx_word' id='word_1_179' title='bbox 564 2756 595 2802; x_wconf 89' lang='lat'><strong>3</strong></span> <span class='ocrx_word' id='word_1_180' title='bbox 626 2769 828 2819; x_wconf 75' lang='grc' dir='ltr'><strong><em>γραμμ.</em></strong></span> <span class='ocrx_word' id='word_1_181' title='bbox 862 2767 969 2806; x_wconf 90' lang='lat' dir='ltr'><strong><em>om.</em></strong></span> <span class='ocrx_word' id='word_1_182' title='bbox 999 2754 1046 2801; x_wconf 82' lang='grc' dir='ltr'><strong>Δ</strong></span> <span class='ocrx_word' id='word_1_183' title='bbox 1146 2755 1177 2803; x_wconf 82' lang='grc'>5</span> <span class='ocrx_word' id='word_1_184' title='bbox 1218 2746 1432 2820; x_wconf 80' lang='grc' dir='ltr'><strong><em>ἔγραψε</em></strong></span> <span class='ocrx_word' id='word_1_185' title='bbox 1463 2746 1589 2801; x_wconf 67' lang='lat' dir='ltr'>add:</span> <span class='ocrx_word' id='word_1_186' title='bbox 1618 2746 1763 2817; x_wconf 71' lang='lat' dir='ltr'><strong><em>vuly.</em></strong></span> <span class='ocrx_word' id='word_1_187' title='bbox 1848 2742 2038 2801; x_wconf 78' lang='grc' dir='ltr'><strong><em>αὐτῶν</em></strong></span> <span class='ocrx_word' id='word_1_188' title='bbox 2067 2746 2226 2802; x_wconf 84' lang='lat' dir='ltr'><strong>codd.</strong></span> <span class='ocrx_word' id='word_1_189' title='bbox 2259 2765 2394 2801; x_wconf 84' lang='lat' dir='ltr'>corr.</span> <span class='ocrx_word' id='word_1_190' title='bbox 2416 2748 2585 2801; x_wconf 78' lang='lat' dir='ltr'>Daub</span> <span class='ocrx_word' id='word_1_191' title='bbox 2678 2755 2706 2802; x_wconf 84' lang='grc'><strong>7</strong></span> <span class='ocrx_word' id='word_1_192' title='bbox 2737 2746 2844 2815; x_wconf 88' lang='lat' dir='ltr'><strong><em>epi-</em></strong></span> 
     </span>
     <span class='ocr_line' id='line_1_26' title="bbox 562 2821 2846 2899; baseline -0.003 -16"><span class='ocrx_word' id='word_1_193' title='bbox 562 2832 714 2884; x_wconf 87' lang='lat' dir='ltr'>tome</span> <span class='ocrx_word' id='word_1_194' title='bbox 753 2832 902 2885; x_wconf 88' lang='lat' dir='ltr'>certe</span> <span class='ocrx_word' id='word_1_195' title='bbox 929 2830 1258 2886; x_wconf 74' lang='lat' dir='ltr'>recentioris</span> <span class='ocrx_word' id='word_1_196' title='bbox 1285 2824 1642 2899; x_wconf 77' lang='lat' dir='ltr'><strong>grammatici</strong></span> <span class='ocrx_word' id='word_1_197' title='bbox 1670 2828 1756 2881; x_wconf 87' lang='lat' dir='ltr'>est</span> <span class='ocrx_word' id='word_1_198' title='bbox 1877 2833 1908 2880; x_wconf 92' lang='lat'>8</span> <span class='ocrx_word' id='word_1_199' title='bbox 1940 2830 2067 2897; x_wconf 87' lang='lat' dir='ltr'>post</span> <span class='ocrx_word' id='word_1_200' title='bbox 2094 2821 2243 2893; x_wconf 76' lang='grc' dir='ltr'><strong><em>ὦναξ</em></strong></span> <span class='ocrx_word' id='word_1_201' title='bbox 2274 2828 2400 2882; x_wconf 88' lang='lat' dir='ltr'>add.</span> <span class='ocrx_word' id='word_1_202' title='bbox 2432 2826 2567 2881; x_wconf 90' lang='lat' dir='ltr'>libri</span> <span class='ocrx_word' id='word_1_203' title='bbox 2596 2824 2720 2893; x_wconf 81' lang='grc' dir='ltr'><strong><em>περὶ</em></strong></span> <span class='ocrx_word' id='word_1_204' title='bbox 2749 2844 2846 2879; x_wconf 78' lang='grc' dir='ltr'><strong><em>στι-</em></strong></span> 
     </span>
     <span class='ocr_line' id='line_1_27' title="bbox 563 2896 2845 2978; baseline -0.001 -15"><span class='ocrx_word' id='word_1_205' title='bbox 563 2909 720 2978; x_wconf 76' lang='grc' dir='ltr'><em>γμῆς,</em></span> <span class='ocrx_word' id='word_1_206' title='bbox 757 2911 909 2978; x_wconf 80' lang='lat' dir='ltr'>quod.</span> <span class='ocrx_word' id='word_1_207' title='bbox 936 2910 1056 2967; x_wconf 89' lang='lat' dir='ltr'>iure</span> <span class='ocrx_word' id='word_1_208' title='bbox 1085 2911 1300 2967; x_wconf 85' lang='lat' dir='ltr'>delevit</span> <span class='ocrx_word' id='word_1_209' title='bbox 1324 2908 1659 2976; x_wconf 75' lang='lat' dir='ltr'><strong><em>Bernhardy</em></strong></span> <span class='ocrx_word' id='word_1_210' title='bbox 1781 2912 1812 2959; x_wconf 88' lang='grc'><strong>9</strong></span> <span class='ocrx_word' id='word_1_211' title='bbox 1844 2924 1886 2960; x_wconf 85' lang='lat' dir='ltr'><strong><em>s,</em></strong></span> <span class='ocrx_word' id='word_1_212' title='bbox 1915 2907 2008 2961; x_wconf 88' lang='lat' dir='ltr'><strong><em>fin.</em></strong></span> <span class='ocrx_word' id='word_1_213' title='bbox 2040 2906 2167 2961; x_wconf 87' lang='lat' dir='ltr'>add.</span> <span class='ocrx_word' id='word_1_214' title='bbox 2195 2909 2332 2962; x_wconf 86' lang='lat' dir='ltr'>vett.</span> <span class='ocrx_word' id='word_1_215' title='bbox 2362 2908 2484 2961; x_wconf 89' lang='lat' dir='ltr'><strong><em>edd.</em></strong></span> <span class='ocrx_word' id='word_1_216' title='bbox 2506 2907 2656 2961; x_wconf 77' lang='lat' dir='ltr'><strong><em>Eud.</em></strong></span> <span class='ocrx_word' id='word_1_217' title='bbox 2688 2900 2785 2973; x_wconf 77' lang='grc' dir='ltr'><strong><em>ἐφ’</em></strong></span> <span class='ocrx_word' id='word_1_218' title='bbox 2814 2896 2845 2975; x_wconf 78' lang='grc' dir='ltr'><strong><em>ᾖ</em></strong></span> 
     </span>
     <span class='ocr_line' id='line_1_28' title="bbox 563 2982 2846 3063; baseline -0.002 -19"><span class='ocrx_word' id='word_1_219' title='bbox 563 2990 920 3063; x_wconf 77' lang='grc' dir='ltr'><strong><em>πραγματείᾳ</em></strong></span> <span class='ocrx_word' id='word_1_220' title='bbox 958 2986 1349 3061; x_wconf 84' lang='grc' dir='ltr'><strong><em>σκωπτόμενος</em></strong></span> <span class='ocrx_word' id='word_1_221' title='bbox 1385 2983 1527 3057; x_wconf 86' lang='grc' dir='ltr'><strong><em>πρός</em></strong></span> <span class='ocrx_word' id='word_1_222' title='bbox 1563 3005 1730 3039; x_wconf 83' lang='grc' dir='ltr'><strong><em>τινων</em></strong></span> <span class='ocrx_word' id='word_1_223' title='bbox 1766 2988 2112 3056; x_wconf 82' lang='grc' dir='ltr'><strong><em>Στιγματίας</em></strong></span> <span class='ocrx_word' id='word_1_224' title='bbox 2154 2984 2438 3043; x_wconf 76' lang='grc' dir='ltr'><strong><em>ἐκαλεῖτο·</em></strong></span> <span class='ocrx_word' id='word_1_225' title='bbox 2487 2982 2557 3040; x_wconf 79' lang='grc' dir='ltr'><strong><em>οὗ</em></strong></span> <span class='ocrx_word' id='word_1_226' title='bbox 2604 2982 2708 3055; x_wconf 76' lang='grc' dir='ltr'><strong><em>γὰρ</em></strong></span> <span class='ocrx_word' id='word_1_227' title='bbox 2754 2982 2846 3052; x_wconf 84' lang='grc' dir='ltr'><strong><em>δή·</em></strong></span> 
     </span>
     <span class='ocr_line' id='line_1_29' title="bbox 561 3063 2848 3136; baseline -0.002 -15"><span class='ocrx_word' id='word_1_228' title='bbox 561 3086 672 3121; x_wconf 89' lang='grc' dir='ltr'><strong><em>που</em></strong></span> <span class='ocrx_word' id='word_1_229' title='bbox 717 3064 794 3131; x_wconf 79' lang='grc' dir='ltr'><strong><em>ὡς</em></strong></span> <span class='ocrx_word' id='word_1_230' title='bbox 838 3070 1038 3132; x_wconf 72' lang='grc' dir='ltr'><strong><em>δοῦλος</em></strong></span> <span class='ocrx_word' id='word_1_231' title='bbox 1085 3063 1250 3132; x_wconf 79' lang='grc' dir='ltr'><strong><em>οὗτος</em></strong></span> <span class='ocrx_word' id='word_1_232' title='bbox 1299 3064 1615 3123; x_wconf 78' lang='grc' dir='ltr'><strong><em>ἐσκώπτετο</em></strong></span> <span class='ocrx_word' id='word_1_233' title='bbox 1658 3064 1897 3121; x_wconf 86' lang='lat' dir='ltr'>fortasse</span> <span class='ocrx_word' id='word_1_234' title='bbox 1946 3085 2015 3122; x_wconf 82' lang='lat' dir='ltr'><strong><em>ex</em></strong></span> <span class='ocrx_word' id='word_1_235' title='bbox 2050 3069 2233 3136; x_wconf 82' lang='lat' dir='ltr'>Etym.</span> <span class='ocrx_word' id='word_1_236' title='bbox 2272 3067 2346 3123; x_wconf 83' lang='lat' dir='ltr'><strong><em>M.</em></strong></span> <span class='ocrx_word' id='word_1_237' title='bbox 2386 3086 2441 3136; x_wconf 89' lang='lat' dir='ltr'><strong><em>p.</em></strong></span> <span class='ocrx_word' id='word_1_238' title='bbox 2482 3072 2612 3133; x_wconf 77' lang='lat'><strong><em>727,</em></strong></span> <span class='ocrx_word' id='word_1_239' title='bbox 2650 3070 2714 3119; x_wconf 82' lang='lat'><strong><em>52</em></strong></span> <span class='ocrx_word' id='word_1_240' title='bbox 2762 3065 2848 3117; x_wconf 85' lang='lat' dir='ltr'><strong><em>dc-</em></strong></span> 
     </span>
     <span class='ocr_line' id='line_1_30' title="bbox 564 3144 2845 3218; baseline -0.003 -16"><span class='ocrx_word' id='word_1_241' title='bbox 564 3152 813 3218; x_wconf 82' lang='lat' dir='ltr'>sumpta3</span> <span class='ocrx_word' id='word_1_242' title='bbox 853 3150 994 3204; x_wconf 90' lang='lat' dir='ltr'>haec</span> <span class='ocrx_word' id='word_1_243' title='bbox 1031 3167 1139 3207; x_wconf 90' lang='lat' dir='ltr'><strong><em>om.</em></strong></span> <span class='ocrx_word' id='word_1_244' title='bbox 1178 3155 1294 3205; x_wconf 77' lang='lat' dir='ltr'><strong><em>AV.</em></strong></span> <span class='ocrx_word' id='word_1_245' title='bbox 1360 3150 1444 3203; x_wconf 87' lang='lat' dir='ltr'><strong><em>Ex</em></strong></span> <span class='ocrx_word' id='word_1_246' title='bbox 1483 3146 1602 3201; x_wconf 90' lang='lat' dir='ltr'><strong><em>cod.</em></strong></span> <span class='ocrx_word' id='word_1_247' title='bbox 1645 3144 1795 3201; x_wconf 83' lang='lat' dir='ltr'><strong>Suid.</strong></span> <span class='ocrx_word' id='word_1_248' title='bbox 1833 3152 1901 3215; x_wconf 80' lang='lat' dir='ltr'><strong><em>E,</em></strong></span> <span class='ocrx_word' id='word_1_249' title='bbox 1949 3147 2049 3203; x_wconf 86' lang='lat' dir='ltr'><strong><em>ubi</em></strong></span> <span class='ocrx_word' id='word_1_250' title='bbox 2092 3148 2151 3203; x_wconf 90' lang='lat' dir='ltr'><strong><em>in</em></strong></span> <span class='ocrx_word' id='word_1_251' title='bbox 2188 3146 2439 3217; x_wconf 75' lang='lat' dir='ltr'>margine</span> <span class='ocrx_word' id='word_1_252' title='bbox 2477 3146 2763 3215; x_wconf 86' lang='lat' dir='ltr'>leguntur,</span> <span class='ocrx_word' id='word_1_253' title='bbox 2796 3145 2845 3196; x_wconf 90' lang='lat' dir='ltr'><strong><em>in</em></strong></span> 
     </span>
     <span class='ocr_line' id='line_1_31' title="bbox 565 3226 1937 3299; baseline 0.001 -18"><span class='ocrx_word' id='word_1_254' title='bbox 565 3228 848 3284; x_wconf 85' lang='lat' dir='ltr'>Eudociae</span> <span class='ocrx_word' id='word_1_255' title='bbox 888 3230 1140 3285; x_wconf 84' lang='lat' dir='ltr'>codicem</span> <span class='ocrx_word' id='word_1_256' title='bbox 1176 3230 1527 3299; x_wconf 79' lang='lat' dir='ltr'>immigrasse</span> <span class='ocrx_word' id='word_1_257' title='bbox 1563 3227 1729 3295; x_wconf 84' lang='lat' dir='ltr'>putat</span> <span class='ocrx_word' id='word_1_258' title='bbox 1763 3226 1937 3281; x_wconf 77' lang='lat' dir='ltr'>Daub</span> 
     </span>
    </p>

    <p class='ocr_par' dir='ltr' id='par_1_6' title="bbox 562 3304 2849 3538">
     <span class='ocr_line' id='line_1_32' title="bbox 707 3304 2845 3379; baseline -0.002 -17"><span class='ocrx_word' id='word_1_259' title='bbox 707 3308 856 3363; x_wconf 87' lang='lat' dir='ltr'><strong><em>DLV</em></strong></span> <span class='ocrx_word' id='word_1_260' title='bbox 894 3309 1046 3365; x_wconf 80' lang='lat' dir='ltr'><strong><em>Eud.</em></strong></span> <span class='ocrx_word' id='word_1_261' title='bbox 1085 3328 1138 3379; x_wconf 89' lang='lat' dir='ltr'><strong><em>p.</em></strong></span> <span class='ocrx_word' id='word_1_262' title='bbox 1169 3314 1290 3364; x_wconf 79' lang='grc'><strong>508.</strong></span> <span class='ocrx_word' id='word_1_263' title='bbox 1362 3308 1444 3365; x_wconf 87' lang='lat' dir='ltr'><strong><em>Cf.</em></strong></span> <span class='ocrx_word' id='word_1_264' title='bbox 1481 3305 1687 3361; x_wconf 70' lang='lat' dir='ltr'>Mfiller</span> <span class='ocrx_word' id='word_1_265' title='bbox 1723 3304 1801 3357; x_wconf 92' lang='lat' dir='ltr'><strong><em>III</em></strong></span> <span class='ocrx_word' id='word_1_266' title='bbox 1836 3324 1891 3375; x_wconf 85' lang='lat' dir='ltr'><strong><em>p.</em></strong></span> <span class='ocrx_word' id='word_1_267' title='bbox 1922 3314 2025 3363; x_wconf 81' lang='lat'><strong><em>343</em></strong></span> <span class='ocrx_word' id='word_1_268' title='bbox 2192 3314 2257 3363; x_wconf 79' lang='lat'><strong><em>12</em></strong></span> <span class='ocrx_word' id='word_1_269' title='bbox 2295 3305 2576 3378; x_wconf 75' lang='grc' dir='ltr'><strong><em>γνώριμος</em></strong></span> <span class='ocrx_word' id='word_1_270' title='bbox 2614 3338 2680 3345; x_wconf 92' lang='lat'><em>-</em></span> <span class='ocrx_word' id='word_1_271' title='bbox 2720 3305 2845 3359; x_wconf 85' lang='grc' dir='ltr'><strong><em>Καί-</em></strong></span> 
     </span>
     <span class='ocr_line' id='line_1_33' title="bbox 565 3384 2849 3457; baseline -0.002 -14"><span class='ocrx_word' id='word_1_272' title='bbox 565 3407 734 3456; x_wconf 82' lang='grc' dir='ltr'><strong><em>σαρος</em></strong></span> <span class='ocrx_word' id='word_1_273' title='bbox 767 3405 874 3443; x_wconf 90' lang='lat' dir='ltr'><strong><em>om.</em></strong></span> <span class='ocrx_word' id='word_1_274' title='bbox 905 3389 1058 3445; x_wconf 80' lang='lat' dir='ltr'><strong><em>Eud.</em></strong></span> <span class='ocrx_word' id='word_1_275' title='bbox 1183 3396 1248 3443; x_wconf 88' lang='lat'><strong><em>13</em></strong></span> <span class='ocrx_word' id='word_1_276' title='bbox 1285 3388 1353 3443; x_wconf 87' lang='lat' dir='ltr'><strong><em>de</em></strong></span> <span class='ocrx_word' id='word_1_277' title='bbox 1383 3384 1448 3442; x_wconf 81' lang='grc' dir='ltr'><strong><em>π’</em></strong></span> <span class='ocrx_word' id='word_1_278' title='bbox 1481 3387 1671 3457; x_wconf 88' lang='lat' dir='ltr'>aperte</span> <span class='ocrx_word' id='word_1_279' title='bbox 1710 3386 1921 3441; x_wconf 84' lang='lat' dir='ltr'>erravit</span> <span class='ocrx_word' id='word_1_280' title='bbox 1948 3386 2182 3455; x_wconf 63' lang='grc' dir='ltr'><strong><em>Ηνᾰὰαε,</em></strong></span> <span class='ocrx_word' id='word_1_281' title='bbox 2220 3387 2370 3455; x_wconf 80' lang='lat' dir='ltr'>quod.</span> <span class='ocrx_word' id='word_1_282' title='bbox 2406 3387 2623 3441; x_wconf 84' lang='lat' dir='ltr'>detexit</span> <span class='ocrx_word' id='word_1_283' title='bbox 2650 3386 2849 3441; x_wconf 68' lang='lat' dir='ltr'>M‘a‘ller</span> 
     </span>
     <span class='ocr_line' id='line_1_34' title="bbox 562 3462 2847 3538; baseline -0.002 -16"><span class='ocrx_word' id='word_1_284' title='bbox 562 3469 599 3525; x_wconf 88' lang='lat'><strong><em>1.</em></strong></span> <span class='ocrx_word' id='word_1_285' title='bbox 631 3485 676 3523; x_wconf 93' lang='lat' dir='ltr'><strong><em>c.</em></strong></span> <span class='ocrx_word' id='word_1_286' title='bbox 707 3487 761 3537; x_wconf 89' lang='lat' dir='ltr'><strong><em>p.</em></strong></span> <span class='ocrx_word' id='word_1_287' title='bbox 791 3473 896 3521; x_wconf 83' lang='lat'><strong><em>345</em></strong></span> <span class='ocrx_word' id='word_1_288' title='bbox 936 3465 1065 3538; x_wconf 77' lang='grc' dir='ltr'><strong><em>ρμδ’</em></strong></span> <span class='ocrx_word' id='word_1_289' title='bbox 1100 3468 1404 3523; x_wconf 87' lang='lat' dir='ltr'>secundum</span> <span class='ocrx_word' id='word_1_290' title='bbox 1432 3466 1637 3521; x_wconf 85' lang='lat' dir='ltr'>Athen.</span> <span class='ocrx_word' id='word_1_291' title='bbox 1657 3462 1735 3517; x_wconf 88' lang='lat' dir='ltr'><strong><em>VI</em></strong></span> <span class='ocrx_word' id='word_1_292' title='bbox 1761 3482 1814 3533; x_wconf 91' lang='lat' dir='ltr'><strong><em>p.</em></strong></span> <span class='ocrx_word' id='word_1_293' title='bbox 1844 3472 1975 3533; x_wconf 81' lang='lat'><strong><em>2493</em></strong></span> <span class='ocrx_word' id='word_1_294' title='bbox 2015 3468 2389 3535; x_wconf 72' lang='lat' dir='ltr'>corruptelam</span> <span class='ocrx_word' id='word_1_295' title='bbox 2416 3466 2697 3535; x_wconf 79' lang='lat' dir='ltr'>sagaciter</span> <span class='ocrx_word' id='word_1_296' title='bbox 2730 3465 2847 3519; x_wconf 89' lang='lat' dir='ltr'>illu-</span> 
     </span>
    </p>

    <p class='ocr_par' dir='ltr' id='par_1_7' title="bbox 501 3544 2847 3617">
     <span class='ocr_line' id='line_1_35' title="bbox 501 3544 2847 3617; baseline -0.001 -16"><span class='ocrx_word' id='word_1_297' title='bbox 501 3604 505 3611; x_wconf 60' lang='lat'><em>,</em></span> <span class='ocrx_word' id='word_1_298' title='bbox 564 3549 767 3603; x_wconf 85' lang='lat' dir='ltr'>stravit</span> <span class='ocrx_word' id='word_1_299' title='bbox 786 3547 1108 3605; x_wconf 74' lang='lat' dir='ltr'>Gutschmid</span> <span class='ocrx_word' id='word_1_300' title='bbox 1167 3549 1367 3603; x_wconf 67' lang='lat' dir='ltr'>F&#39;AAA</span> <span class='ocrx_word' id='word_1_301' title='bbox 1397 3549 1454 3601; x_wconf 85' lang='lat' dir='ltr'>et</span> <span class='ocrx_word' id='word_1_302' title='bbox 1485 3546 1630 3601; x_wconf 88' lang='grc' dir='ltr'><strong><em>ΡΜΔ</em></strong></span> <span class='ocrx_word' id='word_1_303' title='bbox 1657 3546 1987 3613; x_wconf 84' lang='lat' dir='ltr'>perturbata</span> <span class='ocrx_word' id='word_1_304' title='bbox 2013 3550 2170 3603; x_wconf 87' lang='lat' dir='ltr'>ratus</span> <span class='ocrx_word' id='word_1_305' title='bbox 2252 3548 2377 3617; x_wconf 78' lang='grc' dir='ltr'><strong><em>βίον</em></strong></span> <span class='ocrx_word' id='word_1_306' title='bbox 2408 3548 2535 3601; x_wconf 89' lang='lat' dir='ltr'>ante</span> <span class='ocrx_word' id='word_1_307' title='bbox 2556 3549 2720 3599; x_wconf 83' lang='grc' dir='ltr'><strong><em>Καισ.</em></strong></span> <span class='ocrx_word' id='word_1_308' title='bbox 2754 3544 2847 3599; x_wconf 87' lang='lat' dir='ltr'><strong><em>del.</em></strong></span> 
     </span>
    </p>

    <p class='ocr_par' dir='ltr' id='par_1_8' title="bbox 559 3624 2852 4259">
     <span class='ocr_line' id='line_1_36' title="bbox 561 3624 2849 3700; baseline -0.003 -17"><span class='ocrx_word' id='word_1_309' title='bbox 561 3630 897 3700; x_wconf 76' lang='lat' dir='ltr'><strong><em>Bernhardy</em></strong></span> <span class='ocrx_word' id='word_1_310' title='bbox 932 3627 1067 3683; x_wconf 82' lang='grc' dir='ltr'><strong><em>νέου</em></strong></span> <span class='ocrx_word' id='word_1_311' title='bbox 1107 3630 1392 3697; x_wconf 84' lang='grc' dir='ltr'><strong><em>Καίσαρος</em></strong></span> <span class='ocrx_word' id='word_1_312' title='bbox 1429 3626 1571 3682; x_wconf 89' lang='lat' dir='ltr'>coni.</span> <span class='ocrx_word' id='word_1_313' title='bbox 1614 3624 1951 3681; x_wconf 77' lang='lat' dir='ltr'><strong><em>G-utschmid.</em></strong></span> <span class='ocrx_word' id='word_1_314' title='bbox 2022 3627 2287 3699; x_wconf 85' lang='grc' dir='ltr'><strong><em>Τιβερίου</em></strong></span> <span class='ocrx_word' id='word_1_315' title='bbox 2323 3624 2695 3694; x_wconf 82' lang='lat' dir='ltr'><strong><em>supplendum</em></strong></span> <span class='ocrx_word' id='word_1_316' title='bbox 2746 3640 2849 3679; x_wconf 86' lang='lat' dir='ltr'>esse</span> 
     </span>
     <span class='ocr_line' id='line_1_37' title="bbox 565 3702 2847 3779; baseline -0.002 -18"><span class='ocrx_word' id='word_1_317' title='bbox 565 3712 757 3763; x_wconf 82' lang='lat' dir='ltr'>censet</span> <span class='ocrx_word' id='word_1_318' title='bbox 784 3708 1059 3763; x_wconf 76' lang='lat' dir='ltr'><strong><em>Westerm.</em></strong></span> <span class='ocrx_word' id='word_1_319' title='bbox 1099 3706 1396 3779; x_wconf 78' lang='grc' dir='ltr'><strong><em>Σεβαστοῦ</em></strong></span> <span class='ocrx_word' id='word_1_320' title='bbox 1427 3706 1567 3762; x_wconf 89' lang='lat' dir='ltr'>coni.</span> <span class='ocrx_word' id='word_1_321' title='bbox 1589 3705 1776 3772; x_wconf 75' lang='lat' dir='ltr'>Daub,</span> <span class='ocrx_word' id='word_1_322' title='bbox 1806 3703 1946 3761; x_wconf 86' lang='lat' dir='ltr'><strong><em>Mus.</em></strong></span> <span class='ocrx_word' id='word_1_323' title='bbox 1963 3707 2140 3762; x_wconf 87' lang='lat' dir='ltr'>Rhen.</span> <span class='ocrx_word' id='word_1_324' title='bbox 2162 3706 2369 3760; x_wconf 92' lang='lat' dir='ltr'><strong>XXXV</strong></span> <span class='ocrx_word' id='word_1_325' title='bbox 2390 3724 2441 3774; x_wconf 93' lang='lat' dir='ltr'><strong><em>p.</em></strong></span> <span class='ocrx_word' id='word_1_326' title='bbox 2466 3710 2534 3757; x_wconf 84' lang='lat'><strong><em>64</em></strong></span> <span class='ocrx_word' id='word_1_327' title='bbox 2554 3702 2683 3759; x_wconf 89' lang='lat' dir='ltr'>coll.</span> <span class='ocrx_word' id='word_1_328' title='bbox 2706 3704 2847 3758; x_wconf 82' lang='lat' dir='ltr'><strong>Suid.</strong></span> 
     </span>
     <span class='ocr_line' id='line_1_38' title="bbox 561 3782 2849 3858; baseline -0.003 -14"><span class='ocrx_word' id='word_1_329' title='bbox 561 3808 612 3844; x_wconf 86' lang='lat' dir='ltr'><strong><em>v.</em></strong></span> <span class='ocrx_word' id='word_1_330' title='bbox 655 3787 910 3858; x_wconf 79' lang='grc' dir='ltr'><strong><em>Φλέγων,</em></strong></span> <span class='ocrx_word' id='word_1_331' title='bbox 949 3784 1277 3854; x_wconf 77' lang='grc' dir='ltr'><strong><em>Διονύσιος,</em></strong></span> <span class='ocrx_word' id='word_1_332' title='bbox 1314 3788 1597 3853; x_wconf 73' lang='grc' dir='ltr'><strong><em>Κεκίλιος,</em></strong></span> <span class='ocrx_word' id='word_1_333' title='bbox 1638 3802 1763 3839; x_wconf 89' lang='lat' dir='ltr'><strong><em>cum</em></strong></span> <span class='ocrx_word' id='word_1_334' title='bbox 1804 3803 1870 3839; x_wconf 86' lang='lat' dir='ltr'><strong><em>ex</em></strong></span> <span class='ocrx_word' id='word_1_335' title='bbox 1906 3788 2223 3856; x_wconf 85' lang='lat' dir='ltr'>temporum</span> <span class='ocrx_word' id='word_1_336' title='bbox 2260 3784 2478 3840; x_wconf 84' lang='lat' dir='ltr'>ratione</span> <span class='ocrx_word' id='word_1_337' title='bbox 2520 3785 2589 3839; x_wconf 88' lang='lat' dir='ltr'><strong><em>de</em></strong></span> <span class='ocrx_word' id='word_1_338' title='bbox 2631 3782 2849 3839; x_wconf 85' lang='lat' dir='ltr'>Tiberio</span> 
     </span>
     <span class='ocr_line' id='line_1_39' title="bbox 560 3860 2845 3939; baseline -0.001 -18"><span class='ocrx_word' id='word_1_339' title='bbox 560 3867 828 3921; x_wconf 86' lang='lat' dir='ltr'>Nicolaus</span> <span class='ocrx_word' id='word_1_340' title='bbox 857 3883 1024 3939; x_wconf 85' lang='lat' dir='ltr'>agere</span> <span class='ocrx_word' id='word_1_341' title='bbox 1053 3886 1164 3924; x_wconf 91' lang='lat' dir='ltr'><strong><em>non</em></strong></span> <span class='ocrx_word' id='word_1_342' title='bbox 1192 3866 1439 3937; x_wconf 84' lang='lat' dir='ltr'>potuerit</span> <span class='ocrx_word' id='word_1_343' title='bbox 1559 3871 1624 3919; x_wconf 86' lang='lat'><strong><em>13</em></strong></span> <span class='ocrx_word' id='word_1_344' title='bbox 1662 3860 1839 3929; x_wconf 76' lang='grc' dir='ltr'><strong><em>οὕτως</em></strong></span> <span class='ocrx_word' id='word_1_345' title='bbox 1867 3865 1931 3922; x_wconf 72' lang='grc' dir='ltr'><strong><em>δὲ</em></strong></span> <span class='ocrx_word' id='word_1_346' title='bbox 1961 3862 2253 3937; x_wconf 81' lang='grc' dir='ltr'><strong><em>ἠσπάσατο</em></strong></span> <span class='ocrx_word' id='word_1_347' title='bbox 2284 3896 2350 3904; x_wconf 85' lang='lat'><strong><em>—-</em></strong></span> <span class='ocrx_word' id='word_1_348' title='bbox 2382 3864 2514 3919; x_wconf 86' lang='lat' dir='ltr'>exit.</span> <span class='ocrx_word' id='word_1_349' title='bbox 2546 3881 2656 3919; x_wconf 92' lang='lat' dir='ltr'><strong><em>om.</em></strong></span> <span class='ocrx_word' id='word_1_350' title='bbox 2686 3865 2845 3931; x_wconf 62' lang='lat' dir='ltr'><strong><em>Eud„</em></strong></span> 
     </span>
     <span class='ocr_line' id='line_1_40' title="bbox 562 3942 2851 4019; baseline -0.002 -18"><span class='ocrx_word' id='word_1_351' title='bbox 562 3963 708 4014; x_wconf 85' lang='lat' dir='ltr'>quae</span> <span class='ocrx_word' id='word_1_352' title='bbox 736 3963 927 4001; x_wconf 88' lang='lat' dir='ltr'>eorum</span> <span class='ocrx_word' id='word_1_353' title='bbox 957 3948 1081 4003; x_wconf 89' lang='lat' dir='ltr'>loco</span> <span class='ocrx_word' id='word_1_354' title='bbox 1110 3948 1345 4018; x_wconf 89' lang='lat' dir='ltr'>praebet</span> <span class='ocrx_word' id='word_1_355' title='bbox 1373 3947 1639 4015; x_wconf 75' lang='grc' dir='ltr'><strong><em>φίλτατος</em></strong></span> <span class='ocrx_word' id='word_1_356' title='bbox 1666 3948 1910 4017; x_wconf 80' lang='grc' dir='ltr'><strong><em>Καίσαρι</em></strong></span> <span class='ocrx_word' id='word_1_357' title='bbox 1930 3942 2248 4019; x_wconf 74' lang='grc' dir='ltr'><strong><em>Αὐγούστῳ.</em></strong></span> <span class='ocrx_word' id='word_1_358' title='bbox 2294 3944 2378 3999; x_wconf 84' lang='lat' dir='ltr'><strong><em>De</em></strong></span> <span class='ocrx_word' id='word_1_359' title='bbox 2405 3945 2515 3998; x_wconf 90' lang='lat' dir='ltr'><strong><em>hac</em></strong></span> <span class='ocrx_word' id='word_1_360' title='bbox 2543 3946 2851 4001; x_wconf 75' lang='lat' dir='ltr'>narratione</span> 
     </span>
     <span class='ocr_line' id='line_1_41' title="bbox 563 4024 2852 4101; baseline -0.002 -20"><span class='ocrx_word' id='word_1_361' title='bbox 563 4027 629 4082; x_wconf 87' lang='lat' dir='ltr'><strong><em>cf.</em></strong></span> <span class='ocrx_word' id='word_1_362' title='bbox 671 4026 924 4097; x_wconf 82' lang='lat' dir='ltr'>Dindorf‚</span> <span class='ocrx_word' id='word_1_363' title='bbox 963 4026 1092 4083; x_wconf 87' lang='lat' dir='ltr'>hist.</span> <span class='ocrx_word' id='word_1_364' title='bbox 1123 4028 1256 4101; x_wconf 83' lang='lat' dir='ltr'><strong><em>min.</em></strong></span> <span class='ocrx_word' id='word_1_365' title='bbox 1285 4028 1312 4080; x_wconf 96' lang='lat' dir='ltr'>I</span> <span class='ocrx_word' id='word_1_366' title='bbox 1338 4046 1391 4096; x_wconf 91' lang='lat' dir='ltr'><strong><em>p.</em></strong></span> <span class='ocrx_word' id='word_1_367' title='bbox 1422 4026 1497 4080; x_wconf 87' lang='lat' dir='ltr'><strong><em>IV</em></strong></span> <span class='ocrx_word' id='word_1_368' title='bbox 1519 4042 1635 4095; x_wconf 84' lang='lat' dir='ltr'><strong><em>seq.</em></strong></span> <span class='ocrx_word' id='word_1_369' title='bbox 1691 4024 2005 4097; x_wconf 72' lang='lat' dir='ltr'>Descripsit</span> <span class='ocrx_word' id='word_1_370' title='bbox 2042 4026 2242 4082; x_wconf 85' lang='lat' dir='ltr'>Suidas</span> <span class='ocrx_word' id='word_1_371' title='bbox 2278 4024 2763 4081; x_wconf 82' lang='lat' dir='ltr'>narratiunculam</span> <span class='ocrx_word' id='word_1_372' title='bbox 2797 4042 2852 4079; x_wconf 85' lang='lat' dir='ltr'><strong><em>ex</em></strong></span> 
     </span>
     <span class='ocr_line' id='line_1_42' title="bbox 559 4104 2851 4178; baseline -0.001 -17"><span class='ocrx_word' id='word_1_373' title='bbox 559 4108 704 4163; x_wconf 89' lang='lat' dir='ltr'>Plut.</span> <span class='ocrx_word' id='word_1_374' title='bbox 746 4108 995 4178; x_wconf 80' lang='lat' dir='ltr'><strong><em>Sympos.</em></strong></span> <span class='ocrx_word' id='word_1_375' title='bbox 1027 4107 1182 4178; x_wconf 86' lang='lat' dir='ltr'>VIII,</span> <span class='ocrx_word' id='word_1_376' title='bbox 1210 4113 1271 4175; x_wconf 79' lang='lat'><strong><em>43</em></strong></span> <span class='ocrx_word' id='word_1_377' title='bbox 1309 4104 1642 4176; x_wconf 80' lang='lat' dir='ltr'>compilavit</span> <span class='ocrx_word' id='word_1_378' title='bbox 1677 4106 1852 4163; x_wconf 87' lang='lat' dir='ltr'>etiam</span> <span class='ocrx_word' id='word_1_379' title='bbox 1886 4106 2376 4177; x_wconf 81' lang='lat' dir='ltr'>Pseudo-Hesych.</span> <span class='ocrx_word' id='word_1_380' title='bbox 2416 4124 2460 4161; x_wconf 88' lang='lat' dir='ltr'><strong><em>c.</em></strong></span> <span class='ocrx_word' id='word_1_381' title='bbox 2491 4111 2560 4159; x_wconf 81' lang='lat'><strong><em>46</em></strong></span> <span class='ocrx_word' id='word_1_382' title='bbox 2683 4112 2754 4161; x_wconf 80' lang='lat'><strong><em>15</em></strong></span> <span class='ocrx_word' id='word_1_383' title='bbox 2788 4106 2851 4178; x_wconf 79' lang='grc' dir='ltr'><strong><em>τῷ</em></strong></span> 
     </span>
     <span class='ocr_line' id='line_1_43' title="bbox 560 4183 1697 4259; baseline 0 -16"><span class='ocrx_word' id='word_1_384' title='bbox 560 4220 627 4229; x_wconf 91' lang='grc'>-</span> <span class='ocrx_word' id='word_1_385' title='bbox 667 4183 1028 4259; x_wconf 74' lang='grc' dir='ltr'><strong><em>μελιττούτας</em></strong></span> <span class='ocrx_word' id='word_1_386' title='bbox 1063 4205 1171 4243; x_wconf 88' lang='lat' dir='ltr'><strong><em>om.</em></strong></span> <span class='ocrx_word' id='word_1_387' title='bbox 1201 4193 1248 4240; x_wconf 78' lang='lat' dir='ltr'>A</span> <span class='ocrx_word' id='word_1_388' title='bbox 1284 4188 1393 4242; x_wconf 86' lang='lat' dir='ltr'><strong><em>del.</em></strong></span> <span class='ocrx_word' id='word_1_389' title='bbox 1422 4188 1697 4243; x_wconf 68' lang='lat' dir='ltr'>Kasterus</span> 
     </span>
    </p>

    <p class='ocr_par' dir='ltr' id='par_1_9' title="bbox 701 4263 2848 4339">
     <span class='ocr_line' id='line_1_44' title="bbox 701 4263 2848 4339; baseline -0.002 -18"><span class='ocrx_word' id='word_1_390' title='bbox 701 4267 883 4323; x_wconf 87' lang='lat' dir='ltr'><strong>DLVI</strong></span> <span class='ocrx_word' id='word_1_391' title='bbox 923 4269 1076 4323; x_wconf 79' lang='lat' dir='ltr'><strong><em>Eud.</em></strong></span> <span class='ocrx_word' id='word_1_392' title='bbox 1114 4287 1167 4337; x_wconf 91' lang='lat' dir='ltr'><strong><em>p.</em></strong></span> <span class='ocrx_word' id='word_1_393' title='bbox 1199 4273 1320 4323; x_wconf 77' lang='lat'><strong>510.</strong></span> <span class='ocrx_word' id='word_1_394' title='bbox 1389 4268 1472 4321; x_wconf 84' lang='lat' dir='ltr'><strong><em>Of.</em></strong></span> <span class='ocrx_word' id='word_1_395' title='bbox 1509 4287 1563 4323; x_wconf 84' lang='lat' dir='ltr'><strong><em>v.</em></strong></span> <span class='ocrx_word' id='word_1_396' title='bbox 1592 4263 1955 4339; x_wconf 72' lang='grc' dir='ltr'><strong><em>Πλούταρχος</em></strong></span> <span class='ocrx_word' id='word_1_397' title='bbox 1992 4270 2160 4323; x_wconf 70' lang='lat' dir='ltr'><strong><em>Nea.</em></strong></span> <span class='ocrx_word' id='word_1_398' title='bbox 2226 4266 2459 4321; x_wconf 84' lang='lat' dir='ltr'>Tractat</span> <span class='ocrx_word' id='word_1_399' title='bbox 2486 4265 2671 4331; x_wconf 89' lang='lat' dir='ltr'>Daub,</span> <span class='ocrx_word' id='word_1_400' title='bbox 2700 4265 2848 4320; x_wconf 84' lang='lat' dir='ltr'>Stud.</span> 
     </span>
    </p>
   </div>
   <div class='ocr_carea' id='block_1_5' title="bbox 558 4352 864 4417">
    <p class='ocr_par' dir='ltr' id='par_1_10' title="bbox 558 4352 864 4417">
     <span class='ocr_line' id='line_1_45' title="bbox 558 4352 864 4417; baseline -0.007 -14"><span class='ocrx_word' id='word_1_401' title='bbox 558 4366 613 4417; x_wconf 87' lang='lat' dir='ltr'><strong><em>p.</em></strong></span> <span class='ocrx_word' id='word_1_402' title='bbox 653 4352 722 4403; x_wconf 79' lang='lat'><strong><em>67</em></strong></span> <span class='ocrx_word' id='word_1_403' title='bbox 751 4364 864 4414; x_wconf 83' lang='lat' dir='ltr'><strong><em>seq.</em></strong></span> 
     </span>
    </p>
   </div>
   <div class='ocr_carea' id='block_1_6' title="bbox 2965 448 2973 2703">
    <p class='ocr_par' dir='ltr' id='par_1_11' title="bbox 2965 448 2973 2703">
     <span class='ocr_line' id='line_1_46' title="bbox 2965 448 2973 2703; baseline 0 0"><span class='ocrx_word' id='word_1_404' title='bbox 2965 448 2973 2703; x_wconf 95' lang='lat' dir='ltr'><strong><em> </em></strong></span> 
     </span>
    </p>
   </div>
   <div class='ocr_carea' id='block_1_7' title="bbox 2966 2866 2972 4575">
    <p class='ocr_par' dir='ltr' id='par_1_12' title="bbox 2966 2866 2972 4575">
     <span class='ocr_line' id='line_1_47' title="bbox 2966 2866 2972 4575; baseline 0 0"><span class='ocrx_word' id='word_1_405' title='bbox 2966 2866 2972 4575; x_wconf 95' lang='lat' dir='ltr'><strong><em> </em></strong></span> 
     </span>
    </p>
   </div>
  </div>
 </body>
</html>
