3025 4892
1071 229 1637 286 PROLEGOMENA.
2374 228 2477 282 XV

1015 538 1258 628 Caput
1307 537 1650 611 alterum.

189 723 282 778 De
335 721 420 778 iis
471 721 696 844 lupi-is,
753 720 1008 792 quibus
1053 719 1527 788 onomatologi
1578 717 1911 788 reliquiae
1964 722 2276 776 servatae
2320 719 2476 776 sint.

361 871 668 938 Omnium
715 872 964 958 primus
1001 848 1316 957 Hesychii
1349 871 1901 956 Onomatologum
1948 869 2047 934 vel
2086 870 2223 935 eius
2270 870 2479 956 epito-
2526 876 2566 954 ξ
2613 877 2642 939 l

187 1002 330 1044 men
367 979 666 1044 adhibuit
704 979 1140 1045 scholiasta
1168 979 1647 1056 Platonicus,
1686 978 1857 1063 quod
1885 977 2216 1062 perspexit
2242 976 2479 1059 Rohde,

186 1085 343 1151 Mus,
380 1085 589 1150 Rhen.
625 1085 916 1151 XXXIII
969 1109 1030 1170 p.
1071 1084 1233 1169 205,
1287 1085 1400 1170 qui
1443 1083 1890 1170 Pythagorae,
1946 1081 2229 1167 SoloniS,
2285 1081 2477 1149 Creo-

186 1193 387 1276 phyli,
434 1192 863 1277 Protagorae,
908 1190 1166 1258 Prodici
1211 1191 1382 1256 vitas
1429 1191 1498 1255 in
1546 1190 1809 1256 scholiis
1858 1189 1939 1255 ad
1978 1189 2476 1275 Rempublicam

187 1299 455 1364 servatis
511 1298 637 1386 (VI
692 1323 753 1384 p.
791 1299 920 1364 359
966 1322 1097 1383 seq.
1151 1297 1402 1384 Herm.)
1474 1319 1551 1362 ex
1616 1297 1935 1382 Hesychii
1996 1295 2477 1380 Onomatologo

185 1405 442 1471 fluxisse
490 1405 972 1471 demonstravit.
1064 1405 1311 1482 Quibus
1359 1427 1481 1491 ego
1530 1403 1784 1470 Unters.
1821 1427 1882 1488 p.
1921 1403 2005 1469 87
2055 1403 2260 1470 adieci
2305 1403 2477 1468 vitas

185 1513 503 1597 Thaletis,
569 1513 877 1596 Lycurgi,
943 1511 1340 1576 Anacharsis
1405 1510 1738 1596 fusiusque
1802 1509 1897 1575 ibi
1961 1509 2039 1574 de
2103 1507 2478 1573 diversitate

183 1618 477 1683 lectionis
535 1618 890 1702 disputavi,
943 1618 1030 1682 ib.
1067 1641 1129 1704 p.
1167 1619 1255 1683 90
1300 1640 1375 1682 ex
1423 1617 1692 1683 scholiis
1738 1617 1806 1681 in
1854 1613 2262 1681 Alcibiadem
2308 1613 2477 1678 vitas

184 1723 457 1790 Zenonis
495 1729 562 1789 et
590 1725 1019 1810 Anaxagorae
1057 1723 1182 1811 (VI
1212 1748 1272 1809 p.
1301 1721 1461 1810 279)
1498 1723 1762 1788 fluxisse
1793 1722 2169 1787 dubitanter
2194 1720 2479 1804 suspica·

183 1835 303 1895 tus.
392 1830 603 1907 Quam
649 1831 1098 1915 quaestionem
1144 1829 1516 1913 nuperrime
1562 1827 1946 1894 retraetarit
1991 1826 2345 1905 Mettauer,
2401 1825 2478 1890 de

183 1935 344 2000 Plat.
375 1935 576 2003 schol.
605 1935 898 2001 fontibus
930 1936 1175 2022 (Turici
1209 1934 1442 2020 1880),
1481 1935 1595 2020 qui
1623 1935 1700 2000 de
1729 1933 2060 1999 nonnullis
2097 1933 2282 2016 vitis,
2316 1953 2479 2017 quas

183 2042 370 2107 modo
411 2043 800 2125 enumeravi,
847 2064 983 2107 non
1019 2042 1352 2107 dubitasse
1389 2041 1666 2121 videtur,
1716 2040 1861 2106 aliis
1899 2041 1969 2105 in
2006 2039 2479 2105 dubitationem

183 2150 444 2214 vocatis
459 2146 510 2235 ¹)
594 2149 808 2232 Atque
845 2147 1167 2213 Heracliti
1216 2149 1501 2233 priorem
1561 2149 1844 2234 glossam
1882 2147 1968 2212 ib.
2005 2169 2068 2230 p.
2106 2147 2191 2212 59
2246 2144 2477 2210 merito

182 2278 308 2321 non
343 2255 422 2321 de
460 2254 788 2338 Hesychio
824 2255 1122 2339 pendere,
1163 2255 1274 2319 sed
1312 2255 1389 2319 de
1427 2253 1755 2319 Plutarch.
1793 2253 1965 2318 Plac.
1994 2252 2153 2338 phil.
2181 2252 2264 2337 II,
2302 2253 2407 2336 22,
2438 2253 2478 2316 2

184 2366 247 2426 et
289 2363 403 2447 24,
451 2363 511 2446 3,
559 2363 620 2441 4,
670 2361 936 2426 alterius
983 2360 1301 2446 originem
1352 2355 1598 2445 (ἄλλως
1636 2356 2087 2446 τΗροὶκλειτος)
2136 2360 2475 2426 obscuram

184 2491 318 2532 esse
382 2469 657 2534 monuit.
758 2467 988 2532 Dionis
1059 2469 1276 2532 autem
1339 2465 1691 2551 Hipparini
1753 2466 1959 2532 vitam
2024 2464 2149 2550 (VI
2210 2475 2295 2550 p.'
2316 2464 2476 2551 391)

182 2579 351 2640 recte
389 2573 721 2658 Hesychio
763 2573 1186 2658 substituenS,
1231 2595 1456 2638 rursus
1493 2573 1819 2638 dubitavit
1854 2573 1932 2638 de
1967 2571 2149 2636 fonte
2188 2569 2480 2658 Sappho·

182 2681 279 2744 nis
318 2679 408 2765 (p.
441 2679 639 2765 266),
678 2681 1108 2745 Anacreontis
1152 2676 1326 2766 (ib.),
1374 2679 1833 2766 Anaxagorae,
1870 2678 2148 2744 Zenonis
2178 2677 2267 2764 (p.
2297 2677 2480 2765 279),

183 2809 305 2871 qua
355 2789 424 2851 in
478 2808 549 2850 re
594 2809 728 2852 non
783 2808 1004 2851 verum
1061 2809 1207 2852 eum
1254 2786 1492 2851 vidisse
1540 2786 1861 2871 suspicor,
1918 2808 2062 2850 cum
2110 2784 2478 2869 Sapphonis

183 2893 582 2978 Zenonisque
623 2893 796 2957 vitae
843 2916 923 2959 ex
969 2897 1155 2977 parte
1207 2896 1502 2959 servatae
1548 2893 1907 2959 certissima
1954 2892 2229 2978 originis
2274 2891 2479 2974 Hesy-

185 2999 452 3065 chianae
498 2999 780 3086 vestigia
826 3000 1288 3066 demonstrent.

354 3123 536 3190 Idem
576 3125 676 3190 vir
711 3125 1130 3192 doctissimus
1170 3127 1340 3191 vitas
1379 3125 1621 3206 Tisiae,
1661 3125 1971 3212 Gorgiae,
2008 3125 2292 3210 Prodici,
2330 3125 2475 3190 Poli

186 3229 272 3316 (p.
300 3233 432 3298 274
471 3230 581 3318 H.)
647 3232 956 3298 Hermiae
1029 3233 1508 3299 commentariis
1578 3233 1797 3298 deberi
1862 3234 2146 3318 putavit,
2208 3232 2475 3318 Tyrtaei

184 3343 247 3402 et
283 3338 684 3423 Theognidis
722 3336 814 3426 (p.
843 3339 976 3405 375
1001 3339 1110 3426 H.)
1149 3339 1367 3405 Procli
1416 3341 1682 3405 scholiis
1720 3340 2077 3406 Platonicis
2116 3339 2224 3424 (cf.
2251 3365 2313 3426 p.
2342 3336 2480 3426 29),

183 3444 352 3509 haud
413 3448 584 3511 recte
641 3445 718 3510 de
775 3445 1025 3511 Timaei
1070 3448 1160 3532 (p.
1189 3446 1321 3510 364
1340 3443 1450 3532 H.)
1505 3445 1645 3511 vita
1711 3447 2074 3533 disputanS,
2139 3470 2333 3533 quam
2400 3447 2479 3512 de

183 3549 510 3637 Hesychio
559 3553 946 3618 descendere
991 3553 1133 3618 luce
1180 3552 1415 3618 clarius
1465 3556 1592 3619 est:
2537 3575 2579 3630 ς

327 3802 378 3870 1)
427 3798 520 3854 Sic
557 3816 746 3854 errans
783 3817 838 3870 p.
871 3805 938 3854 55
973 3802 1090 3855 not.
1123 3806 1151 3853 1
1200 3799 1351 3869 apud
1391 3799 1623 3856 Suidam
1669 3801 1861 3857 deesse
1896 3802 2121 3859 Prodici
2166 3803 2343 3857 vitam
2384 3818 2475 3856 ex—

187 3881 398 3948 posuit,
433 3879 677 3950 Lycurgi
713 3879 892 3936 vitam
919 3881 1170 3934 omnium
1197 3878 1563 3936 clarissimam
1601 3881 1700 3950 (VI
1728 3900 1781 3952 p.
1811 3889 1915 3938 359
1943 3883 2157 3951 Herm.)
2186 3899 2254 3936 ne
2282 3881 2477 3951 tetigit

187 3959 436 4029 quidem,
471 3961 543 4016 de
571 3978 682 4028 qua
717 3977 864 4016 nunc
897 3960 967 4014 cf.
997 3959 1219 4026 Rohde,
1258 3960 1400 4014 Mus.
1428 3961 1605 4016 Rhen.
1636 3961 1867 4016 XXXVI
1892 3981 1949 4032 p.
1978 3969 2100 4018 540.
2175 3961 2476 4030 Creophyli

187 4041 369 4093 autem
416 4039 594 4096 vitam
637 4059 694 4110 p.
731 4046 801 4095 54
847 4041 1018 4096 etiam
1065 4040 1124 4095 in
1169 4040 1359 4095 Photii
1413 4040 1595 4097 lexico
1649 4041 1831 4097 inesse
1876 4043 2116 4112 putabat
2162 4042 2357 4109 itaque
2408 4057 2477 4096 ex

189 4117 384 4172 Boethi
437 4119 613 4176 Stoici
674 4121 854 4184 lexico
909 4120 1202 4176 Platonico
1257 4121 1636 4190 compilatam.
1719 4122 1797 4176 At
1853 4139 2033 4191 aequo
2086 4120 2477 4192 neglegentius

190 4195 375 4252 Photii
409 4200 708 4256 articulum
745 4201 928 4256 locum
966 4200 1054 4255 vir
1088 4199 1445 4256 doctissimus
1480 4199 1752 4270 inspexit,
1790 4201 1998 4272 quippe
2034 4201 2133 4271 qui
2159 4204 2281 4258 toto
2318 4204 2475 4260 caelo

189 4275 258 4328 ab
281 4279 494 4335 scholio
522 4280 812 4337 Platonico
840 4281 1136 4350 discrepet.
1191 4281 1543 4351 Quapropter
1568 4282 1715 4336 hanc
1744 4299 1964 4351 quoque
1990 4283 2167 4339 vitam
2194 4285 2477 4354 Hesychio

190 4357 317 4413 dare
351 4377 706 4432 nequaquam
741 4363 1014 4418 dubitavi.
1578 4353 1585 4360 ’
