<?xml version="1.0" encoding="UTF-8"?>
<!DOCTYPE html PUBLIC "-//W3C//DTD XHTML 1.0 Transitional//EN"
    "http://www.w3.org/TR/xhtml1/DTD/xhtml1-transitional.dtd">
<html xmlns="http://www.w3.org/1999/xhtml" xml:lang="en" lang="en">
 <head>
  <title>
</title>
<meta http-equiv="Content-Type" content="text/html;charset=utf-8" />
  <meta name='ocr-system' content='tesseract 3.04.00' />
  <meta name='ocr-capabilities' content='ocr_page ocr_carea ocr_par ocr_line ocrx_word'/>
</head>
<body>
  <div class='ocr_page' id='page_1' title='image "./hesychiimilesii04flacgoog_0269.png"; bbox 0 0 3025 4892; ppageno 0'>
   <div class='ocr_carea' id='block_1_1' title="bbox 1100 212 2451 281">
    <p class='ocr_par' dir='ltr' id='par_1_1' title="bbox 1100 212 2451 281">
     <span class='ocr_line' id='line_1_1' title="bbox 1100 212 2451 281; baseline 0.01 -14"><span class='ocrx_word' id='word_1_1' title='bbox 1100 212 1528 270; x_wconf 78' lang='lat' dir='ltr'><strong>HESYCHIUS.</strong></span> <span class='ocrx_word' id='word_1_2' title='bbox 2333 220 2363 281; x_wconf 93' lang='grc'><strong>1</strong></span> <span class='ocrx_word' id='word_1_3' title='bbox 2376 217 2451 281; x_wconf 82' lang='grc'><strong><em>71</em></strong></span> 
     </span>
    </p>
   </div>
   <div class='ocr_carea' id='block_1_2' title="bbox 166 373 2540 2423">
    <p class='ocr_par' dir='ltr' id='par_1_2' title="bbox 177 373 2540 1637">
     <span class='ocr_line' id='line_1_2' title="bbox 353 373 2461 465; baseline 0.002 -23"><span class='ocrx_word' id='word_1_4' title='bbox 353 375 682 442; x_wconf 78' lang='lat' dir='ltr'><strong>DCXLIV.</strong></span> <span class='ocrx_word' id='word_1_5' title='bbox 757 373 1138 443; x_wconf 79' lang='grc' dir='ltr'><strong><em>Πλάτων</em></strong></span> <span class='ocrx_word' id='word_1_6' title='bbox 1179 373 1539 462; x_wconf 75' lang='grc' dir='ltr'><strong><em>Ἀθηναῖος</em></strong></span> <span class='ocrx_word' id='word_1_7' title='bbox 1592 375 1911 464; x_wconf 86' lang='grc' dir='ltr'><strong><em>κωμικός,</em></strong></span> <span class='ocrx_word' id='word_1_8' title='bbox 1972 376 2266 465; x_wconf 74' lang='grc' dir='ltr'><strong><em>γεγονώς</em></strong></span> <span class='ocrx_word' id='word_1_9' title='bbox 2321 392 2461 459; x_wconf 77' lang='grc' dir='ltr'><strong><em>τοῖς</em></strong></span> 
     </span>
     <span class='ocr_line' id='line_1_3' title="bbox 190 479 2457 573; baseline 0.002 -24"><span class='ocrx_word' id='word_1_10' title='bbox 190 482 435 569; x_wconf 84' lang='grc' dir='ltr'><strong><em>χρόνοις</em></strong></span> <span class='ocrx_word' id='word_1_11' title='bbox 467 480 631 550; x_wconf 81' lang='grc' dir='ltr'><em>κατὰ</em></span> <span class='ocrx_word' id='word_1_12' title='bbox 663 479 1156 568; x_wconf 76' lang='grc' dir='ltr'><em>Ἀριστοφάνην</em></span> <span class='ocrx_word' id='word_1_13' title='bbox 1192 483 1303 551; x_wconf 84' lang='grc' dir='ltr'><em>καὶ</em></span> <span class='ocrx_word' id='word_1_14' title='bbox 1347 482 1717 571; x_wconf 74' lang='grc' dir='ltr'><strong><em>Φρύνιχον,</em></strong></span> <span class='ocrx_word' id='word_1_15' title='bbox 1766 482 2067 553; x_wconf 78' lang='grc' dir='ltr'><strong><em>Εὔπολιν</em></strong></span> <span class='ocrx_word' id='word_1_16' title='bbox 2103 486 2214 553; x_wconf 84' lang='grc' dir='ltr'><em>καὶ</em></span> <span class='ocrx_word' id='word_1_17' title='bbox 2258 493 2457 573; x_wconf 87' lang='grc' dir='ltr'><strong><em>Φερε-</em></strong></span> 
     </span>
     <span class='ocr_line' id='line_1_4' title="bbox 185 585 2457 680; baseline 0.002 -25"><span class='ocrx_word' id='word_1_18' title='bbox 185 588 430 675; x_wconf 77' lang='grc' dir='ltr'><strong><em>κράτην.</em></strong></span> <span class='ocrx_word' id='word_1_19' title='bbox 502 588 804 676; x_wconf 78' lang='grc' dir='ltr'><em>δράματα</em></span> <span class='ocrx_word' id='word_1_20' title='bbox 843 588 916 656; x_wconf 77' lang='grc' dir='ltr'><strong><em>δὲ</em></strong></span> <span class='ocrx_word' id='word_1_21' title='bbox 956 585 1166 657; x_wconf 81' lang='grc' dir='ltr'><em>αὐτοῦ</em></span> <span class='ocrx_word' id='word_1_22' title='bbox 1213 591 1324 675; x_wconf 84' lang='grc' dir='ltr'><strong><em>κη’</em></strong></span> <span class='ocrx_word' id='word_1_23' title='bbox 1365 593 1651 674; x_wconf 84' lang='grc' dir='ltr'><em>[ταῦτα]·</em></span> <span class='ocrx_word' id='word_1_24' title='bbox 1686 588 1995 669; x_wconf 71' lang='grc' dir='ltr'><strong><em>Ἄδωνις..</em></strong></span> <span class='ocrx_word' id='word_1_25' title='bbox 2036 588 2181 678; x_wconf 80' lang='grc' dir='ltr'><strong><em>Ἀφ’</em></strong></span> <span class='ocrx_word' id='word_1_26' title='bbox 2235 595 2457 680; x_wconf 73' lang='grc' dir='ltr'><strong><em>ἱερῶν,</em></strong></span> 
     </span>
     <span class='ocr_line' id='line_1_5' title="bbox 189 692 2459 785; baseline 0.001 -22"><span class='ocrx_word' id='word_1_27' title='bbox 189 700 455 782; x_wconf 80' lang='grc' dir='ltr'><strong><em>Γρῦπες,</em></strong></span> <span class='ocrx_word' id='word_1_28' title='bbox 502 699 875 782; x_wconf 76' lang='grc' dir='ltr'><strong><em>Δαίδαλος,</em></strong></span> <span class='ocrx_word' id='word_1_29' title='bbox 912 693 1210 781; x_wconf 82' lang='grc' dir='ltr'><strong><em>Ἑορταί,</em></strong></span> <span class='ocrx_word' id='word_1_30' title='bbox 1249 692 1484 776; x_wconf 81' lang='grc' dir='ltr'><strong><em>Ἑλλὰς</em></strong></span> <span class='ocrx_word' id='word_1_31' title='bbox 1530 693 1571 782; x_wconf 79' lang='grc' dir='ltr'><em>ἢ</em></span> <span class='ocrx_word' id='word_1_32' title='bbox 1620 700 1874 783; x_wconf 85' lang='grc' dir='ltr'><strong><em>Νῆσοι,</em></strong></span> <span class='ocrx_word' id='word_1_33' title='bbox 1923 694 2240 785; x_wconf 74' lang='grc' dir='ltr'><strong><em>Εὐρώπη,</em></strong></span> <span class='ocrx_word' id='word_1_34' title='bbox 2289 696 2459 777; x_wconf 81' lang='grc' dir='ltr'><strong><em>Ζεὺς</em></strong></span> 
     </span>
     <span class='ocr_line' id='line_1_6' title="bbox 185 800 2511 891; baseline -0.001 -22"><span class='ocrx_word' id='word_1_35' title='bbox 185 802 587 891; x_wconf 81' lang='grc' dir='ltr'><strong><em>κακούμενος,</em></strong></span> <span class='ocrx_word' id='word_1_36' title='bbox 619 801 746 888; x_wconf 75' lang='grc' dir='ltr'><strong><em>Ἰώ,</em></strong></span> <span class='ocrx_word' id='word_1_37' title='bbox 785 807 1142 890; x_wconf 75' lang='grc' dir='ltr'><strong><em>Κλεοφῶν,</em></strong></span> <span class='ocrx_word' id='word_1_38' title='bbox 1179 801 1412 889; x_wconf 76' lang='grc' dir='ltr'><strong><em>Λάιος,</em></strong></span> <span class='ocrx_word' id='word_1_39' title='bbox 1455 802 1772 883; x_wconf 75' lang='grc' dir='ltr'><strong><em>Λάκωνες</em></strong></span> <span class='ocrx_word' id='word_1_40' title='bbox 1806 800 1847 891; x_wconf 82' lang='grc' dir='ltr'>ἢ</span> <span class='ocrx_word' id='word_1_41' title='bbox 1885 810 2172 891; x_wconf 85' lang='grc' dir='ltr'><strong><em>ποιηταί,</em></strong></span> <span class='ocrx_word' id='word_1_42' title='bbox 2212 806 2457 873; x_wconf 75' lang='grc' dir='ltr'><strong><em>Μέτοι-</em></strong></span> <span class='ocrx_word' id='word_1_43' title='bbox 2485 828 2511 867; x_wconf 81' lang='lat'><strong>5</strong></span> 
     </span>
     <span class='ocr_line' id='line_1_7' title="bbox 184 910 2459 1000; baseline 0.001 -24"><span class='ocrx_word' id='word_1_44' title='bbox 184 937 301 995; x_wconf 78' lang='grc' dir='ltr'><strong><em>κοι,</em></strong></span> <span class='ocrx_word' id='word_1_45' title='bbox 351 910 732 998; x_wconf 84' lang='grc' dir='ltr'><strong><em>Μύρμηκες,</em></strong></span> <span class='ocrx_word' id='word_1_46' title='bbox 779 910 1272 997; x_wconf 75' lang='grc' dir='ltr'><strong><em>Μαμμάκυθος,</em></strong></span> <span class='ocrx_word' id='word_1_47' title='bbox 1317 912 1693 996; x_wconf 84' lang='grc' dir='ltr'><strong><em>Μενέλεως,</em></strong></span> <span class='ocrx_word' id='word_1_48' title='bbox 1742 918 1975 996; x_wconf 79' lang='grc' dir='ltr'><strong><em>Νῖκαι,</em></strong></span> <span class='ocrx_word' id='word_1_49' title='bbox 2022 910 2170 993; x_wconf 84' lang='grc' dir='ltr'><strong><em>Νὺξ</em></strong></span> <span class='ocrx_word' id='word_1_50' title='bbox 2217 911 2459 1000; x_wconf 76' lang='grc' dir='ltr'><em>μακρά,</em></span> 
     </span>
     <span class='ocr_line' id='line_1_8' title="bbox 183 1014 2460 1106; baseline 0.001 -22"><span class='ocrx_word' id='word_1_51' title='bbox 183 1017 413 1091; x_wconf 78' lang='grc' dir='ltr'><em>Ξάνται</em></span> <span class='ocrx_word' id='word_1_52' title='bbox 451 1014 492 1105; x_wconf 84' lang='grc' dir='ltr'><em>ἢ</em></span> <span class='ocrx_word' id='word_1_53' title='bbox 533 1020 906 1103; x_wconf 83' lang='grc' dir='ltr'><strong><em>Κέρκωπες,</em></strong></span> <span class='ocrx_word' id='word_1_54' title='bbox 963 1016 1364 1105; x_wconf 86' lang='grc' dir='ltr'><strong><em>Περιαλγής,</em></strong></span> <span class='ocrx_word' id='word_1_55' title='bbox 1420 1017 1741 1104; x_wconf 81' lang='grc' dir='ltr'><strong><em>Ποιητής,</em></strong></span> <span class='ocrx_word' id='word_1_56' title='bbox 1788 1022 2236 1106; x_wconf 76' lang='grc' dir='ltr'><strong><em>Πείσανδρος,</em></strong></span> <span class='ocrx_word' id='word_1_57' title='bbox 2286 1020 2460 1106; x_wconf 80' lang='grc' dir='ltr'><strong><em>Πρέ-</em></strong></span> 
     </span>
     <span class='ocr_line' id='line_1_9' title="bbox 182 1121 2456 1213; baseline 0 -23"><span class='ocrx_word' id='word_1_58' title='bbox 182 1130 367 1209; x_wconf 87' lang='grc' dir='ltr'><strong><em>σβεις,</em></strong></span> <span class='ocrx_word' id='word_1_59' title='bbox 409 1128 724 1210; x_wconf 76' lang='grc' dir='ltr'><strong><em>Παιδίον,</em></strong></span> <span class='ocrx_word' id='word_1_60' title='bbox 763 1130 1120 1211; x_wconf 86' lang='grc' dir='ltr'><strong><em>Σοφισταί,</em></strong></span> <span class='ocrx_word' id='word_1_61' title='bbox 1160 1130 1544 1211; x_wconf 83' lang='grc' dir='ltr'><strong><em>Συμμαχία,</em></strong></span> <span class='ocrx_word' id='word_1_62' title='bbox 1584 1131 1857 1212; x_wconf 84' lang='grc' dir='ltr'><strong><em>Σκευαί,</em></strong></span> <span class='ocrx_word' id='word_1_63' title='bbox 1896 1122 2203 1213; x_wconf 82' lang='grc' dir='ltr'><em>Σύρφαξ,</em></span> <span class='ocrx_word' id='word_1_64' title='bbox 2232 1121 2456 1210; x_wconf 72' lang='grc' dir='ltr'><strong><em>Ὑπέρ-</em></strong></span> 
     </span>
     <span class='ocr_line' id='line_1_10' title="bbox 181 1229 2459 1321; baseline 0 -22"><span class='ocrx_word' id='word_1_65' title='bbox 181 1238 394 1317; x_wconf 84' lang='grc' dir='ltr'><strong><em>βολος,</em></strong></span> <span class='ocrx_word' id='word_1_66' title='bbox 453 1230 679 1301; x_wconf 78' lang='grc' dir='ltr'><strong><em>Φάων.</em></strong></span> <span class='ocrx_word' id='word_1_67' title='bbox 771 1236 936 1315; x_wconf 81' lang='grc' dir='ltr'><strong><em>[ἔστι</em></strong></span> <span class='ocrx_word' id='word_1_68' title='bbox 995 1231 1069 1299; x_wconf 76' lang='grc' dir='ltr'><strong><em>δὲ</em></strong></span> <span class='ocrx_word' id='word_1_69' title='bbox 1115 1229 1413 1319; x_wconf 85' lang='grc' dir='ltr'><strong><em>λαμπρὸς</em></strong></span> <span class='ocrx_word' id='word_1_70' title='bbox 1465 1230 1586 1299; x_wconf 88' lang='grc' dir='ltr'><strong><em>τὸν</em></strong></span> <span class='ocrx_word' id='word_1_71' title='bbox 1642 1236 2051 1321; x_wconf 84' lang='grc' dir='ltr'><em>χαρακτῆρα,</em></span> <span class='ocrx_word' id='word_1_72' title='bbox 2107 1260 2197 1311; x_wconf 88' lang='grc' dir='ltr'><strong><em>ως</em></strong></span> <span class='ocrx_word' id='word_1_73' title='bbox 2249 1251 2459 1318; x_wconf 86' lang='grc' dir='ltr'><strong><em>φησιν</em></strong></span> 
     </span>
     <span class='ocr_line' id='line_1_11' title="bbox 171 1335 2540 1425; baseline 0 -21.005"><span class='ocrx_word' id='word_1_74' title='bbox 171 1335 513 1425; x_wconf 80' lang='grc' dir='ltr'><strong><em>Ἀθήναιος</em></strong></span> <span class='ocrx_word' id='word_1_75' title='bbox 550 1341 626 1406; x_wconf 79' lang='grc' dir='ltr'><strong><em>ἐν</em></strong></span> <span class='ocrx_word' id='word_1_76' title='bbox 664 1350 804 1416; x_wconf 77' lang='grc' dir='ltr'><strong><em>τοῖς</em></strong></span> <span class='ocrx_word' id='word_1_77' title='bbox 842 1347 1470 1422; x_wconf 80' lang='grc' dir='ltr'><strong><em>Δειπνοσοφισταῖς.</em></strong></span> <span class='ocrx_word' id='word_1_78' title='bbox 1538 1364 1639 1405; x_wconf 87' lang='grc' dir='ltr'><strong><em>οτι</em></strong></span> <span class='ocrx_word' id='word_1_79' title='bbox 1677 1339 1788 1405; x_wconf 85' lang='grc' dir='ltr'><em>καὶ</em></span> <span class='ocrx_word' id='word_1_80' title='bbox 1822 1336 2280 1425; x_wconf 78' lang='grc' dir='ltr'><strong><em>Ἀνδροφόνος</em></strong></span> <span class='ocrx_word' id='word_1_81' title='bbox 2318 1341 2453 1407; x_wconf 82' lang='grc' dir='ltr'><strong><em>ἐστι</em></strong></span> <span class='ocrx_word' id='word_1_82' title='bbox 2486 1363 2540 1405; x_wconf 85' lang='grc' dir='ltr'><strong><em>ιο</em></strong></span> 
     </span>
     <span class='ocr_line' id='line_1_12' title="bbox 182 1443 2457 1532; baseline 0.001 -22"><span class='ocrx_word' id='word_1_83' title='bbox 182 1449 389 1531; x_wconf 79' lang='grc' dir='ltr'><em>δρᾶμα</em></span> <span class='ocrx_word' id='word_1_84' title='bbox 433 1445 802 1523; x_wconf 81' lang='grc' dir='ltr'><strong><em>Πλάτωνος</em></strong></span> <span class='ocrx_word' id='word_1_85' title='bbox 845 1444 955 1512; x_wconf 84' lang='grc' dir='ltr'><em>καὶ</em></span> <span class='ocrx_word' id='word_1_86' title='bbox 1000 1446 1529 1530; x_wconf 79' lang='grc' dir='ltr'><strong><em>Συνεξαπατῶν,</em></strong></span> <span class='ocrx_word' id='word_1_87' title='bbox 1578 1447 2088 1532; x_wconf 85' lang='grc' dir='ltr'><strong><em>Πανηγυρισταὶ</em></strong></span> <span class='ocrx_word' id='word_1_88' title='bbox 2132 1446 2244 1514; x_wconf 81' lang='grc' dir='ltr'><em>καὶ</em></span> <span class='ocrx_word' id='word_1_89' title='bbox 2292 1443 2457 1513; x_wconf 86' lang='grc' dir='ltr'><em>αλλα</em></span> 
     </span>
     <span class='ocr_line' id='line_1_13' title="bbox 177 1559 486 1637; baseline 0.016 -21"><span class='ocrx_word' id='word_1_90' title='bbox 177 1559 486 1637; x_wconf 62' lang='lat' dir='ltr'><strong><em>ffel-stota}</em></strong></span> 
     </span>
    </p>

    <p class='ocr_par' dir='ltr' id='par_1_3' title="bbox 166 1675 2537 2193">
     <span class='ocr_line' id='line_1_14' title="bbox 339 1675 2453 1764; baseline 0.001 -20"><span class='ocrx_word' id='word_1_91' title='bbox 339 1680 652 1746; x_wconf 83' lang='lat' dir='ltr'><strong>DOXLV.</strong></span> <span class='ocrx_word' id='word_1_92' title='bbox 725 1675 1242 1763; x_wconf 86' lang='grc' dir='ltr'><strong><em>Πλούταρχος</em></strong></span> <span class='ocrx_word' id='word_1_93' title='bbox 1288 1675 1676 1762; x_wconf 85' lang='grc' dir='ltr'><strong><em>Χαιρωνεὺς</em></strong></span> <span class='ocrx_word' id='word_1_94' title='bbox 1718 1682 1836 1764; x_wconf 83' lang='grc' dir='ltr'><strong><em>τῆς</em></strong></span> <span class='ocrx_word' id='word_1_95' title='bbox 1873 1682 2219 1763; x_wconf 82' lang='grc' dir='ltr'><strong><em>Βοιωτίας,</em></strong></span> <span class='ocrx_word' id='word_1_96' title='bbox 2267 1704 2453 1763; x_wconf 89' lang='grc' dir='ltr'><strong><em>γεγο-</em></strong></span> 
     </span>
     <span class='ocr_line' id='line_1_15' title="bbox 171 1782 2457 1873; baseline 0.002 -24"><span class='ocrx_word' id='word_1_97' title='bbox 171 1782 300 1862; x_wconf 74' lang='grc' dir='ltr'><strong><em>νώς</em></strong></span> <span class='ocrx_word' id='word_1_98' title='bbox 343 1786 445 1851; x_wconf 84' lang='grc' dir='ltr'><strong><em>ἐπὶ</em></strong></span> <span class='ocrx_word' id='word_1_99' title='bbox 490 1789 628 1852; x_wconf 78' lang='grc' dir='ltr'><strong><em>τῶν</em></strong></span> <span class='ocrx_word' id='word_1_100' title='bbox 666 1786 1007 1872; x_wconf 76' lang='grc' dir='ltr'><strong><em>Τραϊανοῦ</em></strong></span> <span class='ocrx_word' id='word_1_101' title='bbox 1042 1786 1164 1850; x_wconf 85' lang='grc' dir='ltr'><strong><em>τοῦ</em></strong></span> <span class='ocrx_word' id='word_1_102' title='bbox 1194 1786 1541 1869; x_wconf 85' lang='grc' dir='ltr'><em>Καίσαρος</em></span> <span class='ocrx_word' id='word_1_103' title='bbox 1576 1782 1843 1870; x_wconf 81' lang='grc' dir='ltr'><strong><em>χρόνων</em></strong></span> <span class='ocrx_word' id='word_1_104' title='bbox 1878 1784 1987 1851; x_wconf 83' lang='grc' dir='ltr'><em>καὶ</em></span> <span class='ocrx_word' id='word_1_105' title='bbox 2027 1788 2457 1873; x_wconf 79' lang='grc' dir='ltr'><strong><em>ἐπίπροσθεν.</em></strong></span> 
     </span>
     <span class='ocr_line' id='line_1_16' title="bbox 169 1886 2537 1982; baseline -0.001 -25"><span class='ocrx_word' id='word_1_106' title='bbox 169 1890 488 1976; x_wconf 81' lang='grc' dir='ltr'><strong><em>μεταδοὺς</em></strong></span> <span class='ocrx_word' id='word_1_107' title='bbox 534 1892 609 1959; x_wconf 75' lang='grc' dir='ltr'><strong><em>δὲ</em></strong></span> <span class='ocrx_word' id='word_1_108' title='bbox 647 1887 826 1982; x_wconf 75' lang='grc' dir='ltr'><em>αὐτῷ</em></span> <span class='ocrx_word' id='word_1_109' title='bbox 873 1886 1202 1977; x_wconf 76' lang='grc' dir='ltr'><em>Τραϊανὸς</em></span> <span class='ocrx_word' id='word_1_110' title='bbox 1237 1894 1354 1975; x_wconf 83' lang='grc' dir='ltr'><strong><em>τῆς</em></strong></span> <span class='ocrx_word' id='word_1_111' title='bbox 1389 1894 1529 1958; x_wconf 78' lang='grc' dir='ltr'><strong><em>τῶν</em></strong></span> <span class='ocrx_word' id='word_1_112' title='bbox 1566 1888 1837 1960; x_wconf 78' lang='grc' dir='ltr'><strong><em>ὑπάτων</em></strong></span> <span class='ocrx_word' id='word_1_113' title='bbox 1875 1888 2063 1974; x_wconf 77' lang='grc' dir='ltr'><em>ἀξίας</em></span> <span class='ocrx_word' id='word_1_114' title='bbox 2098 1892 2456 1978; x_wconf 80' lang='grc' dir='ltr'><strong><em>προσέταξε</em></strong></span> <span class='ocrx_word' id='word_1_115' title='bbox 2488 1915 2537 1954; x_wconf 80' lang='lat'><strong><em>15</em></strong></span> 
     </span>
     <span class='ocr_line' id='line_1_17' title="bbox 169 1991 2461 2086; baseline 0 -22"><span class='ocrx_word' id='word_1_116' title='bbox 169 1999 416 2085; x_wconf 80' lang='grc' dir='ltr'><em>μηδένα</em></span> <span class='ocrx_word' id='word_1_117' title='bbox 469 2002 607 2066; x_wconf 75' lang='grc' dir='ltr'><strong><em>τῶν</em></strong></span> <span class='ocrx_word' id='word_1_118' title='bbox 663 1994 828 2065; x_wconf 81' lang='grc' dir='ltr'><em>κατὰ</em></span> <span class='ocrx_word' id='word_1_119' title='bbox 889 1994 1014 2082; x_wconf 84' lang='grc' dir='ltr'><strong><em>τὴν</em></strong></span> <span class='ocrx_word' id='word_1_120' title='bbox 1055 1991 1391 2082; x_wconf 81' lang='grc' dir='ltr'><em>Ἰλλυρίδα</em></span> <span class='ocrx_word' id='word_1_121' title='bbox 1442 1994 1791 2086; x_wconf 82' lang='grc' dir='ltr'><strong><em>ἀρχόντων</em></strong></span> <span class='ocrx_word' id='word_1_122' title='bbox 1839 1997 2041 2085; x_wconf 73' lang='grc' dir='ltr'><em>παρὲξ</em></span> <span class='ocrx_word' id='word_1_123' title='bbox 2087 2002 2202 2084; x_wconf 86' lang='grc' dir='ltr'><strong><em>τῆς</em></strong></span> <span class='ocrx_word' id='word_1_124' title='bbox 2249 1996 2461 2065; x_wconf 83' lang='grc' dir='ltr'><em>αὐτοῦ</em></span> 
     </span>
     <span class='ocr_line' id='line_1_18' title="bbox 166 2102 1867 2193; baseline -0.001 -22"><span class='ocrx_word' id='word_1_125' title='bbox 166 2105 426 2193; x_wconf 75' lang='grc' dir='ltr'><strong><em>γνώμης</em></strong></span> <span class='ocrx_word' id='word_1_126' title='bbox 472 2132 534 2173; x_wconf 86' lang='grc' dir='ltr'><strong><em>τι</em></strong></span> <span class='ocrx_word' id='word_1_127' title='bbox 584 2104 1127 2192; x_wconf 76' lang='grc' dir='ltr'><em>διαπράττεσθαι.</em></span> <span class='ocrx_word' id='word_1_128' title='bbox 1221 2108 1467 2191; x_wconf 80' lang='grc' dir='ltr'><em>ἔγραψε</em></span> <span class='ocrx_word' id='word_1_129' title='bbox 1517 2102 1592 2169; x_wconf 74' lang='grc' dir='ltr'><strong><em>δὲ</em></strong></span> <span class='ocrx_word' id='word_1_130' title='bbox 1637 2102 1867 2171; x_wconf 79' lang='grc' dir='ltr'><strong><em>πολλά.</em></strong></span> 
     </span>
    </p>

    <p class='ocr_par' dir='ltr' id='par_1_4' title="bbox 167 2223 2458 2423">
     <span class='ocr_line' id='line_1_19' title="bbox 337 2223 2458 2316; baseline -0 -19"><span class='ocrx_word' id='word_1_131' title='bbox 337 2231 686 2298; x_wconf 85' lang='lat' dir='ltr'><strong>DOXLVI.</strong></span> <span class='ocrx_word' id='word_1_132' title='bbox 771 2236 845 2295; x_wconf 88' lang='lat' dir='ltr'><em>H</em></span> <span class='ocrx_word' id='word_1_133' title='bbox 858 2234 895 2293; x_wconf 91' lang='grc' dir='ltr'><strong><em>λ</em></strong></span> <span class='ocrx_word' id='word_1_134' title='bbox 919 2253 954 2293; x_wconf 94' lang='grc' dir='ltr'><strong><em>ο</em></strong></span> <span class='ocrx_word' id='word_1_135' title='bbox 977 2225 1021 2293; x_wconf 87' lang='grc' dir='ltr'><strong>ύ</strong></span> <span class='ocrx_word' id='word_1_136' title='bbox 1040 2252 1077 2292; x_wconf 84' lang='grc' dir='ltr'><em>τ</em></span> <span class='ocrx_word' id='word_1_137' title='bbox 1095 2252 1136 2292; x_wconf 88' lang='grc' dir='ltr'><em>α</em></span> <span class='ocrx_word' id='word_1_138' title='bbox 1158 2253 1197 2311; x_wconf 90' lang='grc' dir='ltr'><em>ρ</em></span> <span class='ocrx_word' id='word_1_139' title='bbox 1218 2254 1255 2313; x_wconf 85' lang='grc' dir='ltr'><strong><em>χ</em></strong></span> <span class='ocrx_word' id='word_1_140' title='bbox 1277 2253 1312 2294; x_wconf 93' lang='grc' dir='ltr'><strong><em>ο</em></strong></span> <span class='ocrx_word' id='word_1_141' title='bbox 1335 2255 1367 2306; x_wconf 91' lang='grc' dir='ltr'><strong><em>ς</em></strong></span> <span class='ocrx_word' id='word_1_142' title='bbox 1422 2233 1801 2314; x_wconf 85' lang='grc' dir='ltr'><strong><em>Νεστορίου</em></strong></span> <span class='ocrx_word' id='word_1_143' title='bbox 1853 2223 2209 2315; x_wconf 78' lang='grc' dir='ltr'><strong><em>Ἀθηναῖος</em></strong></span> <span class='ocrx_word' id='word_1_144' title='bbox 2266 2228 2458 2316; x_wconf 84' lang='grc' dir='ltr'><strong><em>φιλό-</em></strong></span> 
     </span>
     <span class='ocr_line' id='line_1_20' title="bbox 167 2334 2455 2423; baseline 0 -20"><span class='ocrx_word' id='word_1_145' title='bbox 167 2358 403 2423; x_wconf 86' lang='grc' dir='ltr'><strong><em>σοφος,</em></strong></span> <span class='ocrx_word' id='word_1_146' title='bbox 462 2335 863 2415; x_wconf 78' lang='grc' dir='ltr'><strong><em>διδάσκαλος</em></strong></span> <span class='ocrx_word' id='word_1_147' title='bbox 908 2336 1258 2419; x_wconf 88' lang='grc' dir='ltr'><em>Συριανοῦ</em></span> <span class='ocrx_word' id='word_1_148' title='bbox 1312 2338 1433 2401; x_wconf 85' lang='grc' dir='ltr'><strong><em>τοῦ</em></strong></span> <span class='ocrx_word' id='word_1_149' title='bbox 1489 2336 1813 2421; x_wconf 78' lang='grc' dir='ltr'><strong><em>ἐξηγητοῦ</em></strong></span> <span class='ocrx_word' id='word_1_150' title='bbox 1862 2336 2233 2421; x_wconf 81' lang='grc' dir='ltr'><strong><em>γενομένου</em></strong></span> <span class='ocrx_word' id='word_1_151' title='bbox 2278 2334 2455 2421; x_wconf 89' lang='grc' dir='ltr'><strong><em>Πρό-</em></strong></span> 
     </span>
    </p>
   </div>
   <div class='ocr_carea' id='block_1_3' title="bbox 169 2504 590 2511">
    <p class='ocr_par' dir='ltr' id='par_1_5' title="bbox 169 2504 590 2511">
     <span class='ocr_line' id='line_1_21' title="bbox 169 2504 590 2511; baseline 0 2381"><span class='ocrx_word' id='word_1_152' title='bbox 169 2504 590 2511; x_wconf 95' lang='lat' dir='ltr'><strong><em> </em></strong></span> 
     </span>
    </p>
   </div>
   <div class='ocr_carea' id='block_1_4' title="bbox 71 2582 2461 3696">
    <p class='ocr_par' dir='ltr' id='par_1_6' title="bbox 71 2582 2459 2656">
     <span class='ocr_line' id='line_1_22' title="bbox 71 2582 2459 2656; baseline -0.002 -15"><span class='ocrx_word' id='word_1_153' title='bbox 71 2644 78 2651; x_wconf 67' lang='grc'><strong><em>,</em></strong></span> <span class='ocrx_word' id='word_1_154' title='bbox 299 2588 576 2642; x_wconf 89' lang='lat' dir='ltr'><strong>DCXLIV</strong></span> <span class='ocrx_word' id='word_1_155' title='bbox 612 2589 762 2642; x_wconf 78' lang='lat' dir='ltr'><strong>Eud.</strong></span> <span class='ocrx_word' id='word_1_156' title='bbox 803 2605 856 2656; x_wconf 90' lang='lat' dir='ltr'><strong>p.</strong></span> <span class='ocrx_word' id='word_1_157' title='bbox 889 2591 1008 2640; x_wconf 80' lang='lat'><strong>599.</strong></span> <span class='ocrx_word' id='word_1_158' title='bbox 1057 2582 1287 2637; x_wconf 84' lang='lat' dir='ltr'><strong>Tractat</strong></span> <span class='ocrx_word' id='word_1_159' title='bbox 1318 2583 1569 2637; x_wconf 75' lang='lat' dir='ltr'><strong>Meineke</strong></span> <span class='ocrx_word' id='word_1_160' title='bbox 1598 2585 1620 2637; x_wconf 97' lang='lat' dir='ltr'>I</span> <span class='ocrx_word' id='word_1_161' title='bbox 1653 2590 1841 2653; x_wconf 84' lang='lat' dir='ltr'><strong>p.·160</strong></span> <span class='ocrx_word' id='word_1_162' title='bbox 1865 2601 1977 2653; x_wconf 85' lang='lat' dir='ltr'><strong>seq.</strong></span> <span class='ocrx_word' id='word_1_163' title='bbox 2120 2591 2151 2637; x_wconf 85' lang='lat'>2</span> <span class='ocrx_word' id='word_1_164' title='bbox 2191 2583 2286 2637; x_wconf 81' lang='grc' dir='ltr'><em>καὶ</em></span> <span class='ocrx_word' id='word_1_165' title='bbox 2327 2584 2459 2637; x_wconf 84' lang='lat' dir='ltr'><strong>ante</strong></span> 
     </span>
    </p>

    <p class='ocr_par' dir='ltr' id='par_1_7' title="bbox 159 2662 2461 3696">
     <span class='ocr_line' id='line_1_23' title="bbox 167 2662 2457 2735; baseline -0.002 -14"><span class='ocrx_word' id='word_1_166' title='bbox 167 2672 327 2735; x_wconf 75' lang='grc' dir='ltr'><strong><em>Φρυν.</em></strong></span> <span class='ocrx_word' id='word_1_167' title='bbox 361 2669 489 2723; x_wconf 87' lang='lat' dir='ltr'><strong>add.</strong></span> <span class='ocrx_word' id='word_1_168' title='bbox 520 2673 620 2720; x_wconf 98' lang='lat' dir='ltr'><strong><em>AV</em></strong></span> <span class='ocrx_word' id='word_1_169' title='bbox 729 2673 759 2720; x_wconf 89' lang='lat'><strong>3</strong></span> <span class='ocrx_word' id='word_1_170' title='bbox 799 2665 980 2719; x_wconf 83' lang='grc' dir='ltr'><em>ταῦτα</em></span> <span class='ocrx_word' id='word_1_171' title='bbox 1017 2680 1083 2717; x_wconf 88' lang='lat' dir='ltr'><strong>ex</strong></span> <span class='ocrx_word' id='word_1_172' title='bbox 1112 2666 1213 2713; x_wconf 98' lang='lat' dir='ltr'><strong><em>AV</em></strong></span> <span class='ocrx_word' id='word_1_173' title='bbox 1251 2662 1378 2717; x_wconf 88' lang='lat' dir='ltr'><strong>add.</strong></span> <span class='ocrx_word' id='word_1_174' title='bbox 1410 2662 1678 2730; x_wconf 81' lang='lat' dir='ltr'><strong><em>Gaisford</em></strong></span> <span class='ocrx_word' id='word_1_175' title='bbox 1717 2682 1823 2720; x_wconf 92' lang='lat' dir='ltr'><strong>om.</strong></span> <span class='ocrx_word' id='word_1_176' title='bbox 1852 2667 1997 2735; x_wconf 72' lang='lat' dir='ltr'><strong>vuly.</strong></span> <span class='ocrx_word' id='word_1_177' title='bbox 2030 2668 2087 2720; x_wconf 90' lang='lat' dir='ltr'><strong>et</strong></span> <span class='ocrx_word' id='word_1_178' title='bbox 2116 2665 2265 2719; x_wconf 81' lang='lat' dir='ltr'><strong>Eud.</strong></span> <span class='ocrx_word' id='word_1_179' title='bbox 2307 2666 2457 2718; x_wconf 83' lang='lat' dir='ltr'><strong>certe</strong></span> 
     </span>
     <span class='ocr_line' id='line_1_24' title="bbox 165 2738 2458 2816; baseline -0.002 -16"><span class='ocrx_word' id='word_1_180' title='bbox 165 2748 446 2803; x_wconf 77' lang='lat' dir='ltr'>claudicat</span> <span class='ocrx_word' id='word_1_181' title='bbox 475 2748 565 2816; x_wconf 86' lang='lat' dir='ltr'><strong>(cf.</strong></span> <span class='ocrx_word' id='word_1_182' title='bbox 607 2749 802 2801; x_wconf 87' lang='lat' dir='ltr'><strong>contra</strong></span> <span class='ocrx_word' id='word_1_183' title='bbox 838 2763 889 2797; x_wconf 78' lang='lat' dir='ltr'><strong><em>v,</em></strong></span> <span class='ocrx_word' id='word_1_184' title='bbox 922 2743 1234 2808; x_wconf 77' lang='grc' dir='ltr'><strong><em>Πίνδαρος,</em></strong></span> <span class='ocrx_word' id='word_1_185' title='bbox 1272 2744 1608 2811; x_wconf 84' lang='grc' dir='ltr'><strong><em>Μίμνερμος</em></strong></span> <span class='ocrx_word' id='word_1_186' title='bbox 1648 2743 1743 2813; x_wconf 86' lang='lat' dir='ltr'><strong>al.)</strong></span> <span class='ocrx_word' id='word_1_187' title='bbox 1776 2740 2042 2815; x_wconf 82' lang='grc' dir='ltr'><strong><em>Ἀφιέρων</em></strong></span> <span class='ocrx_word' id='word_1_188' title='bbox 2081 2743 2212 2798; x_wconf 86' lang='lat' dir='ltr'><strong>libri</strong></span> <span class='ocrx_word' id='word_1_189' title='bbox 2248 2741 2316 2798; x_wconf 75' lang='grc' dir='ltr'><em>αϊ</em></span> <span class='ocrx_word' id='word_1_190' title='bbox 2347 2738 2458 2811; x_wconf 74' lang='grc' dir='ltr'><strong><em>ἀφ’</em></strong></span> 
     </span>
     <span class='ocr_line' id='line_1_25' title="bbox 164 2818 2456 2896; baseline -0.001 -16"><span class='ocrx_word' id='word_1_191' title='bbox 164 2824 326 2896; x_wconf 78' lang='grc' dir='ltr'><strong><em>ἴερῶν</em></strong></span> <span class='ocrx_word' id='word_1_192' title='bbox 355 2827 631 2882; x_wconf 80' lang='lat' dir='ltr'><strong><em>Kusterus</em></strong></span> <span class='ocrx_word' id='word_1_193' title='bbox 660 2830 718 2881; x_wconf 91' lang='lat' dir='ltr'><strong>et</strong></span> <span class='ocrx_word' id='word_1_194' title='bbox 746 2825 1036 2879; x_wconf 76' lang='lat' dir='ltr'><strong>Reinesius</strong></span> <span class='ocrx_word' id='word_1_195' title='bbox 1064 2818 1191 2875; x_wconf 77' lang='lat' dir='ltr'><strong>cell.</strong></span> <span class='ocrx_word' id='word_1_196' title='bbox 1213 2820 1417 2876; x_wconf 81' lang='lat' dir='ltr'><strong>Athen.</strong></span> <span class='ocrx_word' id='word_1_197' title='bbox 1449 2822 1499 2874; x_wconf 84' lang='lat' dir='ltr'>X</span> <span class='ocrx_word' id='word_1_198' title='bbox 1528 2841 1579 2891; x_wconf 91' lang='lat' dir='ltr'><strong><em>p.</em></strong></span> <span class='ocrx_word' id='word_1_199' title='bbox 1604 2830 1727 2891; x_wconf 82' lang='grc'><strong><em>446,</em></strong></span> <span class='ocrx_word' id='word_1_200' title='bbox 1756 2825 1970 2880; x_wconf 85' lang='lat' dir='ltr'><strong>Polluc.</strong></span> <span class='ocrx_word' id='word_1_201' title='bbox 1994 2825 2111 2892; x_wconf 90' lang='lat' dir='ltr'><strong>VII,</strong></span> <span class='ocrx_word' id='word_1_202' title='bbox 2144 2829 2209 2878; x_wconf 77' lang='lat'><strong><em>57</em></strong></span> <span class='ocrx_word' id='word_1_203' title='bbox 2241 2824 2312 2879; x_wconf 90' lang='lat' dir='ltr'><strong>al.</strong></span> <span class='ocrx_word' id='word_1_204' title='bbox 2338 2818 2456 2892; x_wconf 81' lang='grc' dir='ltr'><strong><em>Ἀφ’</em></strong></span> 
     </span>
     <span class='ocr_line' id='line_1_26' title="bbox 163 2898 2457 2979; baseline -0.001 -20"><span class='ocrx_word' id='word_1_205' title='bbox 163 2904 326 2974; x_wconf 80' lang='grc' dir='ltr'><strong><em>ἱερῶν</em></strong></span> <span class='ocrx_word' id='word_1_206' title='bbox 362 2908 697 2979; x_wconf 62' lang='lat' dir='ltr'><strong>Bernhardy</strong></span> <span class='ocrx_word' id='word_1_207' title='bbox 844 2912 873 2959; x_wconf 84' lang='grc'><strong><em>’1</em></strong></span> <span class='ocrx_word' id='word_1_208' title='bbox 913 2899 1191 2968; x_wconf 78' lang='grc' dir='ltr'><strong><em>Ξάντριαι</em></strong></span> <span class='ocrx_word' id='word_1_209' title='bbox 1235 2902 1365 2954; x_wconf 85' lang='lat' dir='ltr'><strong>sunt</strong></span> <span class='ocrx_word' id='word_1_210' title='bbox 1393 2900 1698 2970; x_wconf 79' lang='lat' dir='ltr'><strong>Hephaest.</strong></span> <span class='ocrx_word' id='word_1_211' title='bbox 1738 2923 1793 2973; x_wconf 90' lang='lat' dir='ltr'><strong><em>p.</em></strong></span> <span class='ocrx_word' id='word_1_212' title='bbox 1825 2911 1889 2957; x_wconf 85' lang='lat'><strong><em>91</em></strong></span> <span class='ocrx_word' id='word_1_213' title='bbox 1927 2906 2107 2971; x_wconf 81' lang='lat' dir='ltr'><strong>Gaisf.</strong></span> <span class='ocrx_word' id='word_1_214' title='bbox 2146 2903 2249 2957; x_wconf 74' lang='grc' dir='ltr'><strong><em>καὶ</em></strong></span> <span class='ocrx_word' id='word_1_215' title='bbox 2280 2921 2383 2973; x_wconf 87' lang='lat' dir='ltr'><strong><em>pro</em></strong></span> <span class='ocrx_word' id='word_1_216' title='bbox 2421 2898 2457 2973; x_wconf 86' lang='grc' dir='ltr'>ἢ</span> 
     </span>
     <span class='ocr_line' id='line_1_27' title="bbox 164 2979 2457 3053; baseline -0.001 -13"><span class='ocrx_word' id='word_1_217' title='bbox 164 2988 301 3041; x_wconf 84' lang='lat' dir='ltr'><strong>coni.</strong></span> <span class='ocrx_word' id='word_1_218' title='bbox 343 2988 710 3043; x_wconf 81' lang='lat' dir='ltr'><strong>Hemsterhus</strong></span> <span class='ocrx_word' id='word_1_219' title='bbox 749 2988 823 3043; x_wconf 87' lang='lat' dir='ltr'><strong><em>ad</em></strong></span> <span class='ocrx_word' id='word_1_220' title='bbox 862 2985 999 3040; x_wconf 88' lang='lat' dir='ltr'><strong>Poll.</strong></span> <span class='ocrx_word' id='word_1_221' title='bbox 1039 2982 1142 3050; x_wconf 88' lang='lat' dir='ltr'><strong><em>IX,</em></strong></span> <span class='ocrx_word' id='word_1_222' title='bbox 1183 2986 1283 3034; x_wconf 84' lang='lat'><strong><em>153</em></strong></span> <span class='ocrx_word' id='word_1_223' title='bbox 1323 2979 1644 3051; x_wconf 74' lang='grc' dir='ltr'><strong><em>Περιαλγής</em></strong></span> <span class='ocrx_word' id='word_1_224' title='bbox 1682 3000 1748 3037; x_wconf 88' lang='lat' dir='ltr'><strong>ex</strong></span> <span class='ocrx_word' id='word_1_225' title='bbox 1789 2985 1923 3040; x_wconf 83' lang='lat' dir='ltr'><strong>Par.</strong></span> <span class='ocrx_word' id='word_1_226' title='bbox 1955 2986 2256 3051; x_wconf 71' lang='lat' dir='ltr'><strong>Kasterus,</strong></span> <span class='ocrx_word' id='word_1_227' title='bbox 2303 3004 2457 3053; x_wconf 85' lang='grc' dir='ltr'><strong><em>περι-</em></strong></span> 
     </span>
     <span class='ocr_line' id='line_1_28' title="bbox 163 3054 2457 3157; baseline -0.001 -37"><span class='ocrx_word' id='word_1_228' title='bbox 163 3072 350 3136; x_wconf 82' lang='grc' dir='ltr'><strong><em>αλγεῖς</em></strong></span> <span class='ocrx_word' id='word_1_229' title='bbox 387 3071 448 3134; x_wconf 82' lang='lat' dir='ltr'><strong><em>V,</em></strong></span> <span class='ocrx_word' id='word_1_230' title='bbox 495 3071 791 3137; x_wconf 80' lang='grc' dir='ltr'><strong><em>περίαλγος</em></strong></span> <span class='ocrx_word' id='word_1_231' title='bbox 829 3066 924 3121; x_wconf 87' lang='lat' dir='ltr'><strong>rel.</strong></span> <span class='ocrx_word' id='word_1_232' title='bbox 992 3062 1252 3117; x_wconf 76' lang='lat' dir='ltr'><strong>Ceterum</strong></span> <span class='ocrx_word' id='word_1_233' title='bbox 1293 3054 1585 3131; x_wconf 82' lang='grc' dir='ltr'><strong><em>Ἆφιὲρων,</em></strong></span> <span class='ocrx_word' id='word_1_234' title='bbox 1632 3060 1865 3134; x_wconf 79' lang='grc' dir='ltr'><strong><em>γρύπες,</em></strong></span> <span class='ocrx_word' id='word_1_235' title='bbox 1906 3061 2045 3125; x_wconf 82' lang='grc' dir='ltr'><strong><em>Ζεὺς</em></strong></span> <span class='ocrx_word' id='word_1_236' title='bbox 2094 3061 2457 3157; x_wconf 79' lang='grc' dir='ltr'><strong><em>καλούμενος,</em></strong></span> 
     </span>
     <span class='ocr_line' id='line_1_29' title="bbox 163 3140 2460 3217; baseline -0.001 -17"><span class='ocrx_word' id='word_1_237' title='bbox 163 3144 534 3217; x_wconf 79' lang='grc' dir='ltr'><strong><em>μαμάκνθος,</em></strong></span> <span class='ocrx_word' id='word_1_238' title='bbox 581 3150 762 3214; x_wconf 81' lang='grc' dir='ltr'><strong><em>νίκαι,</em></strong></span> <span class='ocrx_word' id='word_1_239' title='bbox 815 3142 1042 3212; x_wconf 82' lang='grc' dir='ltr'><em>ξανται,</em></span> <span class='ocrx_word' id='word_1_240' title='bbox 1090 3144 1388 3211; x_wconf 82' lang='grc' dir='ltr'><strong><em>περίαλγος</em></strong></span> <span class='ocrx_word' id='word_1_241' title='bbox 1434 3140 1672 3211; x_wconf 81' lang='grc' dir='ltr'><strong><em>ποιητής</em></strong></span> <span class='ocrx_word' id='word_1_242' title='bbox 1714 3146 1866 3200; x_wconf 82' lang='lat' dir='ltr'><strong>Eud.</strong></span> <span class='ocrx_word' id='word_1_243' title='bbox 1921 3140 2063 3207; x_wconf 74' lang='grc' dir='ltr'><strong><em>Ζεὺς</em></strong></span> <span class='ocrx_word' id='word_1_244' title='bbox 2113 3140 2460 3213; x_wconf 81' lang='grc' dir='ltr'><strong><em>καλουμενος</em></strong></span> 
     </span>
     <span class='ocr_line' id='line_1_30' title="bbox 163 3218 2459 3294; baseline -0.001 -15"><span class='ocrx_word' id='word_1_245' title='bbox 163 3228 334 3279; x_wconf 89' lang='lat' dir='ltr'><strong>etiam</strong></span> <span class='ocrx_word' id='word_1_246' title='bbox 373 3230 436 3292; x_wconf 90' lang='lat' dir='ltr'><strong><em>V,</em></strong></span> <span class='ocrx_word' id='word_1_247' title='bbox 473 3226 572 3294; x_wconf 85' lang='lat' dir='ltr'><strong><em>qui</em></strong></span> <span class='ocrx_word' id='word_1_248' title='bbox 609 3246 714 3282; x_wconf 91' lang='lat' dir='ltr'><strong>om.</strong></span> <span class='ocrx_word' id='word_1_249' title='bbox 750 3224 831 3281; x_wconf 80' lang='grc' dir='ltr'><strong><em>Ἰώ</em></strong></span> <span class='ocrx_word' id='word_1_250' title='bbox 977 3232 1007 3280; x_wconf 90' lang='lat'>9</span> <span class='ocrx_word' id='word_1_251' title='bbox 1045 3221 1370 3292; x_wconf 82' lang='grc' dir='ltr'><em>χαρακτῆρα</em></span> <span class='ocrx_word' id='word_1_252' title='bbox 1410 3218 1564 3275; x_wconf 78' lang='grc' dir='ltr'><strong><em>πάνυ</em></strong></span> <span class='ocrx_word' id='word_1_253' title='bbox 1603 3224 1755 3279; x_wconf 74' lang='lat' dir='ltr'><strong>Eud.</strong></span> <span class='ocrx_word' id='word_1_254' title='bbox 1881 3223 1995 3279; x_wconf 79' lang='grc' dir='ltr'><strong><em>ἔστι</em></strong></span> <span class='ocrx_word' id='word_1_255' title='bbox 2033 3256 2100 3263; x_wconf 95' lang='grc'><strong>-</strong></span> <span class='ocrx_word' id='word_1_256' title='bbox 2140 3224 2269 3278; x_wconf 86' lang='lat' dir='ltr'><strong>exit.</strong></span> <span class='ocrx_word' id='word_1_257' title='bbox 2306 3226 2459 3279; x_wconf 83' lang='lat' dir='ltr'><strong>reete</strong></span> 
     </span>
     <span class='ocr_line' id='line_1_31' title="bbox 165 3301 2459 3375; baseline -0.001 -16"><span class='ocrx_word' id='word_1_258' title='bbox 165 3323 270 3359; x_wconf 91' lang='lat' dir='ltr'><strong>om.</strong></span> <span class='ocrx_word' id='word_1_259' title='bbox 303 3305 474 3371; x_wconf 62' lang='lat' dir='ltr'><strong><em>Eud„</em></strong></span> <span class='ocrx_word' id='word_1_260' title='bbox 514 3308 780 3375; x_wconf 84' lang='lat' dir='ltr'><strong>expunxit</strong></span> <span class='ocrx_word' id='word_1_261' title='bbox 810 3309 1113 3369; x_wconf 71' lang='lat' dir='ltr'><strong>Westerm,</strong></span> <span class='ocrx_word' id='word_1_262' title='bbox 1162 3318 1286 3355; x_wconf 82' lang='lat' dir='ltr'><strong><em>cum</em></strong></span> <span class='ocrx_word' id='word_1_263' title='bbox 1325 3301 1396 3353; x_wconf 86' lang='lat' dir='ltr'><strong><em>ab</em></strong></span> <span class='ocrx_word' id='word_1_264' title='bbox 1434 3302 1542 3356; x_wconf 84' lang='lat' dir='ltr'><strong><em>hoc</em></strong></span> <span class='ocrx_word' id='word_1_265' title='bbox 1589 3302 1715 3359; x_wconf 86' lang='lat' dir='ltr'>loco</span> <span class='ocrx_word' id='word_1_266' title='bbox 1753 3308 1903 3361; x_wconf 83' lang='lat' dir='ltr'><strong>certe</strong></span> <span class='ocrx_word' id='word_1_267' title='bbox 1943 3306 2129 3361; x_wconf 87' lang='lat' dir='ltr'><strong>aliena</strong></span> <span class='ocrx_word' id='word_1_268' title='bbox 2166 3307 2318 3370; x_wconf 75' lang='lat' dir='ltr'><strong>sunt;</strong></span> <span class='ocrx_word' id='word_1_269' title='bbox 2363 3320 2459 3357; x_wconf 91' lang='lat' dir='ltr'><strong>ne-</strong></span> 
     </span>
     <span class='ocr_line' id='line_1_32' title="bbox 165 3379 2461 3457; baseline 0 -18"><span class='ocrx_word' id='word_1_270' title='bbox 165 3403 271 3454; x_wconf 88' lang='lat' dir='ltr'><strong>que</strong></span> <span class='ocrx_word' id='word_1_271' title='bbox 321 3386 470 3438; x_wconf 89' lang='lat' dir='ltr'><strong>enim</strong></span> <span class='ocrx_word' id='word_1_272' title='bbox 516 3387 791 3441; x_wconf 81' lang='lat' dir='ltr'><strong>eiusmodi</strong></span> <span class='ocrx_word' id='word_1_273' title='bbox 838 3388 973 3457; x_wconf 90' lang='lat' dir='ltr'><strong>quid</strong></span> <span class='ocrx_word' id='word_1_274' title='bbox 1018 3382 1171 3455; x_wconf 85' lang='lat' dir='ltr'><strong>apud.</strong></span> <span class='ocrx_word' id='word_1_275' title='bbox 1216 3379 1571 3436; x_wconf 80' lang='lat' dir='ltr'><strong>Athenaeum</strong></span> <span class='ocrx_word' id='word_1_276' title='bbox 1617 3385 1848 3455; x_wconf 85' lang='lat' dir='ltr'><strong>legit-ur,</strong></span> <span class='ocrx_word' id='word_1_277' title='bbox 1896 3390 1954 3441; x_wconf 87' lang='lat' dir='ltr'><strong>et</strong></span> <span class='ocrx_word' id='word_1_278' title='bbox 1994 3381 2364 3453; x_wconf 85' lang='grc' dir='ltr'><strong><em>Ἀνδροφόνος</em></strong></span> <span class='ocrx_word' id='word_1_279' title='bbox 2404 3389 2461 3438; x_wconf 82' lang='lat' dir='ltr'><strong>et</strong></span> 
     </span>
     <span class='ocr_line' id='line_1_33' title="bbox 163 3462 2460 3537; baseline -0.001 -16"><span class='ocrx_word' id='word_1_280' title='bbox 163 3466 588 3530; x_wconf 79' lang='grc' dir='ltr'><strong><em>Συνεξαπατῶν</em></strong></span> <span class='ocrx_word' id='word_1_281' title='bbox 617 3468 848 3523; x_wconf 78' lang='lat' dir='ltr'><strong>Batonis</strong></span> <span class='ocrx_word' id='word_1_282' title='bbox 877 3484 994 3522; x_wconf 80' lang='lat' dir='ltr'><strong>esse</strong></span> <span class='ocrx_word' id='word_1_283' title='bbox 1023 3482 1135 3520; x_wconf 89' lang='lat' dir='ltr'><strong><em>non</em></strong></span> <span class='ocrx_word' id='word_1_284' title='bbox 1165 3462 1419 3516; x_wconf 76' lang='lat' dir='ltr'><strong>Platonis</strong></span> <span class='ocrx_word' id='word_1_285' title='bbox 1457 3463 1605 3517; x_wconf 84' lang='lat' dir='ltr'><strong>vidit</strong></span> <span class='ocrx_word' id='word_1_286' title='bbox 1634 3466 1883 3521; x_wconf 80' lang='lat' dir='ltr'><strong>Meineke</strong></span> <span class='ocrx_word' id='word_1_287' title='bbox 1920 3487 1975 3537; x_wconf 88' lang='lat' dir='ltr'><strong>p.</strong></span> <span class='ocrx_word' id='word_1_288' title='bbox 2009 3473 2126 3520; x_wconf 87' lang='grc'><strong>166.</strong></span> <span class='ocrx_word' id='word_1_289' title='bbox 2192 3465 2460 3518; x_wconf 87' lang='lat' dir='ltr'><strong>Eiusdem</strong></span> 
     </span>
     <span class='ocr_line' id='line_1_34' title="bbox 160 3541 2457 3615; baseline 0 -17"><span class='ocrx_word' id='word_1_290' title='bbox 160 3547 399 3600; x_wconf 82' lang='lat' dir='ltr'><strong>fortasse</strong></span> <span class='ocrx_word' id='word_1_291' title='bbox 437 3550 639 3615; x_wconf 84' lang='lat' dir='ltr'><strong>poetae</strong></span> <span class='ocrx_word' id='word_1_292' title='bbox 687 3550 746 3601; x_wconf 88' lang='lat' dir='ltr'><strong>et</strong></span> <span class='ocrx_word' id='word_1_293' title='bbox 782 3544 1214 3615; x_wconf 76' lang='grc' dir='ltr'><strong><em>Πανηγυρισταί</em></strong></span> <span class='ocrx_word' id='word_1_294' title='bbox 1252 3541 1448 3595; x_wconf 85' lang='lat' dir='ltr'><strong>fabula</strong></span> <span class='ocrx_word' id='word_1_295' title='bbox 1494 3547 1607 3610; x_wconf 85' lang='lat' dir='ltr'><strong>est,</strong></span> <span class='ocrx_word' id='word_1_296' title='bbox 1661 3560 1828 3612; x_wconf 89' lang='lat' dir='ltr'><strong>quam</strong></span> <span class='ocrx_word' id='word_1_297' title='bbox 1875 3546 2098 3600; x_wconf 78' lang='lat' dir='ltr'><strong>silentio</strong></span> <span class='ocrx_word' id='word_1_298' title='bbox 2136 3546 2457 3599; x_wconf 75' lang='lat' dir='ltr'><strong>Athenaeus</strong></span> 
     </span>
     <span class='ocr_line' id='line_1_35' title="bbox 159 3623 2458 3696; baseline -0.001 -15"><span class='ocrx_word' id='word_1_299' title='bbox 159 3627 554 3696; x_wconf 75' lang='lat' dir='ltr'><strong>praetermisit.</strong></span> <span class='ocrx_word' id='word_1_300' title='bbox 624 3628 855 3683; x_wconf 86' lang='lat' dir='ltr'><strong>Suidam</strong></span> <span class='ocrx_word' id='word_1_301' title='bbox 898 3628 991 3683; x_wconf 86' lang='lat' dir='ltr'><strong>vel</strong></span> <span class='ocrx_word' id='word_1_302' title='bbox 1037 3627 1306 3679; x_wconf 79' lang='lat' dir='ltr'><strong>lectorem</strong></span> <span class='ocrx_word' id='word_1_303' title='bbox 1356 3640 1423 3676; x_wconf 85' lang='lat' dir='ltr'><strong>ex</strong></span> <span class='ocrx_word' id='word_1_304' title='bbox 1471 3623 1747 3694; x_wconf 83' lang='lat' dir='ltr'><strong>corruptis</strong></span> <span class='ocrx_word' id='word_1_305' title='bbox 1791 3623 2069 3679; x_wconf 82' lang='lat' dir='ltr'><strong>Athenaei</strong></span> <span class='ocrx_word' id='word_1_306' title='bbox 2114 3624 2273 3678; x_wconf 81' lang='lat' dir='ltr'><strong>libris</strong></span> <span class='ocrx_word' id='word_1_307' title='bbox 2321 3625 2458 3679; x_wconf 84' lang='lat' dir='ltr'><strong>haee</strong></span> 
     </span>
    </p>
   </div>
   <div class='ocr_carea' id='block_1_5' title="bbox 163 3708 1008 3777">
    <p class='ocr_par' dir='ltr' id='par_1_8' title="bbox 163 3708 1008 3777">
     <span class='ocr_line' id='line_1_36' title="bbox 163 3708 1008 3777; baseline 0 -15"><span class='ocrx_word' id='word_1_308' title='bbox 163 3708 417 3763; x_wconf 80' lang='lat' dir='ltr'><strong>hausisse</strong></span> <span class='ocrx_word' id='word_1_309' title='bbox 456 3709 721 3777; x_wconf 80' lang='lat' dir='ltr'><strong>probavit</strong></span> <span class='ocrx_word' id='word_1_310' title='bbox 758 3710 1008 3764; x_wconf 74' lang='lat' dir='ltr'><strong>Meineke</strong></span> 
     </span>
    </p>
   </div>
   <div class='ocr_carea' id='block_1_6' title="bbox 167 3788 2457 4437">
    <p class='ocr_par' dir='ltr' id='par_1_9' title="bbox 167 3788 2457 4105">
     <span class='ocr_line' id='line_1_37' title="bbox 309 3788 2457 3866; baseline -0.001 -18"><span class='ocrx_word' id='word_1_311' title='bbox 309 3795 552 3852; x_wconf 86' lang='lat' dir='ltr'><strong>DCXLV</strong></span> <span class='ocrx_word' id='word_1_312' title='bbox 589 3798 740 3852; x_wconf 78' lang='lat' dir='ltr'><strong>Eud.</strong></span> <span class='ocrx_word' id='word_1_313' title='bbox 780 3815 835 3866; x_wconf 88' lang='lat' dir='ltr'><strong><em>p.</em></strong></span> <span class='ocrx_word' id='word_1_314' title='bbox 866 3803 968 3851; x_wconf 85' lang='lat'><strong><em>606</em></strong></span> <span class='ocrx_word' id='word_1_315' title='bbox 1117 3802 1182 3849; x_wconf 85' lang='lat'><strong><em>13</em></strong></span> <span class='ocrx_word' id='word_1_316' title='bbox 1219 3791 1539 3866; x_wconf 77' lang='grc' dir='ltr'><strong><em>Χαιρονεύς</em></strong></span> <span class='ocrx_word' id='word_1_317' title='bbox 1575 3800 1693 3850; x_wconf 79' lang='grc' dir='ltr'>ΔΙᾱ.</span> <span class='ocrx_word' id='word_1_318' title='bbox 1723 3795 1872 3849; x_wconf 79' lang='lat' dir='ltr'><strong>Eud.</strong></span> <span class='ocrx_word' id='word_1_319' title='bbox 1982 3788 2229 3861; x_wconf 74' lang='grc' dir='ltr'><strong><em>γεγονώς</em></strong></span> <span class='ocrx_word' id='word_1_320' title='bbox 2266 3794 2323 3847; x_wconf 86' lang='lat' dir='ltr'><strong>et</strong></span> <span class='ocrx_word' id='word_1_321' title='bbox 2358 3793 2457 3846; x_wconf 82' lang='grc' dir='ltr'><strong><em>τοῦ</em></strong></span> 
     </span>
     <span class='ocr_line' id='line_1_38' title="bbox 174 3869 2457 3947; baseline -0.003 -16"><span class='ocrx_word' id='word_1_322' title='bbox 174 3883 268 3947; x_wconf 91' lang='grc' dir='ltr'><strong><em>Τρ.</em></strong></span> <span class='ocrx_word' id='word_1_323' title='bbox 300 3909 364 3917; x_wconf 86' lang='grc'><strong>-</strong></span> <span class='ocrx_word' id='word_1_324' title='bbox 395 3873 613 3946; x_wconf 86' lang='grc' dir='ltr'><strong><em>χρόνων</em></strong></span> <span class='ocrx_word' id='word_1_325' title='bbox 652 3893 758 3931; x_wconf 90' lang='lat' dir='ltr'><strong>om.</strong></span> <span class='ocrx_word' id='word_1_326' title='bbox 789 3878 940 3931; x_wconf 76' lang='lat' dir='ltr'><strong>Eud.</strong></span> <span class='ocrx_word' id='word_1_327' title='bbox 1099 3881 1166 3928; x_wconf 83' lang='lat'><strong><em>14</em></strong></span> <span class='ocrx_word' id='word_1_328' title='bbox 1203 3872 1402 3945; x_wconf 85' lang='grc' dir='ltr'><strong><em>μικρόν</em></strong></span> <span class='ocrx_word' id='word_1_329' title='bbox 1440 3896 1494 3929; x_wconf 89' lang='grc' dir='ltr'><strong><em>τι</em></strong></span> <span class='ocrx_word' id='word_1_330' title='bbox 1531 3872 1671 3943; x_wconf 83' lang='grc' dir='ltr'><strong><em>πρός</em></strong></span> <span class='ocrx_word' id='word_1_331' title='bbox 1706 3876 1858 3927; x_wconf 74' lang='lat' dir='ltr'><strong>Eud.</strong></span> <span class='ocrx_word' id='word_1_332' title='bbox 1899 3869 2249 3938; x_wconf 77' lang='grc' dir='ltr'><strong><em>ἐπίπροσθεν</em></strong></span> <span class='ocrx_word' id='word_1_333' title='bbox 2286 3878 2457 3937; x_wconf 79' lang='lat' dir='ltr'><strong>AVE,</strong></span> 
     </span>
     <span class='ocr_line' id='line_1_39' title="bbox 169 3944 2454 4027; baseline -0.003 -16"><span class='ocrx_word' id='word_1_334' title='bbox 169 3958 318 4025; x_wconf 85' lang='lat' dir='ltr'>quod</span> <span class='ocrx_word' id='word_1_335' title='bbox 353 3956 614 4012; x_wconf 82' lang='lat' dir='ltr'><strong>revocavi</strong></span> <span class='ocrx_word' id='word_1_336' title='bbox 662 3955 744 4011; x_wconf 80' lang='grc' dir='ltr'><strong><em>ἔτι</em></strong></span> <span class='ocrx_word' id='word_1_337' title='bbox 788 3952 1043 4027; x_wconf 79' lang='grc' dir='ltr'><strong><em>πρόσθεν</em></strong></span> <span class='ocrx_word' id='word_1_338' title='bbox 1087 3957 1231 4025; x_wconf 76' lang='lat' dir='ltr'><strong>vuly.</strong></span> <span class='ocrx_word' id='word_1_339' title='bbox 1426 3963 1491 4010; x_wconf 84' lang='lat'><strong><em>15</em></strong></span> <span class='ocrx_word' id='word_1_340' title='bbox 1540 3954 1603 4009; x_wconf 82' lang='grc' dir='ltr'><strong><em>δὲ</em></strong></span> <span class='ocrx_word' id='word_1_341' title='bbox 1653 3972 1759 4009; x_wconf 87' lang='lat' dir='ltr'><strong>om.</strong></span> <span class='ocrx_word' id='word_1_342' title='bbox 1798 3954 1951 4008; x_wconf 82' lang='lat' dir='ltr'><strong>Eud.</strong></span> <span class='ocrx_word' id='word_1_343' title='bbox 2000 3952 2212 4007; x_wconf 78' lang='lat' dir='ltr'><strong>addens</strong></span> <span class='ocrx_word' id='word_1_344' title='bbox 2260 3944 2339 4005; x_wconf 82' lang='grc' dir='ltr'><strong><em>ὦν</em></strong></span> <span class='ocrx_word' id='word_1_345' title='bbox 2384 3949 2454 4005; x_wconf 77' lang='grc' dir='ltr'><strong><em>τὰ</em></strong></span> 
     </span>
     <span class='ocr_line' id='line_1_40' title="bbox 167 4031 837 4105; baseline -0.001 -15"><span class='ocrx_word' id='word_1_346' title='bbox 167 4037 335 4092; x_wconf 83' lang='grc' dir='ltr'><strong><em>πλείω</em></strong></span> <span class='ocrx_word' id='word_1_347' title='bbox 374 4031 476 4105; x_wconf 79' lang='grc' dir='ltr'><strong><em>οὐχ</em></strong></span> <span class='ocrx_word' id='word_1_348' title='bbox 516 4032 837 4104; x_wconf 82' lang='grc' dir='ltr'><strong><em>εὑρίσκεται</em></strong></span> 
     </span>
    </p>

    <p class='ocr_par' dir='ltr' id='par_1_10' title="bbox 171 4120 2454 4437">
     <span class='ocr_line' id='line_1_41' title="bbox 312 4120 2454 4196; baseline -0.001 -19"><span class='ocrx_word' id='word_1_349' title='bbox 312 4123 582 4178; x_wconf 89' lang='lat' dir='ltr'><strong>DCXLVI</strong></span> <span class='ocrx_word' id='word_1_350' title='bbox 617 4124 770 4178; x_wconf 76' lang='lat' dir='ltr'><strong>Eud.</strong></span> <span class='ocrx_word' id='word_1_351' title='bbox 805 4125 910 4181; x_wconf 82' lang='lat' dir='ltr'><strong><em>Le.</em></strong></span> <span class='ocrx_word' id='word_1_352' title='bbox 952 4125 1032 4180; x_wconf 84' lang='lat' dir='ltr'><strong>Cf.</strong></span> <span class='ocrx_word' id='word_1_353' title='bbox 1061 4145 1110 4181; x_wconf 84' lang='lat' dir='ltr'><strong>v.</strong></span> <span class='ocrx_word' id='word_1_354' title='bbox 1136 4120 1420 4187; x_wconf 81' lang='grc' dir='ltr'><strong><em>Νικόλαος</em></strong></span> <span class='ocrx_word' id='word_1_355' title='bbox 1449 4123 1632 4196; x_wconf 86' lang='grc' dir='ltr'><strong><em>ρήτωρ</em></strong></span> <span class='ocrx_word' id='word_1_356' title='bbox 1662 4126 1722 4180; x_wconf 88' lang='lat' dir='ltr'><strong>et</strong></span> <span class='ocrx_word' id='word_1_357' title='bbox 1749 4122 1948 4177; x_wconf 88' lang='lat' dir='ltr'><strong>Marini</strong></span> <span class='ocrx_word' id='word_1_358' title='bbox 1977 4122 2075 4177; x_wconf 83' lang='lat' dir='ltr'><strong>vit.</strong></span> <span class='ocrx_word' id='word_1_359' title='bbox 2096 4120 2280 4175; x_wconf 87' lang='lat' dir='ltr'><strong>Procli</strong></span> <span class='ocrx_word' id='word_1_360' title='bbox 2300 4139 2344 4176; x_wconf 84' lang='lat' dir='ltr'><strong><em>e.</em></strong></span> <span class='ocrx_word' id='word_1_361' title='bbox 2373 4128 2454 4175; x_wconf 85' lang='lat'><strong>12.</strong></span> 
     </span>
     <span class='ocr_line' id='line_1_42' title="bbox 172 4201 2453 4275; baseline 0 -14"><span class='ocrx_word' id='word_1_362' title='bbox 172 4205 443 4271; x_wconf 82' lang='lat' dir='ltr'><strong>Tertium,</strong></span> <span class='ocrx_word' id='word_1_363' title='bbox 497 4201 700 4259; x_wconf 78' lang='grc' dir='ltr'><strong><em>Πλούτ.</em></strong></span> <span class='ocrx_word' id='word_1_364' title='bbox 740 4201 840 4259; x_wconf 85' lang='grc' dir='ltr'><strong><em>τὸν</em></strong></span> <span class='ocrx_word' id='word_1_365' title='bbox 878 4202 1181 4275; x_wconf 76' lang='grc' dir='ltr'><strong><em>νεώτερον,</em></strong></span> <span class='ocrx_word' id='word_1_366' title='bbox 1235 4206 1398 4263; x_wconf 83' lang='lat' dir='ltr'><strong>affert</strong></span> <span class='ocrx_word' id='word_1_367' title='bbox 1437 4208 1647 4262; x_wconf 77' lang='lat' dir='ltr'><strong>Tzetzes</strong></span> <span class='ocrx_word' id='word_1_368' title='bbox 1695 4204 1837 4259; x_wconf 88' lang='lat' dir='ltr'><strong>Chil.</strong></span> <span class='ocrx_word' id='word_1_369' title='bbox 1885 4205 1934 4270; x_wconf 89' lang='grc' dir='ltr'><strong><em>Ι,</em></strong></span> <span class='ocrx_word' id='word_1_370' title='bbox 1974 4208 2103 4270; x_wconf 84' lang='grc'><strong><em>343,</em></strong></span> <span class='ocrx_word' id='word_1_371' title='bbox 2152 4203 2333 4271; x_wconf 87' lang='lat' dir='ltr'><strong>quode</strong></span> <span class='ocrx_word' id='word_1_372' title='bbox 2384 4203 2453 4261; x_wconf 79' lang='lat' dir='ltr'><strong><em>ef.</em></strong></span> 
     </span>
     <span class='ocr_line' id='line_1_43' title="bbox 171 4276 2312 4356; baseline -0.002 -17"><span class='ocrx_word' id='word_1_373' title='bbox 171 4286 348 4352; x_wconf 80' lang='lat' dir='ltr'><strong>Diels,</strong></span> <span class='ocrx_word' id='word_1_374' title='bbox 387 4283 628 4353; x_wconf 83' lang='lat' dir='ltr'><strong>Doxogr.</strong></span> <span class='ocrx_word' id='word_1_375' title='bbox 667 4304 718 4354; x_wconf 91' lang='lat' dir='ltr'><strong><em>p.</em></strong></span> <span class='ocrx_word' id='word_1_376' title='bbox 751 4291 820 4339; x_wconf 83' lang='grc'><strong><em>65</em></strong></span> <span class='ocrx_word' id='word_1_377' title='bbox 856 4287 971 4341; x_wconf 80' lang='lat' dir='ltr'><strong>not.</strong></span> <span class='ocrx_word' id='word_1_378' title='bbox 1008 4294 1030 4337; x_wconf 93' lang='lat'>1</span> <span class='ocrx_word' id='word_1_379' title='bbox 1206 4291 1272 4340; x_wconf 87' lang='grc'><strong><em>19</em></strong></span> <span class='ocrx_word' id='word_1_380' title='bbox 1314 4282 1460 4356; x_wconf 75' lang='grc' dir='ltr'><strong><em>ἐξηγ.</em></strong></span> <span class='ocrx_word' id='word_1_381' title='bbox 1500 4305 1687 4355; x_wconf 76' lang='grc' dir='ltr'><strong><em>γενομ.</em></strong></span> <span class='ocrx_word' id='word_1_382' title='bbox 1727 4288 1828 4335; x_wconf 95' lang='lat' dir='ltr'><strong><em>AV</em></strong></span> <span class='ocrx_word' id='word_1_383' title='bbox 1869 4301 2058 4352; x_wconf 77' lang='grc' dir='ltr'><strong><em>γενομ.</em></strong></span> <span class='ocrx_word' id='word_1_384' title='bbox 2100 4276 2175 4346; x_wconf 80' lang='grc' dir='ltr'><strong><em>ἐξ.</em></strong></span> <span class='ocrx_word' id='word_1_385' title='bbox 2215 4282 2312 4335; x_wconf 89' lang='lat' dir='ltr'><strong>rel.</strong></span> 
     </span>
     <span class='ocr_line' id='line_1_44' title="bbox 173 4365 1126 4437; baseline 0.001 -19"><span class='ocrx_word' id='word_1_386' title='bbox 173 4365 498 4435; x_wconf 79' lang='grc' dir='ltr'><strong><em>καθηγητοῦ</em></strong></span> <span class='ocrx_word' id='word_1_387' title='bbox 537 4365 759 4437; x_wconf 73' lang='lat' dir='ltr'><strong><em>flagitat</em></strong></span> <span class='ocrx_word' id='word_1_388' title='bbox 793 4367 1126 4436; x_wconf 76' lang='lat' dir='ltr'><strong>Bernhardy</strong></span> 
     </span>
    </p>
   </div>
  </div>
 </body>
</html>
