3025 4892
571 217 659 282 30
1495 215 1926 272 HESYCHIUS.

567 399 742 464 σιος,
809 376 1148 462 ἐποποιός,
1209 374 1513 464 μαθητὴς
1559 374 1881 465 Ὁμήρου,
1938 374 2029 457 ὦς
2083 379 2258 464 λέγει
2315 376 2352 447 6
2412 380 2856 466 Κλαζομένιος

561 483 888 573 Ἀρτέμων
947 487 1020 552 ἐν
1075 489 1166 577 τῷ
1222 473 1373 572 περὶ
1410 481 1732 574 Ομήρου,
1789 483 2085 572 γεγονώς
2136 484 2303 554 κατὰ
2356 485 2485 573 τὴν
2528 488 2608 552 θ’
2662 485 2855 571 ὀλυμ-

566 592 799 680 πιάδα,
845 591 1004 680 μετὰ
1049 591 1436 681 τετρακόσια
1483 597 1594 678 ἔτη
1640 596 1779 661 τῶν
1835 595 2170 679 Τρωικων.
2604 633 2609 638 ·

747 700 911 768 CIX.
976 697 1565 788 Ἁρποκρατίων
1598 697 1919 788 Ἀργεῖος,
1981 697 2413 778 Πλατωνικὸς
2468 697 2857 786 φιλόσοφος,

515 831 541 868 ⁵
569 805 944 894 συμβιωτὴς
998 812 1360 895 Καίσαρος.
1461 804 1751 895 ἔγραψεν
1817 806 2178 894 ὑπόμνημα
2247 807 2344 886 εἰς
2398 805 2734 874 Πλάτωνα
2790 807 2857 872 ἐν

562 918 852 1000 βιβλίοις
896 912 1026 1000 κδ’,
1074 915 1279 994 λέξεις
1325 912 1695 992 Πλάτωνος
1741 915 1816 981 έν
1860 919 2148 1000 βιβλίοις
2194 912 2284 1000 β’.

745 1022 878 1089 CX.
942 1015 1016 1087 ‘A
1039 1047 1080 1107 ρ
1097 1045 1146 1088 π
1167 1049 1202 1088 0
1223 1045 1262 1088 κ
1282 1048 1320 1109 ρ
1343 1044 1383 1088 α
1403 1047 1439 1088 τ
1463 1025 1493 1086 ί
1507 1046 1560 1088 ω
1584 1047 1627 1086 ν
1682 1017 1717 1087 6
1766 1019 1973 1099 Γάϊος
2032 1023 2465 1108 χρηματίσας,
2523 1017 2856 1105 σοφιστής.
2942 1069 2976 1100 ,-

567 1133 813 1238 ἔγραψε
859 1127 1009 1216 περὶ
1053 1131 1190 1195 τῶν
1231 1124 1681 1213 Ἀντιφῶντος
1726 1125 2104 1212 σχημάτων,
2150 1126 2299 1214 περὶ
2344 1129 2483 1194 τῶν
2510 1123 2857 1214 ’Ῥπερίδου

565 1231 708 1303 καὶ
725 1240 988 1304 Λυσίου
1033 1228 1259 1320 λόγων
1301 1233 1414 1301 καὶ
1463 1234 1669 1320 ἕτερα.

493 1363 542 1400 10
749 1343 913 1408 CXI.
976 1337 1567 1428 Ἁρποκρατίων
1632 1335 1669 1406 6
1731 1345 1964 1418 Αἴλιος
2026 1339 2462 1426 χρηματίσας,
2527 1338 2856 1427 σοφιστης.

531 1451 816 1540 ἔγραψε
871 1448 1021 1534 περὶ
1081 1475 1218 1516 των
1279 1445 1671 1514 δοκούντων
1728 1459 1865 1524 τοῖς
1910 1445 2232 1535 ῥήτορσιν
2280 1443 2692 1534 ἠγνοῆσθαι,
2744 1473 2851 1534 ίκαι
2950 1479 2961 1488 ·

566 1550 924 1633 ὑποθέσεις
975 1580 1112 1622 των
1167 1553 1390 1640 λόγων
1427 1550 1817 1638 Ὑπερίδου,
1872 1554 2023 1640 περὶ
2067 1557 2190 1622 τοῦ
2236 1559 2688 1637 κατεψεῦσθαι
2734 1553 2853 1640 τὴν

555 1657 927 1749 Ἡροδότου
973 1663 1301 1749 ἱστορίαν,
1350 1660 1501 1748 περὶ
1547 1663 1684 1727 τῶν
1730 1683 1907 1746 παρα
1950 1661 2341 1747 Ξενοφῶντι
2391 1661 2662 1748 τάξεων,
2706 1661 2853 1747 περὶ

565 1768 801 1854 τέχνης
851 1767 1238 1855 ῥητορικῆς,
1285 1767 1435 1855 περὶ
1484 1770 1707 1834 ἰδεων.

489 1895 541 1935 15
747 1874 946 1942 CXII.
1019 1870 1615 1962 Ἁρποκρατίων
1670 1869 1706 1940 6
1763 1875 2084 1962 Βαλέριος
2139 1880 2579 1961 χρηματίσας,
2642 1874 2853 1963 ῥήτωρ

561 1975 1046 2068 Ἀλεξανδρεύς.
1137 1981 1342 2060 λέξεις
1387 1983 1524 2047 τῶν
1571 1979 1623 2046 ι’
1671 1980 2009 2110 ρητόρων,
2070 1978 2399 2069 ἀνθηρων
2446 1981 2855 2069 συναγωγήν.

747 2080 977 2154 CXIII.
1018 2084 1432 2174 Ἀρριανὸς
1469 2086 1803 2172 ἐποποιός,
1846 2085 2266 2176 μετάφρασιν
2301 2115 2437 2156 των
2474 2115 2850 2178 γεωργικων

565 2196 718 2261 τοῦ
735 2198 1133 2322 Βεργιλλίου
1188 2196 1425 2273 ε’πικως
1479 2191 1791 2280 ποιήσας,
1844 2190 2361 2284 Ἀλεξανδριάδα
2416 2198 2584 2285 (ἔστι
2645 2196 2717 2263 δὲ
2777 2192 2851 2262 τὰ

564 2301 738 2368 κατὰ
792 2299 913 2369 τὸν
977 2299 1346 2369 Μακεδόνα
1411 2293 1487 2367 ἐν
1553 2301 1928 2390 ραψωδίαις
1983 2300 2189 2389 κδ’),
2218 2307 2315 2382 εἰς
2353 2299 2677 2372 ’Ἄτταλον
2732 2302 2849 2370 τὸν

489 2431 543 2470 2⁰
571 2403 1024 2498 Περγαμηνὸν
1071 2432 1423 2495 ποιηματα.

742 2517 968 2584 CXIV.
1038 2512 1454 2604 Ἀρριανὸς
1497 2513 1950 2601 Νικομηδεύς,
1996 2513 2374 2603 φιλόσοφος
2404 2514 2851 2605 Ἐπικτήτειος,

567 2619 604 2690 6
663 2623 1043 2709 ἐπικληθεὶς
1091 2624 1243 2702 νέος
1287 2624 1631 2708 Ξενοφῶν.
1722 2612 1811 2708 ἦν
1860 2621 1935 2690 δὲ
1982 2623 2057 2690 ἐν
2089 2620 2308 2712 Ρωμῃ
2355 2624 2461 2692 ἐπὶ
2505 2622 2848 2713 Ἀδριανοῦ

710 2841 741 2888 2
780 2836 850 2890 de
887 2837 1191 2892 Artemone
1218 2855 1270 2890 v.
1304 2837 1517 2892 Miiller
1543 2834 1621 2889 IV
1649 2853 1702 2905 p.
1734 2841 1835 2890 341
1946 2857 1984 2890 α
1993 2832 2241 2906 ὀλυμπ.
2272 2836 2631 2909 Senyebusch,
2660 2837 2852 2893 Annal.

566 2914 711 2968 Phil.
752 2922 818 2970 67
857 2934 910 2986 p.
940 2924 1071 2985 379,
1118 2916 1269 2971 idem
1314 2917 1463 2972 infra
1506 2912 1649 2986 μετὰ
1688 2912 1782 2986 υη’
1827 2913 1923 2986 ἔτη
1969 2918 2287 2988 proposuit,
2332 2917 2474 2988 μετὰ
2522 2915 2621 2990 υμ’
2661 2919 2854 2974 maluit

567 2994 781 3063 Rohde,
819 2997 958 3052 Mus.
991 2999 1163 3052 Rhen.
1195 2996 1432 3051 XXXIII
1459 3015 1514 3066 p.
1548 3002 1677 3064 173,
1716 2997 1776 3050 ὕι
1815 2999 1873 3052 et
1909 3012 2121 3066 supras.
2160 3002 2190 3052 λ
2219 3003 2282 3067 V,
2318 3018 2379 3052 υι
2414 3005 2459 3050 E

710 3085 1073 3141 CIX—CXII
1136 3087 1364 3142 Brevius
1419 3085 1689 3150 alterum,
1745 3086 1999 3154 tertium,
2052 3088 2314 3155 quartum
2364 3088 2538 3158 Harp.
2594 3087 2851 3143 tractavit

567 3164 720 3222 Eud.
749 3183 802 3234 p.
837 3171 935 3219 112
967 3181 1100 3236 seq„
1136 3165 1313 3222 fusius
1341 3166 1586 3235 primum
1614 3182 1669 3234 p.
1703 3171 1823 3234 125,
1848 3166 1961 3225 ‚sed
1989 3165 2211 3222 inverso
2239 3167 2451 3237 ordine,
2480 3185 2611 3223 oum
2638 3168 2851 3224 Aelium

569 3247 836 3313 sequatur
873 3245 1068 3315 Gainn,
1106 3247 1255 3302 hunc
1291 3246 1566 3302 Valerius,
1640 3246 1865 3301 Aelium
1902 3247 2139 3302 eundem
2176 3265 2299 3303 esse
2335 3266 2463 3303 eum
2502 3248 2647 3305 Gaio
2684 3247 2853 3317 suspi-

569 3329 728 3381 catus
767 3327 853 3380 est
887 3330 1019 3395 post
1054 3327 1352 3396 Kiesslinq.
1391 3327 1523 3396 Lyo.
1563 3327 1629 3381 fr.
1668 3345 1723 3397 p.
1754 3333 1823 3382 20
1862 3327 2036 3382 etiam
2077 3329 2289 3384 Mamer
2324 3328 2402 3384 IV
2439 3347 2491 3398 p.
2522 3335 2649 3384 412.
2704 3329 2853 3382 Cete-

567 3424 692 3461 rum
732 3405 800 3462 of.
838 3405 1087 3476 Boysen,
1132 3407 1200 3461 de
1237 3407 1567 3478 Harpocrat.
1605 3406 1744 3464 font.
1783 3425 1838 3476 p.
1873 3415 1937 3463 10
1968 3425 2047 3476 sq.
2218 3415 2251 3462 5
2290 3403 2679 3479 ὑπομνήματα
2716 3407 2853 3462 Eud.

568 3483 878 3557 ὑπόμνημα
913 3490 1043 3557 post
1079 3484 1252 3544 Πλάτ.
1292 3486 1524 3544 iteravit
1558 3493 1604 3541 Δ

714 3566 809 3622 CX
866 3576 893 3623 1
935 3566 1149 3638 ἔγραψε
1192 3586 1303 3624 om.
1339 3575 1382 3621 Ε

715 3647 835 3704 CXI
896 3655 957 3703 11
998 3655 1115 3712 τοῖς
1151 3666 1258 3705 om.
1298 3654 1344 3702 Δ

711 3727 858 3783 CXII
919 3735 984 3784 16
1023 3726 1322 3799 συναγωγή
1361 3735 1405 3782 V
2846 3787 2871 3800 ἱ

535 3837 572 3868 0
711 3809 886 3866 CXIII
923 3810 1075 3866 Eud.
1114 3828 1168 3879 p.
1204 3817 1321 3864 115.
1378 3809 1531 3864 Duos
1567 3809 1865 3878 scriptores
1906 3806 2135 3862 Suidam
2174 3807 2232 3878 (i.
2262 3825 2309 3864 e.
2340 3806 2706 3878 Hesychium)
2736 3826 2855 3864 oon-

566 3890 800 3956 fudieee,
840 3908 966 3945 oum
1004 3890 1154 3945 idem
1193 3907 1304 3946 non
1332 3889 1736 3960 Georgicorum
1762 3887 2147 3959 metaphrasin
2182 3890 2241 3943 et
2272 3888 2655 3944 laudationem
2686 3889 2854 3944 Attali

567 3987 898 4040 componere
937 3971 1208 4039 potuerIt‚
1247 3974 1439 4027 censet
1469 3970 1747 4035 Meineke,
1783 3969 1945 4024 Anal.
1976 3987 2030 4038 p.
2064 3975 2187 4024 371.
2262 3967 2341 4022 Cf.
2372 3969 2561 4037 Daub‚
2600 3970 2671 4024 de
2710 3970 2853 4023 Suid.

566 4071 620 4120 p.
649 4056 753 4106 416
821 4057 828 4064 '
903 4057 966 4106 17
1006 4049 1324 4122 μετέφρασε
1364 4048 1433 4106 τὰ
1476 4055 1536 4104 Β.
1576 4069 1658 4119 γε.
1698 4045 1906 4111 ἔπικῶς
1953 4047 2053 4104 καὶ
2096 4043 2237 4104 ἄλλα
2276 4045 2452 4104 πολλὰ
2491 4046 2574 4111 εἰς
2606 4045 2854 4103 ’Ἄτταλον

565 4150 611 4184 τ.
642 4134 814 4199 Περγ.
841 4130 992 4185 Eud.
1097 4137 1162 4184 18
1191 4127 1433 4199 ποιήσας
1461 4147 1612 4199 susp.
1717 4135 1780 4182 19
1811 4126 2079 4202 ᾇαψωδίᾳ
2102 4131 2248 4199 vuly.
2281 4131 2360 4200 (et
2384 4129 2622 4185 fortasse
2642 4132 2710 4200 A)
2738 4131 2857 4197 post

565 4207 834 4284 ῥἀψωδίᾳ
872 4211 1078 4264 lacuna
1115 4213 1271 4266 extat
1307 4211 1366 4264 in
1393 4217 1448 4264 H
1475 4215 1594 4264 Ala.
1635 4206 1955 4278 ῤἀψωδίαις
1981 4213 2027 4260 V
2134 4214 2206 4264 20
2243 4205 2531 4279 ποιήματα
2569 4226 2678 4264 om.
2710 4210 2854 4263 Emi.

711 4288 885 4342 CXIV
921 4289 1072 4344 Eud.
1112 4307 1166 4359 p.
1200 4296 1320 4359 120,
1357 4308 1501 4358 quae
1533 4307 1639 4345 om.
1670 4291 1781 4343 τῶν
1811 4288 2087 4361 βασιλέων
2108 4321 2173 4330 —-
2196 4287 2510 4358 δεξιότητα.
2552 4290 2633 4346 Cf.
2668 4291 2855 4360 Steph.

569 4367 694 4431 Byz.
737 4386 788 4420 v.
829 4365 1190 4436 Νικομήδεια
