3025 4892
339 607 460 686 §6

338 1142 455 1221 §7

503 225 681 282 LVIII
1364 223 1931 281 PROLEGOMENA.

507 391 674 456 maei
719 388 1226 475 Hephaestionis
1271 388 1566 454 historiis
1613 387 2057 473 compilatam,
2112 385 2445 470 Διογένης
2477 381 2667 452 Ἱκεσ.
2716 409 2801 452 ex

505 496 698 583 Diog.
733 495 947 560 Laert.
984 493 1109 578 VI,
1149 495 1232 558 74
1267 516 1415 579 seq„
1467 494 1725 576 Φρῦνις
1770 515 1847 558 ex
1894 494 2092 559 schol.
2134 494 2242 560 Ar.
2278 491 2449 559 Nub.
2484 494 2634 564 967.

683 599 920 668 Moneo
987 601 1214 685 etiam,
1279 600 1341 665 id
1402 599 1575 685 quod
1632 622 1855 666 omnes
1910 600 2112 685 fugit,
2176 601 2347 665 vitas
2411 600 2803 685 pictorum

499 703 834 792 Ἀπελλῆς,
899 705 1283 793 Πάμφιλος,
1341 705 1785 791 Πρωτογένης
1830 729 1907 772 ex
1962 707 2131 772 libro
2182 704 2333 792 περὶ
2389 699 2803 793 ὁμωνύμων,

503 816 782 882 fortasse
829 813 1414 901 Argesphontis
1462 813 1566 878 vel
1616 813 1781 898 eiua,
1829 813 1939 898 qui
1985 812 2109 878 hoc
2154 814 2415 878 nomine
2462 813 2807 900 gloriatur,

503 920 833 1006 Hesychio
882 920 1326 1005 suppeditatas
1375 939 1533 984 esse.
1607 917 1875 983 Maassii
1912 917 2159 1005 (Biogr.
2198 945 2258 1005 p.
2290 921 2376 986 24
2413 918 2571 1006 seq.)
2621 920 2801 986 enim

502 1049 711 1113 nugas
758 1027 1119 1092 illustravit
1166 1024 1424 1110 Rohde,
1472 1023 1800 1091 Oentralb.
1852 1026 2023 1092 1880
2070 1024 2176 1112 Sp.
2228 1027 2418 1094 1743.

682 1132 1109 1218 Praecipuum
1166 1131 1478 1217 Hesychii
1541 1133 1796 1198 fontem
1850 1134 1920 1197 in
1978 1133 2329 1198 tractandis
2395 1137 2803 1219 poetarum

506 1241 686 1325 vitis,
749 1262 981 1325 nempe
1036 1240 1413 1325 lyricorum,
1476 1240 1904 1326 tragicorum,
1968 1241 2385 1326 comicorum,
2450 1242 2805 1328 epicorum,

505 1347 706 1412 fuisse
755 1346 1125 1432 Dionysii
1167 1345 1899 1412 Halicarnassensis
1949 1348 2290 1413 historiam
2326 1348 2656 1433 musicam,
2694 1350 2801 1416 vel

506 1455 724 1538 potius
763 1454 899 1519 eius
940 1454 1293 1539 epitomen,
1339 1475 1610 1537 eamque
1656 1454 1953 1540 intellegi
1998 1477 2056 1521 v.
2087 1450 2361 1539 Ὀρφεύς
2373 1454 2454 1541 ¹),
2498 1449 2804 1539 Ἀντιφά-

508 1583 650 1644 νης,
691 1561 1038 1645 Παμφίλη,
1071 1561 1468 1645 Σωτηρίδας
1505 1558 1649 1642 (ubi
1686 1563 1906 1625 tamen
1937 1559 2221 1626 Suidana
2259 1566 2438 1628 extat
2475 1562 2630 1647 vita,
2665 1585 2805 1628 non

507 1664 984 1753 Hesychiana),
1021 1667 1267 1751 primus
1305 1665 1469 1730 vidit
1507 1663 1861 1732 Schneider
1896 1666 1936 1731 l.
1975 1688 2026 1732 c.
2064 1690 2122 1752 p.
2156 1668 2241 1732 29
2272 1689 2401 1752 seq.
2442 1667 2805 1734 evidenter-

507 1795 629 1858 que
667 1773 1163 1856 demonstravit,
1209 1779 1344 1838 nc·
1362 1772 1579 1837 minus
1619 1771 1909 1838 ordinem
1956 1774 2443 1864 alphabeticum
2488 1775 2557 1840 in
2601 1776 2803 1841 confi-

510 1878 738 1944 cienda
775 1880 1092 1945 librorum
1127 1879 1355 1944 tabula
1393 1879 1809 1944 observatum
1839 1880 2257 1965 sagacissime
2296 1882 2682 1966 observavit,
2720 1882 2803 1946 de

509 2008 634 2070 quo
672 1987 866 2080 paulo
905 1989 1057 2051 ante
1095 1985 1293 2050 etiam
1322 1983 1723 2065 Volkmann,
1768 1986 1845 2050 de
1884 1984 2057 2053 Suid.
2096 1987 2301 2073 biogr.
2339 2012 2402 2074 p.
2431 1989 2517 2053 29
2557 1986 2802 2076 (Bonn.

515 2093 712 2178 1861)
761 2096 1118 2159 monuerat.
1191 2091 1378 2169 Quod
1414 2090 1718 2177 Dionysii
1754 2113 1917 2177 opus
1962 2093 2437 2178 amplissimum
2485 2117 2524 2161 a
2560 2095 2727 2161 Rufo
2746 2093 2807 2182 ²)

512 2199 793 2284 quodam
839 2199 908 2264 in
953 2200 1213 2265 brevius
1256 2204 1551 2270 coactum
1590 2198 1818 2283 fuisse,
1864 2198 2044 2264 cuius
2092 2222 2170 2265 ex
2216 2202 2497 2286 epitome
2536 2201 2808 2286 Sopatri

508 2306 878 2390 eclogarum
925 2304 1090 2370 liber
1138 2308 1355 2370 sextus
1403 2304 1691 2389 fluxerit,
1740 2304 1929 2370 docet
1973 2304 2160 2396 Phot.
2198 2307 2355 2373 bibl.
2393 2330 2455 2392 p.
2491 2308 2631 2373 103.

684 2412 845 2478 Post
891 2410 1263 2477 Schneideri
1316 2410 1823 2495 disputationem
1861 2410 2165 2496 Dionysii
2213 2414 2494 2479 studium
2533 2437 2807 2500 prorsus

508 2521 642 2586 fere
673 2521 1179 2605 explanaverunt
1195 2517 1648 2602 Wachsmuth,
1678 2517 1967 2602 Symbol.
1995 2542 2057 2604 p.
2089 2522 2216 2586 146
2237 2543 2370 2606 seq.
2400 2525 2467 2586 et
2484 2521 2694 2605 Daub,
2722 2522 2807 2587 de

510 2626 682 2692 Suid.
719 2650 780 2712 p.
817 2627 948 2690 410
977 2647 1125 2709 seq„
1163 2647 1435 2710 quorum
1474 2629 1743 2709 uterque
1784 2622 2167 2690 Callimachi
2204 2630 2486 2704 πίνακας
2514 2628 2808 2692 omnino·

510 2754 633 2817 que
679 2730 1222 2796 bibliothecarum
1261 2732 1595 2816 catalogos
1634 2731 1975 2816 primarios
2004 2731 2309 2816 Dionysii
2344 2733 2560 2799 fontes
2598 2735 2805 2800 fuisse

511 2837 718 2902 evicit.
809 2837 1025 2921 Atque
1067 2836 1136 2901 in
1182 2836 1584 2921 tragicorum
1630 2837 1781 2902 vitis
1827 2837 2197 2924 fragmenta
2241 2839 2555 2905 historiae
2601 2841 2805 2906 musi-

508 2966 620 3010 cae
660 2932 1012 3030 conspicua
1049 2949 1228 3010 sunt:
1269 2967 1328 3009 v.
1369 2942 1721 3028 Διογένης,
1757 2945 2114 3029 Κλεοφῶν,
2154 2944 2559 3029 Λυκόφρων,
2601 2951 2804 3011 Φιλο-

507 3051 688 3136 κλῆς,
727 3053 1147 3135 Σπίνθαρος,
1176 3044 1699 3135 Ἀπολλόδωρος,
1728 3047 2133 3136 Νικόμαχος,
2170 3055 2590 3137 Τιμησίθεος,
2624 3051 2803 3138 Φρύ-

509 3181 725 3241 νιχος,
764 3158 834 3221 in
867 3157 1286 3223 comicorum:
1325 3179 1383 3221 v.
1411 3158 1780 3241 Χιωνίδης,
1820 3154 2117 3242 Κράτης,
2146 3153 2460 3242 Εὔπολις,
2489 3155 2805 3243 Πλάτων,

512 3259 824 3345 Λεύκων,
871 3259 1384 3348 Κηφισόδωρος,
1435 3259 1726 3349 Φόρμος,
1778 3261 2135 3348 Φρύνιχος,
2183 3268 2499 3347 Καλλίας,
2545 3263 2803 3350 Στράτ-

509 3394 627 3452 τις,
665 3366 1070 3455 Νικοχάρης,
1108 3371 1459 3454 Νικοφῶν,
1503 3371 1903 3454 Φιλωνίδης,
1947 3367 2329 3454 Φιλύλλιος,
2367 3375 2804 3456 Σαννυρίων,

517 3479 862 3559 Φιλίσκος,
908 3477 976 3541 in
1015 3476 1371 3561 epicorum:
1420 3499 1474 3544 v,
1512 3477 1928 3561 Νίκανδρος,
1976 3470 2377 3561 Εὐφορίων,
2423 3472 2805 3562 Εὔμολπος,

499 3579 843 3667 Ἡσίοδος,
902 3579 1282 3664 Πανύασις,
1320 3577 1641 3667 ’Ἠριννα,
1698 3585 2042 3666 Χοιρίλος,
2094 3578 2402 3668 Ὀρφεύς,
2448 3589 2807 3664 Μουσαῖος

506 3687 667 3775 Ἐφ.,
700 3685 1069 3775 Ἀρριανός,
1105 3685 1451 3774 Ἀριστέας.
1525 3689 1871 3755 Praeterea
1910 3694 2127 3755 autem
2165 3690 2362 3754 etiam
2400 3689 2804 3774 Sibyllarum

511 3798 786 3864 indicem
817 3795 1190 3881 Suidanum,
1227 3795 1305 3859 de
1346 3817 1472 3880 quo
1503 3796 1878 3861 dubitanter
1906 3795 2047 3881 egit'
2068 3794 2305 3874 Maass,
2334 3796 2411 3860 de
2443 3794 2574 3860 Sib.
2601 3819 2663 3881 p.
2693 3797 2805 3880 54,

657 4040 709 4102 1)
755 4035 838 4091 De
876 4033 1081 4091 Daubii
1127 4031 1410 4087 sententia
1453 4030 1570 4086 dixi
1616 4030 1688 4086 ad
1732 4049 1784 4088 v.
1816 4026 2072 4102 Ὀρφεύς.
2146 4031 2229 4089 Cf.
2275 4029 2528 4102 eiusdem
2566 4031 2807 4088 Studien

511 4135 565 4186 p·
599 4121 716 4265 1428).
763 4194 997 4263 Rufum‚
1051 4191 1304 4262 Dionysii
1356 4192 1809 4263 epitomatorem,
1860 4191 2048 4263 potius
2097 4191 2311 4246 fontem
2366 4190 2635 4260 Hesychii
2686 4209 2808 4248 csse

515 4275 802 4331 contendit
847 4274 1017 4329 etiam
1063 4272 1468 4341 Wilamowitz‚
1517 4272 1781 4343 Antigon.
1829 4289 1937 4327 von
1983 4272 2111 4328 Kar.
2160 4291 2213 4342 p.
2252 4278 2355 4328 328
2404 4273 2519 4327 not.
2562 4277 2654 4340 12,
2706 4273 2811 4341 qui

515 4358 706 4406 tamen
745 4353 886 4410 alios
923 4354 1038 4409 iam
1076 4355 1246 4426 antea
1280 4351 1430 4406 idem
1467 4351 1741 4409 iudicasse
1776 4352 1991 4408 nescire
2029 4351 2265 4408 videtur.
