3025 4892
1105 172 1535 230 HESYCHIUS.
2332 174 2373 239 2
2386 176 2457 237 ll
2483 188 2507 211 ⁹

214 332 650 419 γραμματικόν.
747 333 898 416 περὶ
965 336 1103 401 τῶν
1162 331 1318 422 παρ’
1367 322 1629 426 ’ἢιήρφ
1685 333 2037 421 σχημάτων
2092 338 2463 423 ῥητορικῶν

210 444 406 523 βιβλία
447 438 539 524 β’,
585 438 736 526 περὶ
782 438 1154 521 συντάξεως
1190 438 1402 527 λόγου
1431 438 1728 510 Ἀττικοῦ
1772 446 1999 528 βιβλία
2036 441 2118 527 ε’,
2164 441 2313 525 περὶ
2347 444 2465 526 τῆς

206 541 345 611 καθ’
390 542 682 631 Ὅμηρον
740 546 1125 633 ῥητορικῆς,
1190 546 1339 633 περὶ
1401 550 1520 633 τῆς
1571 544 1862 635 Ὁμήρου
1922 548 2033 615 καὶ
2098 546 2464 625 Πλάτωνος

209 655 592 739 συμφωνίας,
641 658 944 737 ποικίλης
989 659 1436 740 φιλομαθείας
1481 659 1708 740 βιβλία
1753 653 1848 740 β’,
1893 659 2085 739 βίους
2127 655 2462 739 τραγικῶν

202 759 293 825 καὶ
333 762 659 845 κωμικῶν,
705 763 1053 846 βιβλιακῆς
1099 761 1436 847 ἐμπειρίας
1481 765 1709 848 βιβλία
1754 759 1846 847 γ’,
1894 761 1967 827 ἐν
2016 753 2116 838 οἷς
2163 756 2463 825 διδάσκει
2492 778 2518 818 ⁵

201 861 264 931 τὰ
318 865 603 952 κτήσεως
664 863 814 948 ἄξια
877 870 1104 952 βιβλία
1167 864 1300 955 (ὅτι
1364 864 1574 953 μόνος
1619 863 1909 955 Ὅμηρος
1968 870 2106 934 τῶν
2168 862 2466 953 ἀρχαίων

200 971 543 1060 ἕλληνίζει),
581 970 976 1059 περιήγησιν
1015 970 1398 1060 Περγάμου,
1434 974 1585 1061 περὶ
1621 977 1741 1041 τοῦ
1780 974 1855 1041 ἐν
1888 972 2221 1065 Περγάμῳ
2255 977 2467 1057 Σεβα-

198 1084 366 1147 στίου
409 1084 637 1165 βιβλία
681 1077 785 1165 β’,
839 1080 989 1167 περὶ
1043 1084 1180 1148 τῶν
1227 1076 1551 1167 Ἀθήνησι
1607 1085 2084 1170 δικαστηρίων,
2138 1079 2287 1164 περὶ
2330 1081 2468 1146 τῶν

192 1181 494 1272 Ἀθήνησι
557 1183 791 1272 νόμων
855 1186 966 1253 καὶ
1030 1187 1246 1269 ἐθῶν,
1310 1185 1461 1270 περὶ
1520 1189 1655 1253 τῶν
1712 1186 2079 1275 Περγάμου
2137 1186 2467 1271 βασιλέων

194 1297 400 1377 βιβλία
465 1291 549 1379 ε’,
614 1291 762 1379 περὶ
826 1288 1122 1378 χρήσεως
1193 1288 1343 1377 ῆτοι
1414 1287 1765 1379 ὀνομάτων
1824 1296 2107 1380 ἐσθῆτος
2169 1292 2279 1359 καὶ
2332 1296 2468 1361 τῶν
2498 1316 2549 1355 ιο

193 1397 400 1467 ἄλλων
443 1391 546 1477 οἷς
582 1395 898 1486 χρώμεθα
937 1397 1105 1488 (ἔστι
1158 1397 1233 1464 δὲ
1269 1396 1431 1465 κατὰ
1471 1401 1861 1487 στοιχεῖον),
1914 1400 2064 1487 περὶ
2099 1404 2217 1486 τῆς
2247 1396 2471 1467 Ὀδυσ-

193 1507 344 1586 σέως
386 1503 674 1592 πλάνης,
732 1499 1102 1572 ὠκυτόκιον
1155 1504 1324 1592 (ἔστι
1371 1505 1445 1572 δὲ
1493 1504 1850 1593 συναγωγὴ
1900 1507 2228 1575 ἐπιθέτων
2266 1511 2361 1585 είς
2395 1504 2470 1573 τὸ

192 1611 343 1681 αὐτὸ
397 1616 675 1701 πρᾶγμα
719 1608 1184 1700 ἁρμοζόντων,
1243 1610 1410 1699 πρὸς
1455 1613 1724 1701 ἕτοιμον
1771 1612 2093 1702 εὐπορίαν
2140 1612 2474 1701 φράσεως)

189 1725 403 1805 βιβλία
452 1717 524 1788 ι’.

356 1827 881 1895 DOCLXXXIV.
947 1825 1310 1913 Τιβέριος
1353 1825 1729 1915 φιλόσοφος
1766 1828 1879 1896 καὶ
1918 1826 2254 1915 σοφιστής.
2326 1826 2476 1912 περὶ
2506 1847 2557 1888 1⁶

195 1922 394 2001 ἰδεῶν
434 1932 644 2020 λόγου
689 1936 914 2018 βιβλία
960 1931 1052 2017 γ’,
1099 1933 1248 2018 περὶ
1285 1939 1727 2021 παρασκευῆς,
1774 1937 1925 2023 περὶ
1968 1932 2478 2023 μεταποιήσεως,

188 2040 335 2128 περὶ
383 2044 710 2127 ἱστορίας,
761 2039 910 2127 περὶ
957 2038 1168 2125 λόγου
1213 2037 1458 2120 τάξεως
1500 2042 1612 2109 καὶ
1660 2043 2065 2128 συνθέσεως,
2112 2041 2261 2128 περὶ
2309 2044 2477 2107 διαι-

187 2150 426 2233 ρέσεως
470 2147 709 2234 λόγου,
767 2147 916 2234 περὶ
963 2148 1331 2233 μεταβολῆς
1355 2146 1587 2233 ,λόγου
1632 2153 2008 2234 πολιτικοῦ,
2058 2147 2208 2235 περὶ
2255 2145 2477 2232 λόγων

190 2258 676 2338 ἐπιδεικτικῶν,
723 2252 872 2339 περὶ
917 2257 1301 2338 προλαλιῶν
1348 2252 1457 2320 καὶ
1503 2260 1911 2343 προοιμίων,
1957 2256 2108 2343 περὶ
2156 2256 2479 2340 ἐπιχειρη-

184 2361 442 2448 μάτων,
501 2360 652 2445 περὶ
701 2359 1193 2447 Δημοσθένους
1239 2360 1347 2427 καὶ
1396 2362 1867 2448 Ξενοφῶντος,
1914 2363 2064 2450 περὶ
2101 2358 2475 2446 εΗροδότου
2504 2384 2557 2423 20

185 2468 293 2535 καὶ
342 2469 786 2535 Θουκυδίδου.

368 2573 859 2641 DCCLXXXV.
914 2572 1355 2659 Τιμαγένης
1390 2578 1741 2659 βασιλικοῦ
1776 2575 2281 2664 άργυραμοιβοῦ
2308 2573 2477 2658 υἱός,

177 2677 678 2768 Ἀλεξανδρεύς,
735 2675 825 2757 ὥς
876 2678 955 2745 δέ
1001 2705 1206 2763 τινες,
1263 2678 1659 2765 Αἰγύπτιος,
1714 2680 1966 2769 ῥήτωρ,
2024 2678 2098 2761 ὃς
2142 2682 2248 2761 ἐπὶ
2293 2688 2479 2765 Πομ-

183 2794 388 2876 πηίου
454 2789 576 2854 τοῦ
641 2784 938 2871 μεγάλου
1001 2784 1415 2873 αἰχμάλωτος
1478 2785 1710 2873 ἀχθεὶς
1774 2790 1847 2856 ἐν
1891 2786 2109 2878 Ῥώμῃ
2170 2786 2302 2856 ὑπὸ
2356 2791 2482 2855 τοῦ

186 2898 516 2980 Γαβινίου
563 2889 872 2977 ἐξωνήθη
921 2888 1055 2959 ὑπὸ
1107 2890 1426 2959 Φαύστου
1477 2886 1604 2960 τοῦ
1648 2896 1802 2961 υἱοῦ
1849 2893 2125 2962 Σύλλου
2176 2893 2288 2962 καὶ
2335 2895 2479 2961 ἐσο-
2508 2926 2561 2967 25

186 3117 286 3187 qui
334 3115 507 3171 etiam
553 3118 684 3169 ante
740 3108 802 3167 ἐν
850 3110 934 3175 οἷς
979 3112 1245 3169 nonnulla
1296 3112 1566 3169 excidisse
1614 3114 1877 3184 opinatus
1924 3116 2032 3181 θεὶς
2089 3109 2202 3184 ἔγρ.
2254 3134 2304 3171 κ.
2352 3108 2476 3168 αὐτ.

192 3190 624 3267 Γραμματικόν,
662 3194 848 3265 βιβλία
885 3192 956 3227 **
995 3190 1062 3247 ἐν
1096 3191 1180 3255 οἷς
1215 3193 1308 3247 vel
1348 3190 1751 3264 Γραμματικόν
1792 3192 1902 3264 ἔγρ.
1956 3193 2053 3249 καὶ
2090 3188 2263 3256 αὐτὸς
2306 3212 2479 3263 γραμ·

189 3271 426 3349 ματικός
466 3275 676 3329 Malleo-
724 3273 848 3328 eoll.
898 3273 1067 3328 schol.
1096 3272 1159 3329 11.
1190 3273 1264 3342 X,
1297 3278 1426 3343 545,
1472 3273 1571 3328 καὶ
1622 3268 1795 3337 αὐτὸς
1849 3271 2229 3347 γραμματικά,
2289 3270 2351 3329 ἐν
2399 3272 2483 3336 οἷς

185 3358 364 3412 Daub
493 3361 525 3409 4
562 3355 944 3424 φιλομαθείας
979 3358 1025 3407 Δ
1062 3355 1413 3423 φιλομαθίας
1449 3355 1594 3425 vuly.
1727 3361 1759 3409 5
1798 3356 1917 3410 Ηοο
1956 3373 2096 3426 opus
2135 3354 2371 3426 Telephi
2408 3356 2480 3409 ab

187 3439 318 3507 ipso
351 3434 634 3504 Hesychio
670 3433 729 3487 in
766 3433 1143 3489 describendis
1180 3434 1312 3489 vitis
1349 3434 1665 3489 adhibissum
1697 3452 1814 3491 ease
1845 3438 2159 3505 suspicatur
2184 3436 2375 3502 Daub,
2412 3434 2482 3488 de

189 3515 348 3571 Suid.
385 3532 440 3583 p.
471 3520 574 3569 437
685 3519 716 3566 6
755 3507 843 3568 ὅτι
874 3517 975 3564 AV
1083 3513 1180 3568 καὶ
1217 3508 1293 3576 ὡς
1328 3517 1471 3585 vuly.
1583 3521 1643 3567 11
1684 3511 1828 3568 κατὰ
1868 3522 2145 3585 στοιχεῖον
2182 3517 2312 3584 post
2347 3510 2483 3567 πλά-

188 3616 296 3665 νης
331 3595 508 3649 habet
532 3599 578 3646 V
728 3599 790 3647 12
829 3588 1140 3647 ὠκυτόκιον
1170 3625 1234 3633 -
1266 3594 1394 3650 exst.
1433 3596 1491 3649 in
1530 3612 1701 3665 marg.
1736 3595 1909 3648 habet
1936 3599 1998 3663 V,
2035 3594 2094 3647 in
2132 3592 2287 3648 euius
2324 3596 2481 3648 textu

188 3678 458 3746 legunbur
495 3675 660 3729 haee:
700 3667 1010 3728 ὠκυτόκιον
1047 3673 1311 3744 τηλέφου.
1380 3675 1544 3730 τοῦτο
1590 3673 1655 3729 δέ
1696 3670 1843 3729 ἐστιν
1894 3669 2055 3738 ἄξιον
2094 3672 2191 3727 καὶ
2237 3671 2482 3740 κτήσεως

190 3753 336 3826 πρὸς
374 3750 654 3824 εὖπορίαν
692 3750 954 3822 φράσεως
988 3753 1085 3807 καὶ
1124 3750 1391 3825 ἐράσμιον

336 3832 755 3890 DCCLXXXIV
811 3838 874 3887 15
914 3831 1211 3904 φιλόλογος
1252 3835 1394 3891 coni.
1433 3836 1875 3890 Hemsterhusius
1985 3840 2048 3890 17
2086 3832 2213 3903 περὶ
2252 3836 2415 3887 συνθ.
2436 3838 2482 3885 V

198 3924 264 3973 18
303 3914 596 3985 ποιητικο”
620 3920 666 3967 V
775 3920 844 3968 20
881 3913 1010 3983 περὶ
1040 3910 1154 3985 Ἡρ.
1185 3948 1252 3955 -—
1282 3914 1413 3972 exit.
1444 3932 1551 3969 om.
1581 3922 1641 3969 V.
1701 3915 1959 3969 Ceterum
1988 3916 2062 3969 ab
2097 3913 2281 3967 indice
2311 3930 2481 3967 unum

198 3999 392 4053 abesse
429 3995 566 4051 libel
590 4013 683 4048 um
728 3993 887 4049 nobis
934 3997 1216 4049 servatum
1253 3994 1382 4064 περὶ
1426 3996 1538 4049 τῶν
1582 3992 1735 4065 παρὰ
1776 3994 2137 4064 Δημοσθένει
2183 3989 2481 4065 σχημάτων

197 4077 414 4134 monuit
448 4076 783 4144 Bernhardy

337 4154 730 4212 DCCLXXXV
779 4154 858 4211 Cf.
898 4155 1087 4222 Daub‚
1126 4154 1283 4209 Stud.
1321 4174 1377 4224 p.
1407 4162 1492 4211 72.
1566 4155 1648 4209 De
1695 4156 1813 4210 eius
1859 4155 2038 4209 morte
2084 4156 2152 4209 cf.
2194 4155 2392 4211 Suidas
2430 4174 2482 4214 v.

199 4239 526 4311 σφηνωθείς
703 4241 772 4289 23
809 4231 993 4306 ᾆήτωρ
1033 4238 1162 4304 post
1192 4231 1286 4290 Ἆλ.
1326 4234 1457 4290 libri
1636 4241 1704 4288 24
1742 4229 2115 4305 αἰχμάλωτοςε
2161 4235 2229 4290 of.
2252 4235 2483 4291 Waehs·

199 4320 384 4386 math,
423 4316 612 4385 symb.
651 4333 706 4383 p.
742 4321 840 4370 142
987 4320 1056 4369 25
1092 4312 1283 4370 Σόλου
1320 4320 1429 4369 vu
1462 4306 1467 4317 '

1955 4406 2060 4459 14*
