3025 4892
474 205 621 262 LXII
1335 203 1902 260 PROLEGOMENA.

477 368 644 433 masi
701 365 783 453 (c.
835 366 1014 450 103),
1079 367 1148 452 3)
1197 367 1554 453 Epiphanii
1610 363 1693 454 (c.
1736 364 1918 453 114),
1982 363 2055 454 4)
2113 366 2384 432 Eusebii
2442 365 2782 450 Pamphili

481 479 560 560 (c.
599 475 760 557 81),·
800 472 870 558 5)
925 472 1250 540 Theodori
1305 475 1441 539 sive
1497 472 1798 560 Gregorii
1854 472 1937 561 (c.
1975 475 2118 560 65),
2180 471 2250 559 6)
2307 473 2475 538 Iusti
2522 471 2780 536 Tiberi-

481 581 650 646 ensis
690 577 770 666 (c.
814 576 952 665 14),
1001 578 1070 666 7)
1118 579 1352 646 Iustini
1389 580 1761 665 philosophi
1809 578 1890 664 (c.
1928 579 2068 666 23),
2122 579 2191 666 8)
2237 579 2503 664 Iosephi
2549 577 2779 644 Iudaei

482 682 561 771 (c.
615 685 750 772 13),
823 685 894 770 9)
952 685 1270 752 Methodii
1326 683 1408 772 (c.
1455 687 1598 770 83),
1688 685 1795 770 10)
1860 685 2153 751 Philonis
2218 685 2439 750 Iudaei
2506 681 2587 770 (c.
2642 681 2781 770 11),

484 790 593 879 11)
625 791 964 876 Polycarpi
994 790 1075 879 (c.
1108 795 1217 877 173
1257 781 1454 870 οὗτος
1483 789 1597 859 διά
1627 816 1809 870 τινος
1838 792 2027 878 seq.),
2071 791 2179 880 12)
2218 791 2521 877 Origenis
2548 789 2631 878 (c.
2652 791 2782 874 543

479 896 815 982 τοσαύτην
863 896 938 963 δὲ
985 901 1130 984 ἔσχε
1170 937 1253 947 -
1294 901 1564 965 ἔκδοσιν
1610 903 1675 963 et
1712 901 1893 984 ἔζησε
1932 896 2007 965 δὲ
2038 937 2121 946 ——
2152 896 2555 985 ἐτελειώθη).
2633 896 2785 962 Sui-

481 1007 629 1070 dam
686 1005 906 1070 eadem
967 1005 1258 1071 versione
1315 1028 1551 1092 graeca
1609 1029 1798 1071 usum
1854 1028 2018 1090 esse,
2086 1028 2280 1091 quam
2345 1007 2595 1089 primus
2652 1005 2781 1089 sub

484 1111 831 1196 Sophronii
870 1112 1130 1177 nomine
1168 1113 1369 1177 edidit
1394 1112 1709 1178 Erasmus
1748 1111 2285 1200 (Lucubrationes
2324 1111 2705 1194 Hieronymi
2746 1110 2783 1173 I

483 1242 542 1302 p.
575 1217 706 1282 265
727 1239 858 1302 seq.
892 1217 1068 1298 [Bas.
1103 1216 1348 1305 1526])‚
1385 1220 1488 1284 vel
1518 1219 1706 1284 unius
1736 1220 1909 1286 vitae
1938 1217 2422 1305 Sophronianae
2460 1240 2608 1284 cum
2638 1215 2783 1281 Sui-

485 1325 654 1390 dana
691 1325 1177 1408 comparatione
1217 1325 1557 1413 evincitur,
1592 1325 1689 1390 ita
1725 1329 1800 1390 ut
1836 1325 2131 1392 Isaacum
2159 1326 2487 1409 Vossium,
2528 1325 2638 1409 qui
2675 1325 2785 1388 vel

481 1432 699 1516 ipsum
741 1431 1085 1496 Erasmum
1133 1433 1232 1497 vel
1280 1433 1619 1498 falsarium
1668 1432 1949 1498 eiusdem
1996 1433 2233 1498 aetatis
2281 1454 2577 1518 graecam
2622 1430 2785 1495 Hie-

483 1539 744 1622 ronymi
775 1539 1134 1603 versionem
1164 1539 1514 1604 confecisse
1543 1539 1837 1624 putabat,
1876 1560 2265 1624 magnopere
2292 1560 2539 1605 errasse
2568 1538 2786 1602 mani-

484 1645 724 1710 festum
771 1645 861 1710 sit
906 1641 1014 1731 (cf.
1062 1644 1426 1728 Fabricius,
1471 1644 1641 1710 Bibl.
1689 1646 1913 1712 eccleS.
1959 1669 2021 1730 p.
2064 1643 2193 1731 10).
2285 1645 2531 1711 Nostra
2576 1646 2787 1732 igitur

486 1771 720 1834 graeca
766 1748 1114 1834 Sophronii
1162 1751 1372 1816 versio
1421 1753 1669 1836 pariter
1708 1753 1989 1838 genuina
2036 1756 2138 1818 est
2174 1757 2371 1836 atque
2419 1774 2560 1834 eae,
2616 1773 2786 1836 quas

485 1857 623 1941 ipse
669 1856 1110 1941 Hieronymus
1158 1857 1236 1921 de
1283 1858 1400 1922 vir.
1446 1859 1541 1922 ill.
1575 1870 1629 1923 'c.
1671 1859 1798 1923 134
1843 1859 2084 1924 laudat.
2156 1857 2513 1924 Nonnullis
2561 1861 2786 1922 autem

485 1963 554 2027 in
591 1954 873 2028 vitarum
910 1963 1069 2028 locis
1122 1963 1425 2048 quoniam
1466 1963 1705 2030 Suidae
1750 1968 1967 2040 textus
2016 1987 2163 2031 cum
2211 1965 2353 2048 ipso
2391 1963 2787 2044 Hieronymi

487 2073 771 2135 tractatu
835 2070 1046 2154 magis
1103 2070 1411 2155 concinit,
1477 2092 1673 2155 quam
1731 2069 2081 2155 Sophronii
2136 2072 2349 2137 versio
2360 2120 2377 2155 ,
2432 2069 2786 2134 Erasmum

489 2197 677 2252 suum
726 2173 1073 2260 Sophronii
1120 2180 1370 2241 textum
1419 2198 1494 2241 ex
1536 2176 1860 2242 deteriore
1907 2178 2123 2264 aliquo
2163 2178 2544 2260 Hieronymi
2591 2176 2787 2260 libro,

489 2304 679 2367 quem
727 2283 796 2346 in
840 2283 1140 2349 manibus
1176 2283 1489 2366 habebat,
1538 2305 2005 2369 nonnunquam
2052 2284 2405 2350 correxisse
2453 2283 2787 2368 putandus

489 2393 590 2454 est
605 2386 652 2475 1)
663 2439 680 2472 ,
737 2371 1276 2473 quemadmodum
1331 2390 1713 2473 Hieronymi
1769 2393 2023 2456 textum
2078 2413 2155 2455 ex
2210 2411 2445 2475 graeca
2488 2389 2826 2454 versione·

489 2518 947 2580 nonnunquam
1013 2519 1080 2561 se
1145 2499 1436 2564 mutasse
1500 2496 1640 2579 ipse
1704 2497 2063 2564 confitetur.
2153 2495 2330 2573 Quae
2385 2518 2489 2561 res
2544 2495 2648 2560 vel
2704 2515 2787 2560 eo

489 2603 996 2686 demonstratur,
1053 2600 1226 2687 quod
1281 2606 1348 2668 et
1395 2600 1745 2686 Sophronii
1785 2606 1851 2668 et
1896 2601 2132 2668 Suidae
2178 2606 2395 2668 textus
2450 2601 2787 2668 nonnullis

489 2708 650 2773 locis
697 2708 958 2774 uberior
999 2714 1128 2792 est,
1174 2730 1367 2793 quam
1404 2709 1609 2794 ipsius
1646 2707 2057 2794 Hieronymi,
2104 2711 2215 2795 qui
2261 2708 2447 2774 nobis
2486 2707 2671 2772 libris
2718 2710 2791 2770 et

491 2815 883 2880 editionibus
921 2813 1202 2880 traditus
1228 2812 1406 2900 est.²)
1456 2815 1639 2893 Quod
1669 2819 1883 2903 autem
1916 2815 2373 2900 gravissimum
2409 2819 2529 2899 est,
2564 2815 2634 2879 in
2668 2836 2790 2878 no-

493 2923 628 2984 stro
663 2919 896 2985 Suidae
935 2923 1115 2985 textu
1155 2921 1408 3004 saepius
1449 2923 1644 2986 etiam
1682 2923 2011 2988 uberiores
2042 2925 2109 2988 et
2135 2922 2433 2987 meliores
2470 2921 2791 2986 lectiones

497 3143 680 3209 1879),
729 3141 798 3195 de
848 3157 959 3209 qua
1002 3139 1312 3195 rectissime
1358 3139 1749 3195 iudicaverunt
1792 3141 2065 3196 Harnack
2108 3141 2169 3195 in
2214 3140 2408 3196 Theol.
2458 3140 2597 3195 Litz.
2650 3145 2791 3195 1880

493 3237 547 3288 p.
571 3225 694 3286 631,
721 3219 1066 3290 Junymann,
1086 3220 1283 3276 Annal.
1305 3218 1442 3289 phil.
1467 3224 1603 3273 1880
1623 3237 1677 3288 p.
1696 3225 1799 3275 497
1810 3237 1924 3290 seq.
1955 3223 2014 3276 et
2031 3219 2257 3285 Quaest.
2280 3219 2527 3276 Gennad.
2549 3238 2605 3290 p.
2625 3226 2792 3286 2seq.

493 3297 664 3367 (Lips.
700 3303 878 3368 1881).
2150 3331 2157 3338 ·

641 3379 690 3446 1)
735 3379 926 3434 Pauca
959 3379 1140 3434 instar
1185 3377 1432 3433 omnium
1482 3377 1742 3449 exempla
1778 3379 2033 3435 afferam:
2090 3383 2143 3450 1)
2184 3381 2419 3436 Φίλων.
2457 3379 2681 3433 Hieron.
2722 3380 2791 3433 de

492 3458 802 3514 inventione
837 3461 972 3514 liber
1007 3475 1180 3524 unae,
1225 3457 1376 3513 Suid.
1415 3457 1547 3526 περὶ
1584 3455 1899 3530 εὑρήματος
1936 3458 2017 3529 α’,
2066 3461 2235 3531 Soph.
2270 3461 2403 3528 περὶ
2450 3455 2789 3530 εὑρήματος.

495 3540 548 3608 2)
584 3533 890 3602 Ἰοῦστος.
947 3539 1174 3595 Hieron.
1212 3539 1408 3592 Iustus
1447 3539 1775 3594 Tiberiensis
1813 3543 2035 3609 (parum
2072 3543 2331 3596 accurate
2359 3538 2613 3608 Herding
2648 3536 2791 3607 legit

495 3619 803 3689 Iustinus),
843 3619 996 3675 Suid.
1032 3615 1268 3680 Ἰοῦστος
1300 3615 1617 3692 Τιβεριεύς,
1658 3617 1824 3689 Soph.
1860 3615 2097 3683 Ἰοῦστος
2130 3615 2478 3692 Τιβεριάδος.
2536 3620 2592 3686 3)
2626 3613 2790 3672 'Iov-

495 3704 740 3762 στῑνος.
807 3701 1034 3755 Hieron.
1089 3704 1140 3754 et
1193 3699 1341 3753 alius
1385 3699 1547 3768 liber,
1597 3717 1752 3768 quem
1780 3703 2136 3770 praenotavit
2180 3700 2433 3769 Paculam,
2486 3698 2639 3755 Suid.
2690 3699 2793 3752 καὶ

495 3773 660 3848 ἄλλη,
699 3773 771 3848 ἣν
809 3776 1066 3850 ὠνόμασε
1100 3775 1350 3848 ψάλτην,
1389 3778 1560 3847 Soph.
1600 3779 1697 3833 καὶ
1734 3777 1901 3836 ἄλλον
1940 3775 2198 3851 ὠνόμασε
2228 3776 2465 3850 ψάλτην.
2530 3781 2584 3848 4)
2624 3775 2793 3832 Θεό-

495 3861 723 3928 δωρος.
776 3859 1000 3918 Hieron.
1039 3861 1413 3915 Neocaesarea
1450 3860 1624 3914 Ponti
1659 3860 1849 3929 (Ponti
1886 3877 2070 3915 errore
2106 3857 2517 3930 typographico
2555 3858 2617 3912 in
2651 3857 2791 3913 Here

495 3938 652 4008 dingi
698 3940 782 3994 ed.
832 3939 1224 4008 desideratur),
1274 3937 1428 3994 Suid.
1467 3941 1921 4010 Νεοκαισαρείας
1966 3941 2067 4010 τῆς
2114 3935 2176 3994 ἐν
2222 3940 2298 4010 τῷ
2340 3933 2569 4010 Πόντῳ,
2619 3935 2792 4007 Soph.

495 4021 964 4086 Νεοκαισαρείας.

639 4101 694 4168 2)
732 4097 855 4152 Hoc
893 4099 1209 4168 exemplum
1243 4099 1491 4154 enotavi:
1534 4101 1769 4157 Φίλων.
1823 4099 2049 4155 Hieron.
2078 4099 2179 4154 sub
2208 4099 2479 4168 Caligula,
2512 4097 2664 4151 Suid.
2696 4091 2797 4152 ἐπὶ

500 4177 678 4232 Γαΐου
716 4174 1057 4253 Καλλιγόλᾳ,
1107 4177 1277 4248 Soph.
1319 4175 1412 4232 ἐπὶ
1451 4179 1631 4235 Γαΐου
1669 4177 2003 4250 Καλλιγόλα.
2077 4181 2155 4234 At
2200 4180 2303 4233 sub
2342 4179 2487 4233 Gaio
2534 4177 2797 4246 Galiyula

497 4257 1006 4325 praestantissimus
1049 4258 1380 4328 Hieronymi
1425 4260 1599 4314 codex
1650 4263 1721 4314 ab
1761 4261 2050 4316 Schoeneo
2097 4275 2359 4313 ‚excussus
2408 4257 2665 4327 praebet:
2692 4259 2796 4320 ,cfl

499 4335 774 4405 Herding,
813 4339 988 4406 praef.
1025 4357 1078 4408 p.
1108 4339 1227 4395 XV.
