3025 4892
1159 166 1588 227 HESYCHIUS.
2391 175 2518 240 135

195 330 609 418 κοννήσιος,
660 328 1036 417 φιλόσοφος
1072 329 1520 411 Πλατωνικός.
1601 335 1845 417 ἔγραψε
1883 332 2227 420 φιλόσοφα
2269 335 2378 403 καὶ
2420 342 2514 417 εἰς

197 434 350 525 τὴν
400 437 762 515 Πλάτωνος
805 440 1145 512 πολιτείαν
1191 439 1416 521 βιβλία
1463 436 1552 523 γ’.

402 546 506 612 DI.
583 542 1060 631 Μάναιχμος
1105 542 1506 629 Σικυώνιος,
1555 542 1701 624 υίὸς
1731 542 2067 632 Ἀλκιβιόυ
2112 542 2153 633 ἢ
2193 544 2512 635 Ἀλκιβιά-

192 656 386 737 δου,
430 650 778 741 ἱστορικός.
850 651 1084 738 γέγονε
1122 649 1196 719 δὲ
1236 651 1341 717 ἐπὶ
1377 655 1514 719 τῶν
1553 649 1908 739 διαδόχων.
2002 657 2291 741 ἔγραψεν
2340 657 2513 723 ἱστο-

195 762 381 842 ρίαν
424 757 545 846 τὴν
591 755 757 827 κατὰ
804 756 924 825 τὸν
964 755 1331 825 Μακεδόνα
1373 752 1833 845 Ἀλέξανδρον.
2542 785 2569 824 5

403 868 545 934 DH.
627 864 1026 943 Μάνεθως
1097 866 1453 949 Μένδητος
1516 867 1633 949 τῆς
1698 866 2077 951 Αἰγύπτου,
2152 864 2510 956 ἀρχιερεύς.

201 975 472 1057 ἔγραψε
517 973 668 1060 περὶ
713 974 1123 1056 κατασκευῆς
1167 975 1449 1056 κυφίων.

393 1090 570 1155 DIII.
606 1093 695 1154 M
697 1084 1002 1165 άνεθως
1025 1084 1455 1163 Διοσπόλεως
1481 1089 1599 1171 τῆς
1620 1085 1964 1171 Αἰγύπτου
1991 1084 2032 1172 ἢ
2063 1090 2509 1178 Σεβεννύτης.

188 1192 690 1280 φυσιολογικά,
739 1189 1298 1278 άποτελεσματικὰ
1346 1188 1438 1259 δι’
1483 1194 1663 1259 ἐπῶν
1710 1192 1821 1259 καὶ
1868 1190 2037 1261 ἄλλα
2078 1194 2229 1263 τινὰ
2270 1194 2505 1287 ἀστρο-

187 1299 617 1388 νομούμενα.
2540 1331 2589 1371 ιο

391 1409 567 1498 DIV.
615 1406 980 1495 Μάξιμος
1025 1404 1268 1491 Τύριος
1305 1404 1702 1492 φιλόσοφος,
1741 1408 2036 1493 διέτριψε
2077 1408 2151 1477 δὲ
2188 1412 2261 1477 ἐν
2291 1407 2507 1500 Ῥώμῃ

195 1514 317 1580 ἐπὶ
381 1514 723 1601 Κομόδου.
814 1513 965 1601 περὶ
1024 1509 1344 1599 Ὁμήρου,
1400 1512 1510 1579 καὶ
1558 1516 1657 1591 τίς
1710 1509 1753 1598 ἡ
1817 1512 1977 1602 παρ’
2028 1514 2207 1608 αὐτῷ
2264 1514 2509 1605 ἀρχαία

192 1626 618 1707 φιλοσοφία,
686 1625 746 1687 εί
801 1624 1018 1697 καλῶς
1065 1617 1432 1707 Σωκράτης
1480 1615 1603 1686 οὐκ
1648 1615 2135 1709 ἀπελογήσατο,
2181 1625 2292 1691 καὶ
2339 1623 2509 1692 ἄλλα

197 1726 370 1794 τινὰ
417 1727 760 1814 φιλόσοφοι
808 1725 1153 1813 ζητήματα.

385 1844 527 1910 DV.
624 1841 1033 1929 Μάξιμος
1105 1839 1506 1926 Ἠπειρώτης
1561 1836 1604 1927 ἢ
1669 1842 2037 1925 Βυζάντιος
2102 1844 2495 1932 φιλόσοφος,
2538 1872 2588 1910 15

191 1948 612 2027 διδάσκαλος
651 1950 1030 2019 Ἰουλιανοῦ
1068 1952 1410 2034 Καίσαρος
1446 1950 1567 2014 τοῦ
1605 1948 2013 2036 παραβάτου.
2070 1957 2316 2040 ἔγραψε
2352 1954 2503 2041 περὶ
2578 1976 2592 1989 ·

192 2234 312 2270 om.
347 2218 499 2271 Eud.
639 2226 670 2273 2
710 2215 812 2288 τὴν
843 2247 906 2256 --
938 2215 1228 2269 πολιτείαν
1265 2215 1452 2284 recepi
1491 2230 1558 2268 ex
1586 2213 1737 2269 Eud.
1775 2212 1877 2278 τὰς
1908 2247 1967 2255 -
2000 2220 2287 2281 πολιτείας
2325 2220 2506 2287 Suid„

195 2296 268 2349 cf.
315 2317 369 2352 v,
405 2292 777 2368 Ὀνόσανδρος
1023 2309 1032 2315 “

346 2385 426 2439 DI
463 2386 614 2439 Eud.
656 2404 708 2455 p.
739 2390 859 2439 493.
920 2383 1001 2438 Cf.
1041 2382 1270 2451 Mffller,
1308 2382 1509 2453 Script.
1539 2384 1625 2438 Al.
1661 2402 1713 2453 p.
1748 2390 1847 2439 145
1958 2392 1990 2439 3
2029 2384 2338 2455 Μάνεχμος
2373 2405 2502 2457 pars

187 2465 330 2520 libr.
371 2464 707 2536 Μέναιχμος
749 2481 887 2518 corr.
931 2464 1142 2519 Mallem·
1321 2469 1352 2517 5
1401 2465 1513 2517 τῶν
1560 2464 1762 2519 maluit
1799 2464 2066 2533 Gaisford
2112 2465 2186 2522 al.
2224 2462 2326 2535 τὴν
2374 2467 2504 2522 libri

190 2545 366 2601 Suid.
401 2546 552 2600 Eud.

345 2626 453 2679 DII
489 2643 598 2680 om.
621 2626 895 2679 Westerm.
936 2624 1167 2679 Tractat
1192 2623 1397 2678 Mfiller
1423 2625 1476 2679 II
1501 2644 1556 2695 p.
1578 2630 1679 2680 511
1784 2634 1817 2681 6
1846 2624 2141 2690 Μάνεθως
2159 2632 2309 2681 ABV
2337 2625 2500 2683 Μάν-

197 2710 395 2767 αιθως
429 2706 530 2760 rel.
560 2702 860 2773 Μένδητος
889 2702 1090 2773 scripsi
1125 2704 1371 2758 monitus
1409 2721 1443 2757 a
1477 2706 1854 2763 Gutschmidio
1890 2708 2041 2776 (coll.
2070 2728 2119 2763 v.
2149 2712 2305 2764 Μαν.
2338 2715 2500 2763 Aaou·

189 2780 440 2855 πόλεως)
477 2782 714 2854 Μένδης
749 2788 892 2855 vuly.
924 2781 1225 2852 Μενδύτης
1263 2784 1403 2839 coni.
1443 2788 1765 2841 Holstenius
1812 2787 1882 2841 ad
1924 2788 2113 2857 Steph.
2162 2807 2215 2843 v.
2245 2788 2501 2857 Μένδης,

190 2868 495 2935 Μενδίτης
523 2866 612 2921 vel
641 2861 969 2933 Μενδήσιος
999 2866 1285 2921 KusteruS.
1327 2864 1619 2932 Gaisfordi
1645 2867 2156 2935 interpunctionem
2195 2869 2292 2937 τῆς
2332 2864 2494 2937 Αἰγύ-

191 2966 346 3000 πτου
377 2940 498 3015 άρχ.
531 2947 760 3000 sustulit
785 2946 1144 3015 Bernhardy,
1179 2945 1275 3013 qui
1305 2948 1605 3014 utrumque
1626 2945 2021 3001 Manethonem
2052 2964 2119 3001 ex
2148 2965 2258 3002 uno
2288 2949 2497 3003 facturn

190 3042 316 3079 esse
374 3026 687 3093 suspicatus
743 3027 853 3093 est,
915 3025 1064 3093 quod
1117 3024 1462 3094 improbavit
1516 3026 1860 3093 Gutschmid3
1926 3027 2162 3081 alterum
2221 3046 2497 3081 summum

191 3104 450 3174 Aegypti
492 3106 837 3161 sacerdotem
885 3106 1054 3160 fuisse
1113 3108 1335 3159 constat
1388 3100 1685 3174 ἀρχιερεύς
1738 3104 1864 3159 libr.
1925 3108 2061 3161 Par.
2121 3104 2303 3175 ἷερεύς
2349 3114 2394 3160 V
2441 3108 2498 3161 in

191 3201 380 3254 marg.
418 3187 561 3254 vulg).

352 3264 482 3315 DIII
531 3264 610 3319 cf.
641 3264 844 3337 Msiller
879 3267 916 3319 l.
955 3283 1029 3332 c.;
1069 3264 1308 3334 Syncell.
1349 3283 1402 3334 p.
1435 3270 1529 3331 23,
1560 3270 1619 3333 9,
1667 3281 1778 3333 quo
1814 3265 1940 3319 loco
1988 3268 2182 3320 auctor
2225 3266 2355 3321 libri
2400 3269 2497 3335 τῆς

195 3339 445 3406 Σώθεος
483 3362 542 3399 se
590 3346 786 3401 laudat
821 3346 975 3416 γένει
1013 3342 1367 3414 Σεβεννύτης
1403 3340 1675 3414 ὑπάρχων
1718 3340 2164 3413 “Ηλιουπολίτης;
2212 3338 2247 3414 ἢ
2290 3353 2495 3401 Λιοπο-

196 3426 358 3494 λίτης
393 3442 495 3493 pro
527 3421 638 3480 Ἡλ.
681 3444 814 3481 corr.
857 3426 1178 3480 Gutschmid

348 3502 476 3557 DIV
515 3504 666 3560 Eud.
706 3524 762 3576 p.
799 3511 905 3558 494
1053 3511 1114 3558 11
1165 3503 1228 3558 δὲ
1279 3521 1385 3566 om,
1426 3504 1607 3569 Eud„
1654 3521 1794 3573 quae
1838 3506 1967 3571 post
2004 3501 2270 3574 Κομόδου
2308 3506 2497 3576 pergit

200 3582 422 3653 ἔγραψε
462 3582 703 3647 πολλοὺς
741 3580 1088 3653 φιλοσόφους
1128 3581 1350 3653 λόγους,
1391 3576 1468 3638 ὧν
1507 3585 1750 3654 πρῶτος,
1788 3586 1871 3645 τίς
1909 3578 1937 3635 ὃ
1978 3579 2119 3645 θεὸς
2156 3580 2299 3639 κατὰ
2338 3583 2494 3638 Πλά-

200 3684 358 3718 τωνα
396 3664 465 3719 de
504 3664 705 3733 quibus
745 3665 810 3719 cf.
851 3666 1069 3719 Unters.
1108 3683 1160 3733 p.
1201 3671 1296 3732 41,
1346 3664 1535 3730 Daub,
1575 3665 1642 3719 de
1680 3663 1826 3719 Viol.
1869 3682 1923 3732 p.
1965 3670 1995 3717 6
2034 3664 2189 3727 Mag.
2232 3668 2363 3732 Τυρ.
2405 3661 2493 3718 λό-
2584 3678 2597 3694 ·

198 3766 299 3812 γος
339 3744 466 3814 περὶ
504 3746 605 3799 τοῦ
644 3747 728 3807 τίς
761 3741 789 3796 ὁ
819 3740 962 3807 θεὸς
991 3741 1134 3798 κατὰ
1167 3742 1443 3798 Πλάτωνα
1481 3745 1539 3797 in
1569 3744 1827 3813 catalogo
1856 3744 2124 3797 librorum
2155 3742 2494 3797 Graecorum

201 3826 535 3892 Veronensi,
574 3842 739 3893 quem
777 3823 1022 3893 inspexit
1059 3823 1430 3891 Studemund,
1468 3825 1707 3878 inveniri
1744 3823 1961 3878 monuit
2001 3823 2203 3889 Pulch,
2241 3822 2307 3876 de
2348 3822 2492 3877 Viol.

200 3923 253 3973 p.
288 3912 372 3959 86.
437 3905 596 3970 Quod
638 3904 964 3973 opusculum
1001 3904 1249 3973 plut-iens
1289 3902 1499 3957 editum
1539 3902 1705 3957 hodie
1744 3904 1932 3955 extare
1959 3904 2152 3954 notum
2184 3902 2282 3954 est.
2332 3901 2488 3956 Cete-
2542 3947 2559 3963 .

201 4003 326 4038 rum
363 3988 496 4039 ante
536 3980 629 4037 ἐπὶ
667 3980 933 4053 Κομόὸου
982 3983 1251 4037 excidisse
1291 3983 1482 4052 μέχρις
1522 3982 1609 4035 vel
1648 3981 1761 4035 tale
1799 3981 1932 4048 quid
1971 3980 2151 4035 visum
2190 3981 2277 4034 est
2310 3980 2486 4034 Bern-

203 4064 414 4135 hardyo
453 4062 666 4132 ἔγραψε
709 4062 836 4132 περὶ
870 4065 1015 4133 vulq.
1058 4061 1270 4132 ἔγραψε
1311 4080 1420 4119 om.
1459 4067 1663 4114 ABVE

345 4153 447 4208 DV
485 4153 635 4206 Eud.
679 4152 712 4205 l.
743 4167 808 4220 c.‚
846 4168 990 4220 quae
1027 4153 1100 4206 ad
1137 4154 1367 4207 verbum
1405 4169 1531 4206 cum
1566 4150 1739 4205 Suida
1776 4149 2050 4205 consentit
2224 4154 2290 4202 15
2323 4144 2485 4216 Ἐφέ-

205 4249 320 4295 σιος
355 4251 456 4301 pro
490 4227 826 4300 Ἠπειρώτης
855 4231 1119 4300 Socrates,
1158 4233 1298 4287 Hist.
1331 4232 1465 4287 eccl.
1495 4232 1590 4300 111,
1616 4238 1663 4300 1,
1706 4230 1803 4300 qui
1833 4229 2033 4284 Iuliani
2070 4232 2489 4300 praeceptorem

204 4329 237 4364 a
275 4312 540 4382 Byzantio
579 4309 876 4379 distinguit
